3134 4984
183 403 246 468 tna
427 427 517 472 uses
534 427 660 490 earne,
677 429 920 476 nrseearerro
935 431 1107 494 suenum,
1123 435 1200 480 cre.
1216 415 1258 480 Il.
1323 415 1326 422 '

182 547 334 610 o‘tnnibus
349 547 513 628 alimenta,
529 569 611 631 qnos
627 552 718 615 nullo
733 553 829 616 modo
844 554 1060 620 exhaeredare
1076 557 1193 637 liceret,
1217 568 1275 621 aut
1290 558 1461 624 orthodoxos

151 719 156 730 ,
182 654 351 716 haereticis
366 659 566 739 posthabere,
590 661 610 722 l.
630 661 679 723 13.·
696 662 753 739 19.,
770 672 802 723 et
827 664 1016 728 authentica
1036 679 1190 748 sequente
1205 668 1274 731 eod.
1297 670 1336 730 de
1350 670 1459 748 haeret,

181 749 264 828 Nor.
282 765 350 827 115.
367 785 436 848 cap.
452 766 521 834 at.
537 768 577 846 4.,
593 787 664 830 ean.
681 771 710 832 7.
726 788 814 834 catis.
833 772 859 832 1.
875 781 999 852 quaest.
1016 773 1045 835 4.
1089 774 1154 836 Sed
1170 781 1190 837 a
1212 775 1340 841 saeetrlo
1353 775 1462 836 decimo

181 871 280 948 tertie,
295 889 376 932 eove
392 873 516 954 magios
542 887 613 956 post
629 875 733 958 legem
760 878 923 958 Frideriei,
951 879 996 943 ita
1007 882 1217 962 publicantur
1239 881 1324 944 bona
1339 893 1461 964 paterna,

180 987 217 1042 ut
232 979 314 1042 nihil
331 981 436 1044 liberis
451 993 523 1046 utut
538 984 724 1048 orthodoxis
739 1001 926 1067 reservetur,
942 1009 1012 1072 cap.
1031 992 1088 1068 10,
1104 1002 1137 1052 et
1154 991 1200 1052 13.
1217 1011 1300 1053 vers
1317 989 1465 1056 Dumnaci

180 1085 221 1150 de
236 1086 355 1150 haeret.
370 1109 439 1172 eep.
458 1093 506 1155 19.
522 1091 591 1154 eod.
609 1093 653 1157 tit.
670 1095 703 1156 in
719 1099 749 1156 6.
793 1097 897 1159 Immo
913 1117 1018 1179 neque
1033 1099 1234 1162 admittenda
1250 1113 1299 1162 est
1314 1099 1464 1176 distinctio,

180 1217 223 1261 an
239 1209 314 1260 ante
329 1211 497 1280 paternam
523 1203 691 1283 haeresim,
706 1225 749 1268 an
765 1218 836 1288 post
850 1207 1008 1272 haeresim
1026 1212 1094 1274 nati
1118 1211 1174 1273 lilii
1191 1211 1319 1290 suerint,
1334 1213 1372 1273 ob·
1386 1229 1464 1292 gene-

180 1307 261 1369 ralia
275 1311 542 1375 constitutionum
568 1315 675 1394 verha;
693 1315 769 1378 item
784 1335 827 1378 an
851 1329 941 1396 pater
956 1315 989 1380 in
1005 1319 1165 1403 haeresim
1188 1319 1343 1398 inciderit,
1358 1339 1395 1380 en
1410 1337 1465 1380 uta·

180 1427 236 1495 ter,
251 1429 416 1500 propterea
440 1420 527 1502 quod
542 1421 728 1484 constitutio
753 1423 908 1486 Frideriei
924 1425 964 1486 de
989 1427 1156 1489 haereticis
1184 1429 1360 1512 utriusque
1383 1447 1467 1489 serus

179 1541 330 1604 expresse
355 1537 509 1608 concepte
525 1530 574 1591 sit.
618 1527 669 1590 Ad
686 1527 930 1593 similitudinem
945 1532 1043 1614 hujus
1058 1551 1188 1612 poeitae,
1212 1553 1297 1616 quae
1314 1533 1467 1595 haeretieo-

180 1653 251 1698 rum
268 1634 343 1698 filiis
370 1645 442 1698 utut
456 1635 643 1699 orthodoxis
657 1635 897 1719 quodammodo
913 1639 1034 1702 inflicta
1048 1652 1104 1718 est,
1122 1642 1261 1706 similem
1285 1661 1416 1724 poenam
1430 1640 1466 1700 iu·

179 1737 262 1804 dixit
287 1742 474 1806 Alexander
500 1745 553 1806 IV.
580 1745 614 1808 iu
637 1765 707 1828 cap.
733 1747 762 1808 2.
790 1745 830 1808 de
855 1747 1024 1810 haereticis
1050 1749 1084 1811 in
1107 1752 1136 1814 6.
1163 1753 1274 1814 versio.
1315 1750 1469 1815 Haeretici

179 1861 299 1930 eutem,
326 1853 381 1916 ubi
397 1854 518 1932 statuit,
543 1871 584 1915 ne
610 1853 844 1917 haeretieorum
871 1850 929 1917 lilii
956 1875 1059 1937 nsque
1084 1855 1127 1919 ad
1150 1856 1331 1920 secundam
1355 1873 1469 1938 genera.

178 1956 301 2020 tionem
330 1958 373 2019 ed
404 1958 510 2022 ullum
539 1960 793 2026 ecclesiasticum
822 1963 1026 2043 beneficium,
1055 1983 1113 2027 seu
1141 1965 1286 2028 officium
1317 1965 1470 2047 publieuut

178 2036 439 2149 admitterentur',
469 2089 571 2152 quarn
600 2055 870 2149 constitutionemv
896 2076 941 2137 ita
972 2075 1149 2156 explicavit
1178 2073 1368 2168 Bonifaeius
1396 2069 1471 2136 lllll.

107 2165 110 2172 ’
178 2179 213 2242 iu
239 2197 309 2261 cap.
338 2182 385 2244 15.
410 2190 446 2243 ut
471 2182 498 2243 si
525 2181 566 2243 de
590 2193 725 2264 paterna
752 2183 838 2246 linea
860 2194 1015 2266 ageretur,
1042 2203 1145 2265 usque
1171 2184 1214 2247 ad
1240 2181 1428 2258 seeundum,
1449 2179 1471 2240 si

178 2283 219 2348 de
245 2295 399 2364 materna,
426 2287 469 2349 ad
499 2287 646 2370 primum
661 2301 789 2356 tanturn
815 2292 953 2374 gradeio
982 2291 1157 2356 referretur.
1211 2283 1407 2356 Mamorarit
1425 2288 1475 2352 ibi·

178 2393 254 2456 dem
268 2395 456 2484 Bouiiacius
482 2399 744 2462 constitutionem
771 2401 958 2480 innocentii,
982 2410 1013 2462 et
1036 2399 1215 2463 Alexandri
1239 2419 1375 2464 suonam
1396 2413 1473 2482 prae·

178 2503 393 2586 decessorum,
420 2525 486 2588 qna
502 2509 584 2571 inre
609 2509 794 2572 constitutio
808 2508 987 2573 Alexandri
1003 2509 1137 2592 adparet
1151 2509 1184 2577 in
1200 2510 1288 2572 dieto
1309 2529 1382 2593 eap
1396 2509 1432 2586 2.,
1447 2513 1476 2566 at

177 2613 364 2676 constitutio
379 2615 560 2679 innocentii
575 2617 642 2680 alia
657 2637 728 2680 esse
743 2619 863 2700 nequit,
878 2635 979 2700 quam
995 2637 1079 2701 quae
1095 2619 1355 2703 laudelurapud
1370 2621 1475 2700 Grego-

178 2725 262 2788 rium
277 2726 338 2789 IX.
354 2727 388 2789 in
403 2745 478 2810 cap:
501 2729 549 2791 10.
565 2731 607 2792 de
621 2731 749 2810 haeret,
777 2731 832 2794 ubi
847 2731 1037 2812 generaliter
1052 2731 1196 2795 traditur.
1212 2749 1279 2795 non
1294 2747 1475 2815 repugnare

178 2834 264 2897 filios
277 2837 319 2899 ob
333 2837 453 2900 crimen
469 2847 640 2920 paternum
655 2839 852 2922 quandoque
867 2841 982 2922 pnniri·
1023 2841 1097 2905 Non
1112 2851 1220 2905 tamen
1235 2859 1300 2924 ego
1313 2855 1478 2916 censerent,

177 2941 373 3032 dejiciendos
398 2949 538 3029 agredu
563 2947 779 3012 eeclesiastico
789 2951 859 3032 jam
885 2949 1102 3032 adeptoiilios
1123 2951 1364 3034 haeretieorum
1385 2949 1479 3012 ortho-

177 3055 280 3119 dexos
295 3057 337 3120 ob
345 3067 528 3139 paternum,
544 3068 771 3122 metemumve
785 3061 917 3140 cumen,
933 3076 1103 3142 quousque
1118 3077 1269 3143 expresse
1281 3061 1317 3124 iu
1329 3061 1403 3144 jere
1413 3073 1491 3148 eati-h

177 3173 248 3229 tum
264 3165 298 3228 id
323 3185 388 3230 nou
404 3165 650 3248 demonstretur;
678 3187 755 3232 eum
770 3168 861 3232 aliud
876 3169 924 3250 sit,
942 3168 1085 3249 aliquem
1111 3165 1154 3230 ad
1168 3165 1330 3231 benefieia
1353 3183 1417 3229 nen
1431 3159 1480 3224 ad·

177 3275 270 3354 mitti,
286 3273 387 3356 aliud,
403 3285 435 3339 et
449 3275 582 3358 quidem
597 3277 754 3355 acerbius,
770 3277 913 3359 aliquem
924 3279 991 3361 jam
1018 3279 1077 3340 rite
1091 3275 1275 3340 admissum
1289 3295 1354 3341 sno
1363 3279 1434 3361 jure
1447 3272 1482 3335 si·

177 3402 219 3458 ne
235 3385 362 3467 propria
376 3385 474 3468 eulpa
490 3385 630 3466 spoliari,
646 3396 744 3467 atque
758 3387 896 3450 obhano
910 3402 986 3465 rem,
1003 3386 1059 3448 uhi
1070 3403 1223 3469 expressa
1238 3387 1389 3470 poenalis
1400 3399 1482 3447 entis·

177 3495 285 3559 titutio
299 3493 398 3575 deest,
425 3513 490 3557 non
506 3493 582 3558 lieet
595 3495 638 3558 ab
654 3513 720 3560 nna
734 3494 777 3556 ed
803 3493 939 3570 alteram
954 3494 1094 3577 speciem
1115 3494 1351 3576 argumentari.
1394 3486 1484 3554 'Adde

178 3603 239 3684 his,
255 3605 344 3687 quod
359 3604 432 3686 quis
458 3623 524 3668 non
539 3604 731 3668 admittatur
755 3603 799 3665 ad
813 3601 980 3682 benefieia,
1006 3603 1274 3684 irregularitatem
1299 3601 1378 3680 diei,
1404 3599 1484 3680 qnae

178 3699 244 3778 non
262 3731 388 3794 semper
401 3729 508 3795 poena
523 3723 579 3792 est,
596 3711 654 3776 sed
668 3711 866 3795 quandoque
880 3707 1020 3794 simplei
1035 3711 1317 3794 impedimentum
1335 3707 1425 3792 quad
1438 3723 1485 3767 re·

179 3823 303 3906 requie
318 3821 360 3886 ab
374 3819 492 3906 adepto
512 3821 670 3888 beneficio
684 3821 870 3886 deturbetur
884 3821 944 3884 rite
958 3831 1116 3903 suscepto,
1140 3835 1205 3882 non
1221 3818 1284 3881 nisi
1300 3831 1439 3900 poenae,
1458 3821 1487 3873 et

180 3933 314 4020 quidam
329 3919 539 4018 gravissimae
554 3933 694 4017 speeiem
709 3929 912 4016 praeseferre.
945 3929 1050 3994 Nemo
1064 3944 1149 3991 sane
1159 3926 1321 3990 adversus
1337 3923 1485 3988 larrdetes

179 4045 426 4110 constitutiones
441 4043 619 4108 Alexandri
644 4043 708 4123 vt,
722 4053 756 4106 et
770 4040 929 4106 Boniiaeii
944 4039 1033 4103 vlu.
1055 4036 1185 4122 objleiat
1210 4033 1402 4119 generalem
1411 4031 1488 4117 jnris

179 4155 321 4223 Romam
335 4153 551 4239 disciplinam,
577 4171 644 4235 qua
656 4149 819 4230 delinitur,
836 4149 976 4228 -erlrnen,
1001 4145 1055 4210 rel
1070 4161 1210 4230 poenam
1230 4153 1408 4226 paternam
1422 4136 1489 4202 nnl-

179 4265 249 4330 lam
263 4265 429 4330 ntaeulam
454 4258 522 4327 filio
536 4261 690 4345 infligere,
714 4277 786 4324 ean.
802 4256 831 4323 tt.
847 4277 936 4322 saus.
964 4261 993 4324 1.
1007 4265 1132 4340 quaest.
1157 4255 1197 4335 l,
1212 4271 1270 4316 sen
1294 4251 1318 4316 l.
1333 4253 1390 4316 26.
1404 4247 1437 4312 a
1450 4245 1491 4309 de

181 4375 303 4460 poenis.
346 4373 500 4438 Gentium
525 4369 582 4435 illa
596 4367 743 4454 regulam
768 4366 961 4451 generalem,
985 4365 1144 4428 adsersus
1158 4374 1260 4444 qnam
1284 4358 1323 4422 in
1337 4351 1492 4443 mensi·

182 4483 246 4549 mie
259 4481 459 4568 quibusdam
481 4477 863 4564 enmlnibessiegularis
877 4476 1026 4561 exceptio
1050 4491 1117 4540 non
1130 4471 1343 4557 improbatur.
1389 4465 1491 4534 Nemo
