3134 4984
1559 273 1560 320 t

188 445 190 448 .
208 395 270 463 116
449 419 539 486 sana
556 421 683 482 sarua,
699 423 946 487 orestaaqrraro
961 430 1138 494 sesanna,
1152 418 1231 478 c'ne.
1248 413 1291 482 11.
1559 359 1560 454 l

1559 507 1560 540 l

1559 543 1560 590 t

1559 647 1560 696 l

206 535 257 616 ba,
272 557 357 624 quae
382 537 565 624 deprauata.
573 542 741 627 descripsit
765 547 987 616 Triboniamus
1003 551 1036 618 in
1056 553 1146 620 dista
1161 555 1228 625 tt
1249 555 1491 626 caduluminian.
1559 591 1560 634 r

206 648 247 712 do
261 652 427 734 apostatis3
443 673 485 717 ex
499 655 619 736 quibus
640 657 810 738 manifeste
821 669 960 741 constat,
977 661 1009 726 irr
1022 663 1210 730 Occidente
1225 677 1304 734 tunc
1318 670 1449 736 necdum
1462 673 1491 736 ir·

184 829 187 836 ⁴
205 756 267 823 rita
282 758 445 822 declarata
459 759 560 826 inisse
576 771 767 829 testamento
780 777 1010 848 apostatarum,
1034 769 1091 834 sed
1106 781 1234 848 tantum
1250 773 1388 840 rescindi
1401 793 1492 860 propo

204 871 269 936 sita
283 871 451 940 inofficiosi
465 877 618 958 quaerela
632 880 782 961 potuisse,
799 901 893 946 aecus
907 903 947 948 ae
970 885 1141 968 vigeretin
1155 888 1288 952 Oriente
1302 909 1344 954 ex
1359 893 1491 956 constitu·
1559 873 1560 964 l

190 978 292 1054 vtiotte
308 980 486 1048 Theodosii
509 983 623 1050 eodem
638 1005 732 1066 uarro,
748 989 895 1071 etptr'tlie
910 990 1006 1057 edita.
1022 1027 1024 1034 ⁴
1050 993 1171 1059 Verum
1187 1011 1255 1060 nota
1275 997 1379 1060 innuo
1393 1009 1492 1082 postet
1559 965 1560 1020 l

204 1088 292 1155 idern
308 1091 556 1158 Valentinianus
582 1095 624 1158 ll.
640 1095 718 1160 ormi
732 1097 803 1177 391,
829 1117 980 1181 expresse
1006 1099 1039 1168 iu
1055 1101 1231 1168 Occidente
1244 1113 1364 1183 sanxit,
1392 1115 1424 1166 ut
1435 1104 1491 1185 qul·

205 1217 346 1284 cumque
361 1215 527 1286 apostatae
540 1205 666 1270 nullam
682 1209 1047 1276 testamentisactionenr
1060 1211 1222 1292 haberent,
1236 1212 1259 1275 l.
1271 1211 1302 1276 it
1317 1211 1388 1298 eod„
1403 1213 1493 1276 Theo·

205 1307 272 1372 dos.
287 1308 330 1372 ¹de
345 1321 490 1393 apostat,
507 1310 529 1374 l.
544 1313 571 1376 3.
588 1313 657 1376 eorl.
674 1315 887 1396 ausemano,
903 1337 947 1382 ax
960 1337 1026 1400 quo
1041 1329 1183 1403 tempore
1202 1331 1314 1386 acturo
1329 1331 1379 1384 eat
1392 1321 1431 1384 de
1441 1339 1494 1384 me-

205 1429 239 1482 ta
253 1419 522 1502 quinquenniiad
538 1423 781 1507 proponendam
797 1425 964 1494 inofficiosi
977 1428 1154 1520 querelam.
1176 1429 1339 1496 Arcadius
1353 1431 1388 1498 in
1402 1430 1494 1495 Orien·

205 1535 236 1590 te
251 1545 337 1590 anuo
352 1527 423 1592 396.
440 1529 577 1618 addidit,
590 1533 987 1615 apostatis-decedentibus
998 1549 1135 1619 ,pattena
1149 1549 1294 1618 matrem,
1310 1539 1495 1619 fratremne

204 1655 316 1718 rorem,
344 1639 457 1721 filiurn,
485 1641 597 1722 tiliato,
624 1653 781 1725 nepotem,
809 1664 850 1711 ac
873 1661 1004 1728 neptem
1019 1645 1061 1710 ab
1071 1647 1228 1718 ·intcatato
1248 1648 1428 1728 succedere,
1441 1647 1458 1710 l.
1469 1649 1494 1716 u,

204 1746 273 1812 cod.
291 1749 454 1816 Theodos.
466 1752 537 1816 eod.
554 1755 607 1834 tit,
621 1766 655 1818 et
671 1754 918 1828 Valorrtiniauus
933 1757 990 1824 tlt.
1004 1757 1037 1830 in
1053 1758 1235 1825 Occidente
1245 1761 1415 1826 annom.
1426 1771 1496 1844 post·

203 1873 303 1938 quam
329 1859 535 1926 confirmavit
560 1873 700 1964 veterem
726 1865 998 1946 constitutionem,
1023 1887 1092 1949 qua
1104 1869 1261 1952 apostatis
1280 1871 1433 1954 adempta
1445 1869 1495 1936 trit

204 1972 344 2036 testandi
359 1971 506 2054 facultas,
521 1977 644 2056 statuit,
661 1967 811 2042 ut-n'ullis
828 1979 1266 2063 temporibusapoetatanttn,
1282 1993 1316 2046 et
1330 1983 1496 2066 apostasiae

204 2079 369 2142 occursatio
384 2079 637 2164 concluderetur,
663 2097 694 2149 et
710 2089 867 2168 apostatis
891 2087 1229 2158 decedentibus-floret
1252 2091 1343 2156 loeus
1360 2091 1498 2176 legitimis

204 2191 457 2274 propinquorum
483 2195 750 2276 atrocessiooibus,
779 2195 842 2280 leg.
863 2199 894 2264 7,
910 2197 980 2264 cod.
1007 2197 1171 2268 Theodec.
1198 2197 1418 2283 deeponanr,
1442 2199 1496 2263 ll.

182 2301 408 2376 collusum.
425 2303 494 2367 eorl.
537 2305 653 2386 Itaque
668 2305 719 2368 his
742 2307 919 2372 observatis
940 2309 1037 2390 juxta
1053 2320 1233 2390 temporum
1256 2308 1415 2389 ordinent,
1436 2327 1499 2374 σου,

203 2412 405 2480 cludendum
421 2425 478 2495 est,
505 2413 592 2498 leges
608 2417 685 2478 istas
701 2415 871 2480 universas
887 2435 951 2480 nou
968 2417 1010 2480 ad
1026 2417 1202 2481 haereticos
1224 2427 1380 2500 spectare,
1395 2416 1449 2482 aetl
1463 2415 1498 2479 ud

126 2603 128 2608 Ι
203 2535 376 2608 apostatas,
404 2545 544 2608 quorum
568 2524 641 2592 odio
659 2525 822 2607 graviores
848 2525 1140 2608 praestituebentur
1163 2541 1297 2609 poenae,
1324 2527 1499 2610 woesertirn

203 2651 279 2700 vero
293 2647 451 2702 statutum
466 2635 608 2717 denique
624 2633 692 2713 suit,
711 2645 745 2700 ut
757 2633 941 2710 testamenti
956 2635 1096 2702 litatione
1106 2647 1262 2716 carerent,
1279 2635 1420 2720 nisique
1434 2645 1499 2698 tom

202 2765 285 2831 pore,
302 2756 360 2812 aut
373 2747 493 2830 quibus
517 2745 550 2812 in
566 2745 644 2809 locis
660 2745 763 2828 viguit
781 2743 914 2810 laudata
938 2743 991 2808 lex
1004 2745 1037 2810 2.
1051 2743 1121 2812 cod.
1137 2744 1254 2810 Justitr.
1279 2743 1323 2808 tle
1345 2743 1499 2829 apostatis.

202 2854 374 2919 Caeterum
401 2853 627 2918 recentioribus
653 2853 849 2934 temporibus
872 2869 937 2916 non
964 2850 1069 2920 solutu
1094 2851 1177 2917 haec
1205 2849 1292 2916 iacta
1319 2847 1500 2918 commonuit

159 3031 167 3042 ,
200 2979 279 3032 sunt
293 2965 462 3030 lraeretieis
488 2964 655 3044 rroivorsis,
672 2975 707 3028 ut
732 2963 854 3026 scilicet
871 2961 1054 3027 testamenti
1068 2959 1208 3029 faotione
1226 2969 1370 3042 caream,
1397 2975 1499 3024 uerunt

201 3075 308 3151 etiarn,
326 3086 361 3138 ut
376 3093 436 3136 nec
452 3073 604 3155 legitimis
628 3087 740 3142 eorrtm
755 3069 1014 3134 srrroessiontbos
1030 3069 1120 3134 loeta
1135 3065 1202 3148 lieu
1227 3087 1372 3150 eeuaqtre
1387 3069 1428 3132 ab
1441 3081 1499 3130 rent

200 3186 289 3270 quod
305 3185 344 3248 de
360 3185 551 3267 quinquenii
577 3185 682 3268 spatio
697 3183 729 3248 iu
747 3163 832 3248 dicte
858 3181 878 3246 l.
894 3181 925 3246 2.
940 3165 1076 3247 ceritum
1091 3189 1148 3259 eat,
1160 3177 1288 3265 iamdiu
1316 3181 1500 3263 abrogatum

200 3296 301 3363 t'rrisse
317 3307 383 3360 tarn
400 3307 546 3378 respectu
562 3305 792 3378 apostatarum,
808 3309 907 3373 qnam
925 3300 1069 3372 respectu
1082 3287 1319 3354 haereticorum
1331 3284 1501 3368 deprehen·

200 3412 297 3476 ditur.
331 3409 434 3492 Igitur
448 3427 535 3472 nova
560 3406 690 3470 erneisit
704 3405 861 3468 adversus
887 3399 1065 3466 haereticos
1082 3397 1260 3480 disciplina
1269 3396 1357 3480 juris
1370 3405 1449 3479 'poet
1461 3392 1501 3454 itt·

160 3593 166 3602 ,
199 3519 321 3584 dictatu
338 3517 496 3581 adversus
521 3533 576 3578 eos
590 3531 728 3598 poenam
745 3509 971 3594 publicationis
985 3507 1154 3586 bonorum
1178 3501 1362 3568 inde-euim
1379 3501 1451 3567 aliia
1464 3517 1502 3561 re·

200 3630 286 3713 gulis
312 3629 477 3711 srrlajacere
502 3623 660 3710 ujrrerrrodi
679 3619 804 3706 judicia
828 3618 1017 3682 debuerunt.
1061 3612 1149 3679 Illud
1173 3625 1282 3678 umen
1305 3612 1415 3696 jrtcliei
1440 3613 1503 3692 post

200 3753 335 3804 mortem
351 3735 503 3800 haeretici
513 3733 672 3819 judiciuin
689 3731 876 3796 iustitnturo
889 3721 1127 3790 obseruandum
1143 3720 1209 3807 crit,
1232 3727 1268 3785 ut
1282 3718 1501 3826 non-primun

200 3849 243 3913 ad
268 3847 490 3910 damnationis
513 3841 707 3908 senteutiam
734 3837 894 3912 deveniat,
920 3851 1022 3915 quatu
1047 3825 1502 3910 urgentiorttmsrargnmeuoe

199 3967 451 4033 commoveatur,
477 3964 513 4016 et
524 3953 619 4033 louge
633 3947 841 4031 gravioribus,
865 3961 967 4024 quam
982 3941 1009 4003 si
1024 3949 1137 4003 contra
1158 3935 1327 4002 viventem
1343 3930 1501 4015 negotium

198 4077 368 4152 gereretur,
385 4061 571 4147 praesertim
587 4059 614 4121 si
624 4059 692 4141 jam
708 4053 898 4122 diuturnum
914 4062 1041 4130 tempus
1056 4041 1312 4132 praeterlapattut
1327 4039 1453 4105 suisset

242 4177 398 4254 Alterum,
413 4170 499 4256 qnod
524 4165 747 4236 observatione
772 4162 910 4244 dignnm
924 4171 982 4238 eat,
1005 4155 1201 4238 oopertinet,
1226 4163 1264 4220 ut
1276 4149 1500 4234 ¹(lignoacutur,

198 4288 272 4372 quis
284 4286 386 4370 judex
401 4291 587 4365 competens
614 4277 656 4340 sit
669 4273 850 4338 habendus.
893 4271 974 4341 Qua
988 4267 1020 4330 in
1039 4285 1070 4328 re
1096 4261 1236 4331 multum
1244 4259 1389 4324 intorem
1404 4259 1500 4322 irrues·

200 4399 310 4480 rigare,
327 4415 369 4460 arr
385 4393 561 4476 disputatio
575 4389 608 4452 in
620 4387 701 4470 juro,
717 4403 761 4446 am
776 4383 809 4446 in
824 4380 908 4446 lacto
924 4389 1074 4456 versetur,
1098 4369 1268 4453 sorr,‚quod
1282 4367 1379 4434 idem
1392 4377 1447 4446 est,
1461 4381 1499 4428 uu

200 4511 243 4574 eit
256 4509 297 4572 de
311 4507 446 4586 haeresi,
472 4503 572 4568 ausit
586 4501 627 4566 de
651 4495 804 4564 haeretici
826 4509 964 4577 pareone
983 4485 1210 4575 judicandum.
1251 4481 1354 4565 Juriq
1380 4481 1450 4544 siue
1463 4473 1499 4544 ie
