3146 4980
185 321 249 392 stt
470 303 472 306 ⁵
516 288 760 399 orssanrrrro
782 347 931 412 curura,
947 348 1097 411 enarer.
1112 329 1155 396 Π.

185 469 220 532 in
235 466 360 550 scriptis
374 465 464 532 lieret
478 470 632 534 contracti
647 471 843 536 matrimonii
857 483 1115 554 monumentum,
1142 471 1200 538 sed
1213 471 1325 538 omnia
1339 489 1431 558 penes
1445 471 1476 540 fi-

186 575 263 642 dem
279 577 423 658 Parochi,
440 589 498 640 aut
509 577 701 660 Sacerdotis,
716 590 748 643 et
763 581 901 661 testium,
917 581 974 664 qui
998 580 1149 666 conjugio
1163 591 1347 666 praesentes
1358 583 1483 664 fuerant,

184 696 395 765 remanerent,
421 685 587 752 occultum
601 687 734 751 omnino
748 687 992 754 matrimonium
1016 699 1093 768 erat,
1109 708 1167 753 seu
1183 688 1271 772 qnod
1291 698 1414 752 mortuo
1430 688 1480 752 Pa-

184 793 289 872 rocho,
306 803 364 857 aut
387 792 568 874 Sacerdote,
592 796 671 858 item
685 795 847 861 deiunctis
862 797 1005 878 testibus,
1032 797 1073 861 de
1087 799 1238 882 conjugio
1259 809 1406 862 constare
1421 817 1478 861 non

184 901 315 984 poterat,
331 922 389 966 seu
414 903 502 986 quod
517 904 692 985 Personas,
720 915 778 970 aut
792 905 958 986 Sacerdos,
984 915 1017 970 et
1031 915 1127 970 testes
1136 907 1235 991 juxta
1260 907 1361 971 fidem
1376 905 1479 970 secreti

185 1006 298 1072 datam
312 1009 436 1072 nemini
457 1011 647 1093 conjugium
669 1009 893 1095 patefacerent.
937 1009 1096 1079 Nonnulli
1111 1011 1188 1076 inde
1202 1013 1244 1077 ob
1267 1031 1343 1078 eam
1357 1030 1481 1076 causam

149 1209 157 1222 ⁹
184 1131 257 1203 post
271 1130 472 1184 contractum
486 1121 674 1206 hujusmodi
689 1123 941 1206 matrimonium,
957 1123 1023 1188 alia
1036 1123 1166 1208 publice
1180 1124 1376 1207 contrahere,
1392 1121 1482 1188 nemi-

185 1249 230 1296 ne
242 1230 337 1296 lacile
351 1244 540 1318 opponente,
556 1234 729 1318 audebann
747 1235 803 1300 alii
818 1237 903 1300 vitae
917 1235 1154 1318 commuuione,
1169 1255 1254 1321 quae
1268 1237 1418 1321 coniugio
1431 1254 1482 1298 na·

185 1353 259 1408 tura
272 1344 432 1426 cohaeret,
459 1347 676 1427 abstinebant,
701 1347 754 1411 vel
769 1347 825 1412 ubi
840 1365 1050 1412 communem
1064 1349 1166 1412 vitam
1187 1367 1265 1412 cum
1279 1365 1381 1412 uxore
1396 1347 1483 1410 duce

182 1460 264 1530 rent,
280 1450 372 1534 vulgi
397 1451 521 1516 sactum
536 1453 713 1538 ignorantis
739 1455 1023 1538 obtrectationibus
1040 1453 1161 1520 obnoxi
1175 1464 1278 1520 erent.
1319 1453 1483 1520 Praeterea

185 1555 275 1624 liberi
290 1579 332 1624 ex
345 1547 385 1623 eo
399 1561 549 1647 conjugio
564 1561 714 1646 suscepti,
731 1563 918 1646 praesertim
934 1563 1048 1627 semoti
1062 1567 1084 1628 a
1098 1561 1284 1645 parentibus
1305 1561 1417 1626 minas
1431 1559 1484 1644 pie,

184 1671 359 1755 minusque
385 1671 555 1736 liberaliter
569 1673 802 1754 educabantur,
828 1685 861 1737 et
875 1673 1004 1738 incertis
1029 1671 1176 1737 fortunae
1189 1669 1321 1736 casibus
1343 1669 1490 1756 subjicis¹

184 1783 312 1862 bantur,
337 1784 494 1868 praeteriti
511 1793 684 1867 parentum
709 1783 919 1863 testamentis,
943 1793 1040 1866 atque
1065 1781 1109 1848 ad
1123 1783 1292 1846 intestatae
1314 1778 1488 1846 successio·

184 1912 244 1958 nes
268 1893 310 1956 ob
324 1891 496 1957 deffectum
522 1893 717 1975 probationis
740 1891 900 1956 natalium
925 1909 991 1956 non
1006 1889 1151 1970 admisai;
1176 1887 1239 1953 nisi
1264 1886 1366 1950 etiam
1381 1902 1488 1970 paren·

185 2007 234 2060 tes
248 1997 310 2080 ipsi
332 2007 443 2062 contra
468 2009 604 2062 naturae
630 1999 717 2082 leges
743 2017 826 2064 anso
851 1997 974 2064 nefario
999 1995 1128 2066 illorum
1142 1997 1228 2060 vitae
1254 1994 1487 2059 insidiarentur.

185 2105 396 2188 Quandoque
410 2107 508 2172 etiam
523 2107 736 2192 contingebat,
765 2118 800 2174 ut
814 2108 931 2172 Clerici
945 2109 979 2172 iu
993 2105 1172 2172 minoribus
1190 2103 1358 2170 ordinibus
1374 2101 1488 2168 consti·

185 2217 248 2282 tuti
262 2217 307 2281 ita
332 2219 483 2302 conjugia
508 2219 741 2300 contraherent,
766 2229 800 2284 ot
823 2219 1035 2289 nibilominus
1059 2215 1225 2296 beneficia,
1244 2225 1303 2280 aut
1317 2215 1488 2298 pensiones

184 2324 309 2409 pridem
324 2325 471 2410 obtentas
494 2327 674 2408 retinerent,
699 2345 765 2391 non
780 2325 875 2390 facile
890 2324 1060 2410 spoliandi,
1075 2335 1240 2409 propterea
1257 2323 1345 2406 quod
1362 2325 1396 2388 in
1408 2319 1490 2408 judi·

125 2461 127 2464 ·
186 2433 238 2497 cio
253 2433 464 2500 demonstrari
479 2453 544 2498 non
559 2443 691 2518 poteret,
713 2435 753 2500 iis
763 2435 890 2519 juribus
903 2435 946 2498 ob
959 2443 1159 2500 contractum
1180 2432 1432 2498 matrimonium
1443 2449 1491 2494 ce·

184 2542 312 2608 cidisse.
354 2545 430 2610 Non
444 2545 552 2610 visum
573 2555 621 2610 est
636 2556 864 2629 opportunum,
884 2547 926 2610 ob
940 2546 1022 2612 ictas
1044 2555 1119 2612 utut
1143 2546 1353 2629 gravissimas
1374 2561 1492 2610 carram

184 2653 267 2720 haec
282 2655 434 2740 conjugia
458 2657 587 2739 penitus
612 2656 748 2737 abolere,
774 2675 878 2740 quum
893 2653 1070 2740 aliquando
1084 2658 1260 2740 contingat,
1279 2665 1316 2721 nt
1329 2655 1493 2743 expediat,

184 2765 301 2830 eadem
315 2767 356 2829 ob
370 2775 457 2830 certa
471 2767 584 2849 gravia
598 2766 752 2852 adjuncta
765 2763 916 2849 permitti
959 2765 1132 2830 Caeterum
1146 2765 1306 2849 quasdam
1324 2768 1494 2832 cautiones

186 2874 339 2940 constitui
363 2874 612 2938 saluberrimum
635 2875 745 2938 visum
759 2884 815 2955 est,
841 2872 969 2956 quibus,
995 2870 1105 2955 quoad
1120 2869 1189 2936 lieri
1203 2883 1319 2956 posset,
1335 2889 1496 2936 memora·

189 2982 229 3046 tis
243 2982 399 3048 abusibus
414 2981 642 3048 consuleretur.
685 2981 909 3054 Quamobrem
923 2979 1119 3048 Benedictus
1134 2982 1228 3047 XIV.
1251 2981 1286 3047 in
1300 3001 1364 3046 stra
1376 2977 1497 3047 consti·

187 3091 314 3154 tutione
328 3091 407 3154 anni
433 3090 524 3154 1741.
540 3090 593 3156 die
609 3092 658 3154 17.
685 3089 888 3170 Novembris,
913 3099 1062 3172 quaeest
1086 3089 1137 3154 35.
1154 3089 1188 3153 in
1213 3097 1289 3152 torn.
1310 3089 1339 3152 l.
1356 3085 1496 3164 Bullari,

188 3195 338 3276 decrevit,
365 3207 400 3260 ut
415 3195 567 3279 Episcopi
582 3195 739 3278 imprimis
764 3215 804 3260 ea
818 3195 1023 3260 matrimonia
1047 3195 1233 3279 permissuri
1248 3193 1363 3258 sedulo
1379 3191 1499 3276 invigi-

189 3305 300 3386 larent,
316 3303 451 3387 nequid
466 3315 577 3370 contra
590 3305 802 3384 honestatem,
825 3315 883 3370 aut
898 3303 1104 3388 disciplinam
1119 3303 1384 3384 ecclesiasticam,
1407 3319 1499 3387 prae·

189 3412 298 3476 sertim
312 3411 502 3492 clericalem,
519 3412 759 3495 ,admitteretun
786 3413 902 3478 deinde
927 3425 964 3478 ut
980 3413 1014 3478 in
1029 3413 1108 3478 libro
1130 3423 1250 3476 secreto
1264 3413 1299 3478 in
1315 3411 1503 3496 Episcopa-

190 3521 214 3586 li
228 3521 327 3586 Curia
341 3521 552 3602 adservanda,
576 3533 607 3586 et
623 3522 736 3605 sigillis
762 3523 953 3613 obsignato,
965 3531 1039 3586 acta
1053 3520 1249 3586 matrimonii
1274 3519 1500 3598 adnotaretur,

189 3650 255 3715 quo
269 3649 325 3716 pro
339 3631 385 3696 rei
408 3631 645 3716 opportunitate
659 3632 707 3696 uti
722 3642 852 3715 possent
866 3631 898 3710 ii,
925 3647 1065 3714 quorum
1079 3633 1218 3710 interest,
1233 3629 1335 3695 irnmo
1350 3639 1386 3694 et
1404 3629 1503 3712 Epis·
1557 3629 1558 3700 i

189 3741 261 3824 copi
275 3739 345 3824 ipsi,
371 3742 497 3824 quoties
522 3739 674 3824 expedire
698 3739 782 3806 bono
808 3739 936 3825 publico
961 3739 1118 3804 noverint
1160 3739 1267 3804 Immo
1281 3749 1314 3803 et
1341 3757 1426 3804 eam
1444 3734 1503 3800 t‘or·

189 3869 279 3916 mam
294 3851 416 3915 servari
431 3850 607 3930 mandavit,
632 3853 678 3914 uti
694 3849 891 3932 dispensatio
912 3849 1019 3933 petita,
1035 3858 1068 3910 et
1082 3847 1252 3932 impetrata
1273 3846 1371 3913 suerit
1389 3847 1430 3910 in
1447 3845 1506 3909 Pe-

189 3960 371 4024 nitentiaria
385 3961 543 4039 Romana,
560 3959 594 4023 in
609 3977 670 4023 sua
684 3957 911 4022 constitutione
925 3957 1004 4022 anni
1020 3956 1110 4022 tttt
1136 3954 1250 4020 Idibus
1266 3953 1390 4038 Aprilis
1408 3969 1506 4020 num.
1557 3987 1558 4058 p

189 4069 239 4132 95.
255 4069 290 4132 in
304 4078 378 4134 torn
397 4071 425 4132 1.
451 4068 595 4154 ejusdem
609 4067 755 4132 Bullarii.
799 4065 900 4138 Quod
915 4067 942 4130 ai
957 4066 992 4130 in
1006 4064 1253 4130 Poeniceutiaria
1276 4063 1438 4127 Romana
1454 4080 1508 4144 pe·
1530 4061 1535 4072 '

190 4187 284 4259 tatur,
300 4197 365 4242 non
380 4177 486 4246 solurn
501 4189 537 4242 ut
562 4175 749 4262 hujusmodi
763 4175 952 4261 conjugium
976 4173 1123 4238 contrahi
1138 4173 1247 4257 possit,
1271 4171 1456 4236 sedetiam
1472 4177 1511 4234 ut
1557 4191 1558 4262 ι

190 4285 393 4370 dispensetur
417 4288 452 4352 in
476 4283 544 4350 foto
569 4285 786 4350 conscientiae
810 4281 978 4365 abaliquo
1003 4279 1243 4364 impedimento,
1265 4277 1353 4360 quod
1367 4285 1509 4340 contra·

188 4395 299 4464 hendo
312 4395 463 4484 conjugia
476 4397 609 4477 obesset,
637 4393 825 4480 praesertim
838 4411 883 4458 ex
906 4389 1041 4458 crimine
1054 4387 1284 4475 proficiscente,
1307 4385 1455 4467 obtinet,
1472 4394 1512 4449 nt

518 4519 522 4524 ·
608 4527 613 4546 2
1557 4501 1558 4548 ι
