<?xml version="1.0" encoding="UTF-8"?>
<!DOCTYPE html PUBLIC "-//W3C//DTD XHTML 1.0 Transitional//EN"
    "http://www.w3.org/TR/xhtml1/DTD/xhtml1-transitional.dtd">
<html xmlns="http://www.w3.org/1999/xhtml" xml:lang="en" lang="en">
 <head>
  <title>
</title>
<meta http-equiv="Content-Type" content="text/html;charset=utf-8" />
  <meta name='ocr-system' content='tesseract 3.04.00' />
  <meta name='ocr-capabilities' content='ocr_page ocr_carea ocr_par ocr_line ocrx_word'/>
</head>
<body>
  <div class='ocr_page' id='page_1' title='image "./carolisebastian00beragoog_0051.png"; bbox 0 0 3276 4984; ppageno 0'>
   <div class='ocr_carea' id='block_1_1' title="bbox 190 371 1176 460">
    <p class='ocr_par' dir='ltr' id='par_1_1' title="bbox 190 371 1176 460">
     <span class='ocr_line' id='line_1_1' title="bbox 190 371 1176 460; baseline -0.005 -18"><span class='ocrx_word' id='word_1_1' title='bbox 190 375 249 460; x_wconf 43' lang='lat'><strong>,46</strong></span> <span class='ocrx_word' id='word_1_2' title='bbox 538 394 776 448; x_wconf 80' lang='lat' dir='ltr'><strong>nrssearerro</strong></span> <span class='ocrx_word' id='word_1_3' title='bbox 800 394 925 450; x_wconf 78' lang='lat' dir='ltr'><strong>rurus,</strong></span> <span class='ocrx_word' id='word_1_4' title='bbox 948 371 1176 442; x_wconf 69' lang='lat' dir='ltr'><strong>cerseuil.</strong></span> 
     </span>
    </p>
   </div>
   <div class='ocr_carea' id='block_1_2' title="bbox 198 513 1533 4534">
    <p class='ocr_par' dir='ltr' id='par_1_2' title="bbox 198 513 1514 824">
     <span class='ocr_line' id='line_1_2' title="bbox 206 513 1511 601; baseline -0.002 -19"><span class='ocrx_word' id='word_1_5' title='bbox 206 517 329 601; x_wconf 88' lang='lat' dir='ltr'><strong>nuptiis</strong></span> <span class='ocrx_word' id='word_1_6' title='bbox 354 515 522 600; x_wconf 88' lang='lat' dir='ltr'><strong>pendebat,</strong></span> <span class='ocrx_word' id='word_1_7' title='bbox 538 515 558 580; x_wconf 94' lang='lat' dir='ltr'><strong>l.</strong></span> <span class='ocrx_word' id='word_1_8' title='bbox 576 517 603 580; x_wconf 91' lang='lat'><strong>1.</strong></span> <span class='ocrx_word' id='word_1_9' title='bbox 619 516 729 598; x_wconf 85' lang='lat' dir='ltr'><strong>princ,</strong></span> <span class='ocrx_word' id='word_1_10' title='bbox 744 525 777 579; x_wconf 91' lang='lat' dir='ltr'><strong>et</strong></span> <span class='ocrx_word' id='word_1_11' title='bbox 801 514 821 578; x_wconf 91' lang='lat' dir='ltr'><strong>l.</strong></span> <span class='ocrx_word' id='word_1_12' title='bbox 838 515 894 580; x_wconf 89' lang='lat' dir='ltr'><strong>ult.</strong></span> <span class='ocrx_word' id='word_1_13' title='bbox 909 513 942 583; x_wconf 80' lang='lat' dir='ltr'><strong>ff.</strong></span> <span class='ocrx_word' id='word_1_14' title='bbox 958 515 998 580; x_wconf 89' lang='lat' dir='ltr'><strong>de</strong></span> <span class='ocrx_word' id='word_1_15' title='bbox 1017 514 1216 596; x_wconf 80' lang='lat' dir='ltr'><strong>concubinis3</strong></span> <span class='ocrx_word' id='word_1_16' title='bbox 1234 513 1280 578; x_wconf 91' lang='lat' dir='ltr'><strong>utl</strong></span> <span class='ocrx_word' id='word_1_17' title='bbox 1295 514 1383 580; x_wconf 88' lang='lat' dir='ltr'><strong>enirn</strong></span> <span class='ocrx_word' id='word_1_18' title='bbox 1397 516 1511 596; x_wconf 76' lang='lat' dir='ltr'><strong>scribe·</strong></span> 
     </span>
     <span class='ocr_line' id='line_1_3' title="bbox 206 625 1514 710; baseline 0 -18"><span class='ocrx_word' id='word_1_19' title='bbox 206 628 263 692; x_wconf 90' lang='lat' dir='ltr'><strong>bat</strong></span> <span class='ocrx_word' id='word_1_20' title='bbox 276 626 447 708; x_wconf 80' lang='lat' dir='ltr'><strong>Ulpianus,</strong></span> <span class='ocrx_word' id='word_1_21' title='bbox 456 627 602 692; x_wconf 75' lang='lat' dir='ltr'><strong>densetis</strong></span> <span class='ocrx_word' id='word_1_22' title='bbox 612 633 685 692; x_wconf 83' lang='lat' dir='ltr'><strong>eret</strong></span> <span class='ocrx_word' id='word_1_23' title='bbox 695 633 838 709; x_wconf 78' lang='lat' dir='ltr'><strong>patrono</strong></span> <span class='ocrx_word' id='word_1_24' title='bbox 850 625 1004 688; x_wconf 81' lang='lat' dir='ltr'><strong>libertam</strong></span> <span class='ocrx_word' id='word_1_25' title='bbox 1013 625 1237 703; x_wconf 79' lang='lat' dir='ltr'><strong>mrwubinent,</strong></span> <span class='ocrx_word' id='word_1_26' title='bbox 1249 645 1350 710; x_wconf 83' lang='lat' dir='ltr'><strong>quom</strong></span> <span class='ocrx_word' id='word_1_27' title='bbox 1357 635 1514 694; x_wconf 83' lang='lat' dir='ltr'><strong>metretu-</strong></span> 
     </span>
     <span class='ocr_line' id='line_1_4' title="bbox 198 737 509 824; baseline -0.019 -20"><span class='ocrx_word' id='word_1_28' title='bbox 198 739 361 824; x_wconf 75' lang='lat' dir='ltr'><strong>sorrtilt&#39;es</strong></span> <span class='ocrx_word' id='word_1_29' title='bbox 382 737 509 812; x_wconf 76' lang='lat' dir='ltr'><strong>bebere.</strong></span> 
     </span>
    </p>

    <p class='ocr_par' dir='ltr' id='par_1_3' title="bbox 205 841 1522 3329">
     <span class='ocr_line' id='line_1_5' title="bbox 249 841 1513 930; baseline -0.003 -18"><span class='ocrx_word' id='word_1_30' title='bbox 249 849 351 930; x_wconf 80' lang='lat' dir='ltr'><strong>Igitur</strong></span> <span class='ocrx_word' id='word_1_31' title='bbox 366 864 512 928; x_wconf 84' lang='lat' dir='ltr'><strong>quosque</strong></span> <span class='ocrx_word' id='word_1_32' title='bbox 527 843 617 908; x_wconf 90' lang='lat' dir='ltr'><strong>hisce</strong></span> <span class='ocrx_word' id='word_1_33' title='bbox 632 841 777 908; x_wconf 89' lang='lat' dir='ltr'><strong>terminis</strong></span> <span class='ocrx_word' id='word_1_34' title='bbox 791 841 1038 920; x_wconf 74' lang='lat' dir='ltr'><strong>continerentur,</strong></span> <span class='ocrx_word' id='word_1_35' title='bbox 1054 841 1110 924; x_wconf 89' lang='lat' dir='ltr'><strong>qui</strong></span> <span class='ocrx_word' id='word_1_36' title='bbox 1133 841 1167 906; x_wconf 93' lang='lat' dir='ltr'><strong>in</strong></span> <span class='ocrx_word' id='word_1_37' title='bbox 1180 841 1399 906; x_wconf 87' lang='lat' dir='ltr'><strong>concubinatu</strong></span> <span class='ocrx_word' id='word_1_38' title='bbox 1411 853 1513 923; x_wconf 86' lang='lat' dir='ltr'><strong>erant,</strong></span> 
     </span>
     <span class='ocr_line' id='line_1_6' title="bbox 209 948 1514 1038; baseline -0.008 -16"><span class='ocrx_word' id='word_1_39' title='bbox 209 957 399 1022; x_wconf 88' lang='lat' dir='ltr'><strong>dicebantur</strong></span> <span class='ocrx_word' id='word_1_40' title='bbox 421 954 554 1037; x_wconf 88' lang='lat' dir='ltr'><strong>quidem</strong></span> <span class='ocrx_word' id='word_1_41' title='bbox 569 955 603 1018; x_wconf 82' lang='lat' dir='ltr'><strong>in</strong></span> <span class='ocrx_word' id='word_1_42' title='bbox 626 952 776 1038; x_wconf 72' lang='lat' dir='ltr'><strong>coniugio</strong></span> <span class='ocrx_word' id='word_1_43' title='bbox 791 953 900 1024; x_wconf 88' lang='lat' dir='ltr'><strong>minos</strong></span> <span class='ocrx_word' id='word_1_44' title='bbox 915 950 1051 1014; x_wconf 84' lang='lat' dir='ltr'><strong>honesto</strong></span> <span class='ocrx_word' id='word_1_45' title='bbox 1076 968 1155 1027; x_wconf 87' lang='lat' dir='ltr'><strong>esse,</strong></span> <span class='ocrx_word' id='word_1_46' title='bbox 1171 948 1329 1030; x_wconf 85' lang='lat' dir='ltr'><strong>quianon</strong></span> <span class='ocrx_word' id='word_1_47' title='bbox 1344 968 1456 1016; x_wconf 85' lang='lat' dir='ltr'><strong>ornnes</strong></span> <span class='ocrx_word' id='word_1_48' title='bbox 1470 948 1514 1012; x_wconf 89' lang='lat' dir='ltr'><strong>le·</strong></span> 
     </span>
     <span class='ocr_line' id='line_1_7' title="bbox 208 1056 1514 1150; baseline -0.006 -20"><span class='ocrx_word' id='word_1_49' title='bbox 208 1087 289 1150; x_wconf 82' lang='lat' dir='ltr'><strong>gum</strong></span> <span class='ocrx_word' id='word_1_50' title='bbox 303 1065 506 1148; x_wconf 87' lang='lat' dir='ltr'><strong>publicarum</strong></span> <span class='ocrx_word' id='word_1_51' title='bbox 531 1062 753 1126; x_wconf 72' lang='lat' dir='ltr'><strong>solemnitates</strong></span> <span class='ocrx_word' id='word_1_52' title='bbox 767 1062 801 1124; x_wconf 90' lang='lat' dir='ltr'><strong>in</strong></span> <span class='ocrx_word' id='word_1_53' title='bbox 825 1056 1045 1124; x_wconf 88' lang='lat' dir='ltr'><strong>contrahendo</strong></span> <span class='ocrx_word' id='word_1_54' title='bbox 1060 1057 1208 1142; x_wconf 80' lang='lat' dir='ltr'><strong>conjugio</strong></span> <span class='ocrx_word' id='word_1_55' title='bbox 1231 1057 1451 1140; x_wconf 81' lang='lat' dir='ltr'><strong>impleverant,</strong></span> <span class='ocrx_word' id='word_1_56' title='bbox 1467 1057 1514 1125; x_wconf 86' lang='lat' dir='ltr'><strong>ni·</strong></span> 
     </span>
     <span class='ocr_line' id='line_1_8' title="bbox 205 1169 1515 1257; baseline -0.008 -13"><span class='ocrx_word' id='word_1_57' title='bbox 205 1179 254 1244; x_wconf 91' lang='lat' dir='ltr'><strong>hil</strong></span> <span class='ocrx_word' id='word_1_58' title='bbox 270 1189 379 1242; x_wconf 88' lang='lat' dir='ltr'><strong>tamen</strong></span> <span class='ocrx_word' id='word_1_59' title='bbox 395 1177 442 1242; x_wconf 91' lang='lat' dir='ltr'><strong>illi</strong></span> <span class='ocrx_word' id='word_1_60' title='bbox 457 1175 663 1254; x_wconf 74' lang='lat' dir='ltr'><strong>admiserant,</strong></span> <span class='ocrx_word' id='word_1_61' title='bbox 679 1171 766 1257; x_wconf 87' lang='lat' dir='ltr'><strong>quod</strong></span> <span class='ocrx_word' id='word_1_62' title='bbox 783 1170 944 1236; x_wconf 84' lang='lat' dir='ltr'><strong>videretur</strong></span> <span class='ocrx_word' id='word_1_63' title='bbox 954 1169 1018 1253; x_wconf 88' lang='lat' dir='ltr'><strong>juri</strong></span> <span class='ocrx_word' id='word_1_64' title='bbox 1042 1170 1182 1234; x_wconf 86' lang='lat' dir='ltr'><strong>naturali</strong></span> <span class='ocrx_word' id='word_1_65' title='bbox 1196 1169 1369 1236; x_wconf 86' lang='lat' dir='ltr'><strong>adversari.</strong></span> <span class='ocrx_word' id='word_1_66' title='bbox 1412 1169 1515 1242; x_wconf 73' lang='lat' dir='ltr'><strong>Quod</strong></span> 
     </span>
     <span class='ocr_line' id='line_1_9' title="bbox 209 1279 1516 1364; baseline -0.005 -12"><span class='ocrx_word' id='word_1_67' title='bbox 209 1289 236 1352; x_wconf 89' lang='lat' dir='ltr'><strong>si</strong></span> <span class='ocrx_word' id='word_1_68' title='bbox 252 1287 292 1353; x_wconf 88' lang='lat' dir='ltr'><strong>de</strong></span> <span class='ocrx_word' id='word_1_69' title='bbox 307 1285 500 1352; x_wconf 81' lang='lat' dir='ltr'><strong>Christianis</strong></span> <span class='ocrx_word' id='word_1_70' title='bbox 526 1283 699 1362; x_wconf 77' lang='lat' dir='ltr'><strong>sermo-ait,</strong></span> <span class='ocrx_word' id='word_1_71' title='bbox 722 1293 850 1347; x_wconf 83' lang='lat' dir='ltr'><strong>tanturn</strong></span> <span class='ocrx_word' id='word_1_72' title='bbox 867 1279 946 1344; x_wconf 92' lang='lat' dir='ltr'><strong>illud</strong></span> <span class='ocrx_word' id='word_1_73' title='bbox 963 1299 1028 1346; x_wconf 88' lang='lat' dir='ltr'><strong>non</strong></span> <span class='ocrx_word' id='word_1_74' title='bbox 1042 1293 1244 1360; x_wconf 80' lang='lat' dir='ltr'><strong>curaverant,</strong></span> <span class='ocrx_word' id='word_1_75' title='bbox 1259 1293 1297 1346; x_wconf 92' lang='lat' dir='ltr'><strong>ut</strong></span> <span class='ocrx_word' id='word_1_76' title='bbox 1310 1282 1441 1364; x_wconf 76' lang='lat' dir='ltr'><strong>nuptiae</strong></span> <span class='ocrx_word' id='word_1_77' title='bbox 1456 1282 1516 1348; x_wconf 85' lang='lat' dir='ltr'><strong>Sa·</strong></span> 
     </span>
     <span class='ocr_line' id='line_1_10' title="bbox 210 1368 1515 1476; baseline -0.009 -15"><span class='ocrx_word' id='word_1_78' title='bbox 210 1397 363 1462; x_wconf 88' lang='lat' dir='ltr'><strong>cerdotali</strong></span> <span class='ocrx_word' id='word_1_79' title='bbox 389 1393 610 1460; x_wconf 88' lang='lat' dir='ltr'><strong>benedictione</strong></span> <span class='ocrx_word' id='word_1_80' title='bbox 620 1393 716 1476; x_wconf 82' lang='lat' dir='ltr'><strong>juxte</strong></span> <span class='ocrx_word' id='word_1_81' title='bbox 742 1391 841 1454; x_wconf 88' lang='lat' dir='ltr'><strong>ritum</strong></span> <span class='ocrx_word' id='word_1_82' title='bbox 870 1387 1045 1452; x_wconf 85' lang='lat' dir='ltr'><strong>Ecclesiae·</strong></span> <span class='ocrx_word' id='word_1_83' title='bbox 1058 1368 1326 1470; x_wconf 81' lang='lat' dir='ltr'><strong>antiquissimum</strong></span> <span class='ocrx_word' id='word_1_84' title='bbox 1351 1405 1515 1476; x_wconf 86' lang='lat' dir='ltr'><strong>consecra·</strong></span> 
     </span>
     <span class='ocr_line' id='line_1_11' title="bbox 208 1495 1514 1584; baseline -0.007 -16"><span class='ocrx_word' id='word_1_85' title='bbox 208 1514 328 1582; x_wconf 89' lang='lat' dir='ltr'><strong>rentur,</strong></span> <span class='ocrx_word' id='word_1_86' title='bbox 342 1501 430 1584; x_wconf 91' lang='lat' dir='ltr'><strong>quod</strong></span> <span class='ocrx_word' id='word_1_87' title='bbox 446 1511 519 1566; x_wconf 90' lang='lat' dir='ltr'><strong>utut</strong></span> <span class='ocrx_word' id='word_1_88' title='bbox 543 1499 693 1564; x_wconf 87' lang='lat' dir='ltr'><strong>illicitum</strong></span> <span class='ocrx_word' id='word_1_89' title='bbox 718 1510 809 1577; x_wconf 76' lang='lat' dir='ltr'><strong>esset,</strong></span> <span class='ocrx_word' id='word_1_90' title='bbox 825 1497 907 1562; x_wconf 89' lang='lat' dir='ltr'><strong>nihil</strong></span> <span class='ocrx_word' id='word_1_91' title='bbox 923 1498 1040 1576; x_wconf 80' lang='lat' dir='ltr'><strong>oberat,</strong></span> <span class='ocrx_word' id='word_1_92' title='bbox 1055 1499 1231 1580; x_wconf 83' lang='lat' dir='ltr'><strong>qucnrinps</strong></span> <span class='ocrx_word' id='word_1_93' title='bbox 1246 1495 1402 1576; x_wconf 85' lang='lat' dir='ltr'><strong>validum,</strong></span> <span class='ocrx_word' id='word_1_94' title='bbox 1417 1507 1451 1558; x_wconf 90' lang='lat' dir='ltr'><strong>et</strong></span> <span class='ocrx_word' id='word_1_95' title='bbox 1464 1495 1514 1561; x_wconf 91' lang='lat' dir='ltr'><strong>fir·</strong></span> 
     </span>
     <span class='ocr_line' id='line_1_12' title="bbox 211 1607 1515 1696; baseline -0.002 -20"><span class='ocrx_word' id='word_1_96' title='bbox 211 1631 304 1676; x_wconf 90' lang='lat' dir='ltr'><strong>mum</strong></span> <span class='ocrx_word' id='word_1_97' title='bbox 328 1612 516 1696; x_wconf 85' lang='lat' dir='ltr'><strong>conjugium</strong></span> <span class='ocrx_word' id='word_1_98' title='bbox 540 1609 707 1675; x_wconf 75' lang='lat' dir='ltr'><strong>diceretur.</strong></span> <span class='ocrx_word' id='word_1_99' title='bbox 751 1608 975 1681; x_wconf 76' lang='lat' dir='ltr'><strong>Quamobrem</strong></span> <span class='ocrx_word' id='word_1_100' title='bbox 1001 1608 1256 1690; x_wconf 61' lang='lat' dir='ltr'><strong>&amp;eumenem</strong></span> <span class='ocrx_word' id='word_1_101' title='bbox 1281 1607 1362 1676; x_wconf 88' lang='lat' dir='ltr'><strong>nibil</strong></span> <span class='ocrx_word' id='word_1_102' title='bbox 1392 1609 1515 1688; x_wconf 87' lang='lat' dir='ltr'><strong>hebuit,</strong></span> 
     </span>
     <span class='ocr_line' id='line_1_13' title="bbox 212 1714 1515 1802; baseline 0.003 -22"><span class='ocrx_word' id='word_1_103' title='bbox 212 1737 254 1780; x_wconf 85' lang='lat' dir='ltr'><strong>ex</strong></span> <span class='ocrx_word' id='word_1_104' title='bbox 269 1737 333 1800; x_wconf 92' lang='lat' dir='ltr'><strong>quo</strong></span> <span class='ocrx_word' id='word_1_105' title='bbox 349 1718 430 1792; x_wconf 82' lang='lat' dir='ltr'><strong>haec</strong></span> <span class='ocrx_word' id='word_1_106' title='bbox 445 1717 595 1802; x_wconf 80' lang='lat' dir='ltr'><strong>conjugia</strong></span> <span class='ocrx_word' id='word_1_107' title='bbox 609 1715 743 1781; x_wconf 84' lang='lat' dir='ltr'><strong>dissolvi</strong></span> <span class='ocrx_word' id='word_1_108' title='bbox 758 1717 873 1781; x_wconf 88' lang='lat' dir='ltr'><strong>debere</strong></span> <span class='ocrx_word' id='word_1_109' title='bbox 887 1725 1040 1794; x_wconf 83' lang='lat' dir='ltr'><strong>censeret,</strong></span> <span class='ocrx_word' id='word_1_110' title='bbox 1053 1714 1180 1792; x_wconf 83' lang='lat' dir='ltr'><strong>dnmiu</strong></span> <span class='ocrx_word' id='word_1_111' title='bbox 1195 1715 1273 1782; x_wconf 91' lang='lat' dir='ltr'><strong>libro</strong></span> <span class='ocrx_word' id='word_1_112' title='bbox 1288 1717 1328 1780; x_wconf 89' lang='lat' dir='ltr'><strong>de</strong></span> <span class='ocrx_word' id='word_1_113' title='bbox 1343 1718 1515 1793; x_wconf 80' lang='lat' dir='ltr'><strong>bonacon-</strong></span> 
     </span>
     <span class='ocr_line' id='line_1_14' title="bbox 207 1824 1517 1919; baseline 0.002 -30"><span class='ocrx_word' id='word_1_114' title='bbox 207 1828 312 1914; x_wconf 82' lang='lat' dir='ltr'><strong>jrrgall</strong></span> <span class='ocrx_word' id='word_1_115' title='bbox 328 1847 397 1910; x_wconf 83' lang='lat' dir='ltr'><strong>cap</strong></span> <span class='ocrx_word' id='word_1_116' title='bbox 424 1829 454 1890; x_wconf 81' lang='lat'><strong>5.</strong></span> <span class='ocrx_word' id='word_1_117' title='bbox 470 1826 687 1906; x_wconf 81' lang='lat' dir='ltr'><strong>itasorlberet:</strong></span> <span class='ocrx_word' id='word_1_118' title='bbox 712 1824 800 1888; x_wconf 76' lang='lat' dir='ltr'><strong>Solet</strong></span> <span class='ocrx_word' id='word_1_119' title='bbox 826 1827 950 1909; x_wconf 70' lang='lat' dir='ltr'><strong>quaet</strong></span> <span class='ocrx_word' id='word_1_120' title='bbox 966 1845 1041 1888; x_wconf 85' lang='lat' dir='ltr'><strong>cum</strong></span> <span class='ocrx_word' id='word_1_121' title='bbox 1060 1825 1238 1903; x_wconf 79' lang='lat' dir='ltr'><strong>masculus,</strong></span> <span class='ocrx_word' id='word_1_122' title='bbox 1264 1827 1517 1919; x_wconf 60' lang='lat' dir='ltr'><strong>etsemt&#39;rrmrrec</strong></span> 
     </span>
     <span class='ocr_line' id='line_1_15' title="bbox 212 1932 1517 2025; baseline -0.005 -23"><span class='ocrx_word' id='word_1_123' title='bbox 212 1939 268 2002; x_wconf 78' lang='lat' dir='ltr'><strong>itte</strong></span> <span class='ocrx_word' id='word_1_124' title='bbox 283 1938 437 2024; x_wconf 74' lang='lat' dir='ltr'><strong>moritus,</strong></span> <span class='ocrx_word' id='word_1_125' title='bbox 452 1954 509 2012; x_wconf 71' lang='lat' dir='ltr'><strong>uec</strong></span> <span class='ocrx_word' id='word_1_126' title='bbox 521 1934 579 2008; x_wconf 80' lang='lat' dir='ltr'><strong>illo</strong></span> <span class='ocrx_word' id='word_1_127' title='bbox 593 1953 677 1998; x_wconf 69' lang='lat' dir='ltr'><strong>umor</strong></span> <span class='ocrx_word' id='word_1_128' title='bbox 692 1932 840 2008; x_wconf 82' lang='lat' dir='ltr'><strong>alterius,</strong></span> <span class='ocrx_word' id='word_1_129' title='bbox 851 1932 980 1994; x_wconf 79' lang='lat' dir='ltr'><strong>sibintet</strong></span> <span class='ocrx_word' id='word_1_130' title='bbox 993 1932 1217 2014; x_wconf 73' lang='lat' dir='ltr'><strong>confiliorum</strong></span> <span class='ocrx_word' id='word_1_131' title='bbox 1227 1933 1517 2025; x_wconf 66' lang='lat' dir='ltr'><strong>procreandorum,</strong></span> 
     </span>
     <span class='ocr_line' id='line_1_16' title="bbox 212 2022 1517 2138; baseline -0.005 -24"><span class='ocrx_word' id='word_1_132' title='bbox 212 2049 345 2132; x_wconf 81' lang='lat' dir='ltr'><strong>sedpro</strong></span> <span class='ocrx_word' id='word_1_133' title='bbox 359 2022 597 2123; x_wconf 72' lang='lat' dir='ltr'><strong>irmontineutio</strong></span> <span class='ocrx_word' id='word_1_134' title='bbox 611 2044 715 2108; x_wconf 82' lang='lat' dir='ltr'><strong>solius</strong></span> <span class='ocrx_word' id='word_1_135' title='bbox 730 2043 917 2108; x_wconf 78' lang='lat' dir='ltr'><strong>concubitus</strong></span> <span class='ocrx_word' id='word_1_136' title='bbox 926 2065 1035 2109; x_wconf 77' lang='lat' dir='ltr'><strong>coum</strong></span> <span class='ocrx_word' id='word_1_137' title='bbox 1048 2045 1254 2126; x_wconf 82' lang='lat' dir='ltr'><strong>copulantur,</strong></span> <span class='ocrx_word' id='word_1_138' title='bbox 1270 2044 1385 2126; x_wconf 74' lang='lat' dir='ltr'><strong>ecfide</strong></span> <span class='ocrx_word' id='word_1_139' title='bbox 1391 2045 1517 2138; x_wconf 72' lang='lat' dir='ltr'><strong>praedic,</strong></span> 
     </span>
     <span class='ocr_line' id='line_1_17' title="bbox 212 2151 1519 2241; baseline 0.001 -24"><span class='ocrx_word' id='word_1_140' title='bbox 212 2163 250 2218; x_wconf 84' lang='lat' dir='ltr'><strong>ut</strong></span> <span class='ocrx_word' id='word_1_141' title='bbox 266 2175 322 2241; x_wconf 75' lang='lat' dir='ltr'><strong>uec</strong></span> <span class='ocrx_word' id='word_1_142' title='bbox 336 2154 391 2216; x_wconf 85' lang='lat' dir='ltr'><strong>ille</strong></span> <span class='ocrx_word' id='word_1_143' title='bbox 406 2172 482 2218; x_wconf 82' lang='lat' dir='ltr'><strong>cum</strong></span> <span class='ocrx_word' id='word_1_144' title='bbox 496 2151 611 2230; x_wconf 72' lang='lat' dir='ltr'><strong>altero,</strong></span> <span class='ocrx_word' id='word_1_145' title='bbox 625 2171 683 2214; x_wconf 84' lang='lat' dir='ltr'><strong>nec</strong></span> <span class='ocrx_word' id='word_1_146' title='bbox 699 2151 759 2215; x_wconf 86' lang='lat' dir='ltr'><strong>illc</strong></span> <span class='ocrx_word' id='word_1_147' title='bbox 773 2171 850 2216; x_wconf 83' lang='lat' dir='ltr'><strong>curo</strong></span> <span class='ocrx_word' id='word_1_148' title='bbox 863 2151 966 2216; x_wconf 83' lang='lat' dir='ltr'><strong>altero</strong></span> <span class='ocrx_word' id='word_1_149' title='bbox 987 2151 1153 2234; x_wconf 79' lang='lat' dir='ltr'><strong>idscor&#39;et,</strong></span> <span class='ocrx_word' id='word_1_150' title='bbox 1163 2161 1285 2225; x_wconf 69' lang='lat' dir='ltr'><strong>,utrum</strong></span> <span class='ocrx_word' id='word_1_151' title='bbox 1298 2155 1435 2238; x_wconf 76' lang='lat' dir='ltr'><strong>nuptiae</strong></span> <span class='ocrx_word' id='word_1_152' title='bbox 1449 2154 1519 2236; x_wconf 69' lang='lat' dir='ltr'><strong>ciret</strong></span> 
     </span>
     <span class='ocr_line' id='line_1_18' title="bbox 213 2257 1520 2344; baseline 0.002 -20"><span class='ocrx_word' id='word_1_153' title='bbox 213 2259 393 2326; x_wconf 80' lang='lat' dir='ltr'><strong>vocandae·</strong></span> <span class='ocrx_word' id='word_1_154' title='bbox 431 2258 480 2325; x_wconf 82' lang='lat' dir='ltr'><strong>Et</strong></span> <span class='ocrx_word' id='word_1_155' title='bbox 500 2265 610 2340; x_wconf 74' lang='lat' dir='ltr'><strong>protest</strong></span> <span class='ocrx_word' id='word_1_156' title='bbox 624 2257 759 2342; x_wconf 72' lang='lat' dir='ltr'><strong>peridem</strong></span> <span class='ocrx_word' id='word_1_157' title='bbox 775 2259 925 2340; x_wconf 76' lang='lat' dir='ltr'><strong>sortasse</strong></span> <span class='ocrx_word' id='word_1_158' title='bbox 939 2279 1005 2332; x_wconf 77' lang='lat' dir='ltr'><strong>¹riou</strong></span> <span class='ocrx_word' id='word_1_159' title='bbox 1019 2258 1183 2325; x_wconf 73' lang='lat' dir='ltr'><strong>absurdae</strong></span> <span class='ocrx_word' id='word_1_160' title='bbox 1196 2259 1254 2324; x_wconf 85' lang='lat' dir='ltr'><strong>lroc</strong></span> <span class='ocrx_word' id='word_1_161' title='bbox 1268 2261 1434 2344; x_wconf 78' lang='lat' dir='ltr'><strong>appellari</strong></span> <span class='ocrx_word' id='word_1_162' title='bbox 1444 2282 1520 2333; x_wconf 76' lang='lat' dir='ltr'><strong>cort·</strong></span> 
     </span>
     <span class='ocr_line' id='line_1_19' title="bbox 213 2346 1518 2454; baseline -0.003 -20"><span class='ocrx_word' id='word_1_163' title='bbox 213 2371 361 2454; x_wconf 81' lang='lat' dir='ltr'><strong>oubipm,</strong></span> <span class='ocrx_word' id='word_1_164' title='bbox 376 2371 408 2431; x_wconf 84' lang='lat' dir='ltr'><strong>si</strong></span> <span class='ocrx_word' id='word_1_165' title='bbox 421 2346 524 2452; x_wconf 73' lang='lat' dir='ltr'><strong>respue</strong></span> <span class='ocrx_word' id='word_1_166' title='bbox 538 2367 587 2437; x_wconf 83' lang='lat' dir='ltr'><strong>od.</strong></span> <span class='ocrx_word' id='word_1_167' title='bbox 597 2375 736 2432; x_wconf 81' lang='lat' dir='ltr'><strong>mortem</strong></span> <span class='ocrx_word' id='word_1_168' title='bbox 750 2368 893 2452; x_wconf 70' lang='lat' dir='ltr'><strong>olicrrp‘us</strong></span> <span class='ocrx_word' id='word_1_169' title='bbox 907 2387 1021 2435; x_wconf 80' lang='lat' dir='ltr'><strong>eorum</strong></span> <span class='ocrx_word' id='word_1_170' title='bbox 1034 2369 1071 2432; x_wconf 81' lang='lat' dir='ltr'><strong>id</strong></span> <span class='ocrx_word' id='word_1_171' title='bbox 1093 2371 1179 2432; x_wconf 82' lang='lat' dir='ltr'><strong>inter</strong></span> <span class='ocrx_word' id='word_1_172' title='bbox 1194 2391 1246 2436; x_wconf 82' lang='lat' dir='ltr'><strong>eor</strong></span> <span class='ocrx_word' id='word_1_173' title='bbox 1258 2370 1429 2452; x_wconf 71' lang='lat' dir='ltr'><strong>plecterit,</strong></span> <span class='ocrx_word' id='word_1_174' title='bbox 1444 2389 1518 2445; x_wconf 80' lang='lat' dir='ltr'><strong>can.</strong></span> 
     </span>
     <span class='ocr_line' id='line_1_20' title="bbox 213 2473 1519 2570; baseline 0.001 -26"><span class='ocrx_word' id='word_1_175' title='bbox 213 2482 242 2544; x_wconf 88' lang='grc'><strong>6.</strong></span> <span class='ocrx_word' id='word_1_176' title='bbox 258 2499 346 2570; x_wconf 62' lang='lat' dir='ltr'><strong>caus.</strong></span> <span class='ocrx_word' id='word_1_177' title='bbox 362 2478 413 2542; x_wconf 82' lang='lat'><strong>32.</strong></span> <span class='ocrx_word' id='word_1_178' title='bbox 429 2486 553 2559; x_wconf 85' lang='lat' dir='ltr'><strong>quaest.</strong></span> <span class='ocrx_word' id='word_1_179' title='bbox 574 2476 603 2540; x_wconf 83' lang='lat'><strong>2.</strong></span> <span class='ocrx_word' id='word_1_180' title='bbox 648 2473 775 2541; x_wconf 84' lang='lat' dir='ltr'><strong>Deinde</strong></span> <span class='ocrx_word' id='word_1_181' title='bbox 790 2477 888 2540; x_wconf 87' lang='lat' dir='ltr'><strong>etiarn</strong></span> <span class='ocrx_word' id='word_1_182' title='bbox 915 2475 1052 2542; x_wconf 87' lang='lat' dir='ltr'><strong>Concilir</strong></span> <span class='ocrx_word' id='word_1_183' title='bbox 1068 2475 1221 2550; x_wconf 74' lang='lat' dir='ltr'><strong>Toletani</strong></span> <span class='ocrx_word' id='word_1_184' title='bbox 1237 2477 1356 2558; x_wconf 81' lang='lat' dir='ltr'><strong>Patres,</strong></span> <span class='ocrx_word' id='word_1_185' title='bbox 1371 2489 1403 2542; x_wconf 91' lang='lat' dir='ltr'><strong>et</strong></span> <span class='ocrx_word' id='word_1_186' title='bbox 1415 2479 1449 2547; x_wconf 85' lang='lat' dir='ltr'><strong>S.</strong></span> <span class='ocrx_word' id='word_1_187' title='bbox 1463 2479 1519 2545; x_wconf 87' lang='lat' dir='ltr'><strong>lsi·</strong></span> 
     </span>
     <span class='ocr_line' id='line_1_21' title="bbox 213 2583 1520 2674; baseline -0.001 -21"><span class='ocrx_word' id='word_1_188' title='bbox 213 2588 313 2674; x_wconf 83' lang='lat' dir='ltr'><strong>dorus¹</strong></span> <span class='ocrx_word' id='word_1_189' title='bbox 320 2585 528 2670; x_wconf 83' lang='lat' dir='ltr'><strong>Hispalensis</strong></span> <span class='ocrx_word' id='word_1_190' title='bbox 553 2586 640 2650; x_wconf 85' lang='lat' dir='ltr'><strong>hanc</strong></span> <span class='ocrx_word' id='word_1_191' title='bbox 654 2584 890 2651; x_wconf 86' lang='lat' dir='ltr'><strong>concubinatus</strong></span> <span class='ocrx_word' id='word_1_192' title='bbox 916 2583 1053 2651; x_wconf 83' lang='lat' dir='ltr'><strong>sormam</strong></span> <span class='ocrx_word' id='word_1_193' title='bbox 1066 2585 1112 2651; x_wconf 87' lang='lat' dir='ltr'><strong>ad</strong></span> <span class='ocrx_word' id='word_1_194' title='bbox 1128 2586 1257 2668; x_wconf 79' lang='lat' dir='ltr'><strong>regulas</strong></span> <span class='ocrx_word' id='word_1_195' title='bbox 1266 2587 1348 2672; x_wconf 85' lang='lat' dir='ltr'><strong>juris</strong></span> <span class='ocrx_word' id='word_1_196' title='bbox 1363 2589 1520 2668; x_wconf 73' lang='lat' dir='ltr'><strong>patruclis</strong></span> 
     </span>
     <span class='ocr_line' id='line_1_22' title="bbox 213 2693 1521 2784; baseline 0 -22"><span class='ocrx_word' id='word_1_197' title='bbox 213 2709 365 2784; x_wconf 75' lang='lat' dir='ltr'><strong>exactam</strong></span> <span class='ocrx_word' id='word_1_198' title='bbox 379 2716 445 2763; x_wconf 88' lang='lat' dir='ltr'><strong>aon</strong></span> <span class='ocrx_word' id='word_1_199' title='bbox 459 2695 644 2778; x_wconf 87' lang='lat' dir='ltr'><strong>improbare.</strong></span> <span class='ocrx_word' id='word_1_200' title='bbox 661 2693 792 2776; x_wconf 81' lang='lat' dir='ltr'><strong>penitus</strong></span> <span class='ocrx_word' id='word_1_201' title='bbox 807 2695 1037 2776; x_wconf 65' lang='lat' dir='ltr'><strong>potueruntin</strong></span> <span class='ocrx_word' id='word_1_202' title='bbox 1058 2713 1132 2767; x_wconf 74' lang='lat' dir='ltr'><strong>cem</strong></span> <span class='ocrx_word' id='word_1_203' title='bbox 1145 2697 1176 2760; x_wconf 85' lang='lat' dir='ltr'><strong>t.</strong></span> <span class='ocrx_word' id='word_1_204' title='bbox 1193 2707 1225 2774; x_wconf 79' lang='lat' dir='ltr'><strong>et</strong></span> <span class='ocrx_word' id='word_1_205' title='bbox 1240 2699 1278 2778; x_wconf 84' lang='grc'><strong>5.,</strong></span> <span class='ocrx_word' id='word_1_206' title='bbox 1295 2699 1323 2762; x_wconf 86' lang='lat' dir='ltr'><strong>si</strong></span> <span class='ocrx_word' id='word_1_207' title='bbox 1338 2710 1447 2780; x_wconf 76' lang='lat' dir='ltr'><strong>tamen</strong></span> <span class='ocrx_word' id='word_1_208' title='bbox 1460 2699 1521 2765; x_wconf 87' lang='lat' dir='ltr'><strong>iste</strong></span> 
     </span>
     <span class='ocr_line' id='line_1_23' title="bbox 213 2785 1521 2894; baseline -0.003 -20"><span class='ocrx_word' id='word_1_209' title='bbox 213 2808 377 2894; x_wconf 75' lang='lat' dir='ltr'><strong>genrrlpus</strong></span> <span class='ocrx_word' id='word_1_210' title='bbox 391 2816 447 2888; x_wconf 88' lang='lat' dir='ltr'><strong>est,</strong></span> <span class='ocrx_word' id='word_1_211' title='bbox 474 2803 623 2884; x_wconf 65' lang='lat' dir='ltr'><strong>discet,</strong></span> <span class='ocrx_word' id='word_1_212' title='bbox 640 2785 695 2868; x_wconf 87' lang='lat' dir='ltr'><strong>nbi</strong></span> <span class='ocrx_word' id='word_1_213' title='bbox 709 2801 867 2886; x_wconf 76' lang='lat' dir='ltr'><strong>legimus,¹</strong></span> <span class='ocrx_word' id='word_1_214' title='bbox 886 2823 952 2872; x_wconf 91' lang='lat' dir='ltr'><strong>uon</strong></span> <span class='ocrx_word' id='word_1_215' title='bbox 972 2823 1044 2868; x_wconf 88' lang='lat' dir='ltr'><strong>esse</strong></span> <span class='ocrx_word' id='word_1_216' title='bbox 1058 2808 1331 2884; x_wconf 62' lang='lat' dir='ltr'><strong>acommunione</strong></span> <span class='ocrx_word' id='word_1_217' title='bbox 1345 2795 1521 2877; x_wconf 80' lang='lat' dir='ltr'><strong>christiana</strong></span> 
     </span>
     <span class='ocr_line' id='line_1_24' title="bbox 213 2911 1522 3010; baseline -0.002 -29"><span class='ocrx_word' id='word_1_218' title='bbox 213 2917 444 3010; x_wconf 78' lang='lat' dir='ltr'><strong>repellendum,</strong></span> <span class='ocrx_word' id='word_1_219' title='bbox 459 2914 516 2996; x_wconf 90' lang='lat' dir='ltr'><strong>qui</strong></span> <span class='ocrx_word' id='word_1_220' title='bbox 531 2930 637 2979; x_wconf 87' lang='lat' dir='ltr'><strong>nuum</strong></span> <span class='ocrx_word' id='word_1_221' title='bbox 652 2921 783 2986; x_wconf 83' lang='lat' dir='ltr'><strong>tautum</strong></span> <span class='ocrx_word' id='word_1_222' title='bbox 798 2911 850 2976; x_wconf 86' lang='lat' dir='ltr'><strong>vel</strong></span> <span class='ocrx_word' id='word_1_223' title='bbox 868 2914 968 2992; x_wconf 86' lang='lat' dir='ltr'><strong>uxori,</strong></span> <span class='ocrx_word' id='word_1_224' title='bbox 996 2913 1050 2978; x_wconf 89' lang='lat' dir='ltr'><strong>rel</strong></span> <span class='ocrx_word' id='word_1_225' title='bbox 1064 2914 1094 3007; x_wconf 74' lang='lat' dir='ltr'><strong>si</strong></span> <span class='ocrx_word' id='word_1_226' title='bbox 1106 2931 1188 2978; x_wconf 81' lang='lat' dir='ltr'><strong>uxor</strong></span> <span class='ocrx_word' id='word_1_227' title='bbox 1203 2913 1293 2976; x_wconf 86' lang='lat' dir='ltr'><strong>nulla</strong></span> <span class='ocrx_word' id='word_1_228' title='bbox 1309 2915 1357 2992; x_wconf 88' lang='lat' dir='ltr'><strong>sit,</strong></span> <span class='ocrx_word' id='word_1_229' title='bbox 1372 2913 1522 2981; x_wconf 84' lang='lat' dir='ltr'><strong>concubi·</strong></span> 
     </span>
     <span class='ocr_line' id='line_1_25' title="bbox 213 3020 1521 3108; baseline 0.001 -22"><span class='ocrx_word' id='word_1_230' title='bbox 213 3043 276 3086; x_wconf 86' lang='lat' dir='ltr'><strong>nae</strong></span> <span class='ocrx_word' id='word_1_231' title='bbox 291 3025 517 3108; x_wconf 72' lang='lat' dir='ltr'><strong>cenjnngatuu</strong></span> <span class='ocrx_word' id='word_1_232' title='bbox 535 3037 600 3101; x_wconf 91' lang='lat' dir='ltr'><strong>quc</strong></span> <span class='ocrx_word' id='word_1_233' title='bbox 615 3020 825 3092; x_wconf 80' lang='lat' dir='ltr'><strong>senapariam</strong></span> <span class='ocrx_word' id='word_1_234' title='bbox 853 3021 1029 3103; x_wconf 77' lang='lat' dir='ltr'><strong>Imperator</strong></span> <span class='ocrx_word' id='word_1_235' title='bbox 1043 3022 1062 3084; x_wconf 95' lang='lat' dir='ltr'>J</span> <span class='ocrx_word' id='word_1_236' title='bbox 1065 3022 1248 3096; x_wconf 70' lang='lat' dir='ltr'><strong>marinianus</strong></span> <span class='ocrx_word' id='word_1_237' title='bbox 1263 3023 1297 3086; x_wconf 92' lang='lat' dir='ltr'><strong>in</strong></span> <span class='ocrx_word' id='word_1_238' title='bbox 1312 3023 1331 3086; x_wconf 93' lang='lat' dir='ltr'><strong>l.</strong></span> <span class='ocrx_word' id='word_1_239' title='bbox 1348 3025 1377 3093; x_wconf 86' lang='lat' dir='ltr'><strong>li.</strong></span> <span class='ocrx_word' id='word_1_240' title='bbox 1393 3023 1521 3102; x_wconf 70' lang='lat' dir='ltr'><strong>codad</strong></span> 
     </span>
     <span class='ocr_line' id='line_1_26' title="bbox 208 3113 1522 3224; baseline 0.003 -32"><span class='ocrx_word' id='word_1_241' title='bbox 208 3130 287 3216; x_wconf 77' lang='lat' dir='ltr'><strong>San.</strong></span> <span class='ocrx_word' id='word_1_242' title='bbox 304 3129 399 3192; x_wconf 80' lang='lat' dir='ltr'><strong>(lons.</strong></span> <span class='ocrx_word' id='word_1_243' title='bbox 416 3113 650 3210; x_wconf 69' lang='lat' dir='ltr'><strong>Orphitianum</strong></span> <span class='ocrx_word' id='word_1_244' title='bbox 662 3127 918 3223; x_wconf 78' lang='lat' dir='ltr'><strong>concubinatum</strong></span> <span class='ocrx_word' id='word_1_245' title='bbox 933 3129 1044 3224; x_wconf 77' lang='lat' dir='ltr'><strong>licitae</strong></span> <span class='ocrx_word' id='word_1_246' title='bbox 1058 3131 1307 3199; x_wconf 80' lang='lat' dir='ltr'><strong>cortcuetudiuis</strong></span> <span class='ocrx_word' id='word_1_247' title='bbox 1322 3133 1455 3203; x_wconf 88' lang='lat' dir='ltr'><strong>nomine</strong></span> <span class='ocrx_word' id='word_1_248' title='bbox 1467 3152 1522 3218; x_wconf 80' lang='lat' dir='ltr'><strong>ap</strong></span> 
     </span>
     <span class='ocr_line' id='line_1_27' title="bbox 214 3237 1058 3329; baseline -0.004 -26"><span class='ocrx_word' id='word_1_249' title='bbox 214 3237 362 3321; x_wconf 76' lang='lat' dir='ltr'><strong>pellarit.</strong></span> <span class='ocrx_word' id='word_1_250' title='bbox 423 3309 426 3316; x_wconf 41' lang='lat'>‚</span> <span class='ocrx_word' id='word_1_251' title='bbox 1056 3318 1058 3329; x_wconf 37' lang='grc' dir='ltr'>Ι</span> 
     </span>
    </p>

    <p class='ocr_par' dir='ltr' id='par_1_4' title="bbox 207 3347 1533 4534">
     <span class='ocr_line' id='line_1_28' title="bbox 256 3347 1522 3442; baseline 0.005 -28"><span class='ocrx_word' id='word_1_252' title='bbox 256 3350 381 3430; x_wconf 76' lang='lat' dir='ltr'><strong>Interea</strong></span> <span class='ocrx_word' id='word_1_253' title='bbox 397 3349 531 3432; x_wconf 88' lang='lat' dir='ltr'><strong>quidam</strong></span> <span class='ocrx_word' id='word_1_254' title='bbox 556 3347 671 3434; x_wconf 79' lang='lat' dir='ltr'><strong>priscis</strong></span> <span class='ocrx_word' id='word_1_255' title='bbox 686 3347 854 3424; x_wconf 79' lang='lat' dir='ltr'><strong>Ecclesiae</strong></span> <span class='ocrx_word' id='word_1_256' title='bbox 879 3349 1028 3429; x_wconf 81' lang='lat' dir='ltr'><strong>saeculis,</strong></span> <span class='ocrx_word' id='word_1_257' title='bbox 1044 3349 1186 3442; x_wconf 66' lang='lat' dir='ltr'><strong>⁸plurimi</strong></span> <span class='ocrx_word' id='word_1_258' title='bbox 1208 3363 1318 3417; x_wconf 86' lang='lat' dir='ltr'><strong>autem</strong></span> <span class='ocrx_word' id='word_1_259' title='bbox 1341 3354 1522 3438; x_wconf 83' lang='lat' dir='ltr'><strong>recentiore,</strong></span> 
     </span>
     <span class='ocr_line' id='line_1_29' title="bbox 216 3457 1523 3550; baseline 0.008 -33"><span class='ocrx_word' id='word_1_260' title='bbox 216 3465 248 3518; x_wconf 88' lang='lat' dir='ltr'><strong>et</strong></span> <span class='ocrx_word' id='word_1_261' title='bbox 263 3457 409 3538; x_wconf 80' lang='lat' dir='ltr'><strong>aequiore</strong></span> <span class='ocrx_word' id='word_1_262' title='bbox 435 3467 538 3544; x_wconf 78' lang='lat' dir='ltr'><strong>aetate</strong></span> <span class='ocrx_word' id='word_1_263' title='bbox 553 3460 735 3539; x_wconf 82' lang='lat' dir='ltr'><strong>extiterunt,</strong></span> <span class='ocrx_word' id='word_1_264' title='bbox 762 3461 818 3541; x_wconf 88' lang='lat' dir='ltr'><strong>qui</strong></span> <span class='ocrx_word' id='word_1_265' title='bbox 835 3460 988 3550; x_wconf 80' lang='lat' dir='ltr'><strong>permisso</strong></span> <span class='ocrx_word' id='word_1_266' title='bbox 1002 3463 1220 3532; x_wconf 82' lang='lat' dir='ltr'><strong>concubinatu</strong></span> <span class='ocrx_word' id='word_1_267' title='bbox 1237 3466 1452 3541; x_wconf 80' lang='lat' dir='ltr'><strong>abutererrtru.</strong></span> <span class='ocrx_word' id='word_1_268' title='bbox 1468 3483 1523 3528; x_wconf 90' lang='lat' dir='ltr'><strong>ou-</strong></span> 
     </span>
     <span class='ocr_line' id='line_1_30' title="bbox 207 3567 1524 3660; baseline 0.004 -34"><span class='ocrx_word' id='word_1_269' title='bbox 207 3567 265 3652; x_wconf 88' lang='lat' dir='ltr'><strong>jus</strong></span> <span class='ocrx_word' id='word_1_270' title='bbox 288 3567 528 3630; x_wconf 88' lang='lat' dir='ltr'><strong>abususeausa</strong></span> <span class='ocrx_word' id='word_1_271' title='bbox 552 3567 676 3650; x_wconf 83' lang='lat' dir='ltr'><strong>duplex</strong></span> <span class='ocrx_word' id='word_1_272' title='bbox 701 3569 986 3650; x_wconf 63' lang='lat' dir='ltr'><strong>erectaerecta</strong></span> <span class='ocrx_word' id='word_1_273' title='bbox 1011 3588 1078 3638; x_wconf 88' lang='lat' dir='ltr'><strong>non</strong></span> <span class='ocrx_word' id='word_1_274' title='bbox 1101 3571 1241 3651; x_wconf 78' lang='lat' dir='ltr'><strong>deerant,</strong></span> <span class='ocrx_word' id='word_1_275' title='bbox 1261 3573 1318 3654; x_wconf 89' lang='lat' dir='ltr'><strong>qni</strong></span> <span class='ocrx_word' id='word_1_276' title='bbox 1341 3569 1524 3660; x_wconf 81' lang='lat' dir='ltr'><strong>sibilacile</strong></span> 
     </span>
     <span class='ocr_line' id='line_1_31' title="bbox 213 3675 1525 3766; baseline 0.003 -28"><span class='ocrx_word' id='word_1_277' title='bbox 213 3675 458 3760; x_wconf 85' lang='lat' dir='ltr'><strong>persuadebant,</strong></span> <span class='ocrx_word' id='word_1_278' title='bbox 484 3694 627 3756; x_wconf 81' lang='lat' dir='ltr'><strong>possess</strong></span> <span class='ocrx_word' id='word_1_279' title='bbox 653 3696 708 3758; x_wconf 93' lang='lat' dir='ltr'><strong>pro</strong></span> <span class='ocrx_word' id='word_1_280' title='bbox 724 3675 830 3741; x_wconf 88' lang='lat' dir='ltr'><strong>lubitu</strong></span> <span class='ocrx_word' id='word_1_281' title='bbox 856 3678 1073 3766; x_wconf 80' lang='lat' dir='ltr'><strong>corroubluetn</strong></span> <span class='ocrx_word' id='word_1_282' title='bbox 1085 3678 1261 3758; x_wconf 76' lang='lat' dir='ltr'><strong>dimittere,</strong></span> <span class='ocrx_word' id='word_1_283' title='bbox 1286 3678 1366 3760; x_wconf 84' lang='lat' dir='ltr'><strong>quia</strong></span> <span class='ocrx_word' id='word_1_284' title='bbox 1381 3678 1452 3758; x_wconf 83' lang='lat' dir='ltr'><strong>lege</strong></span> <span class='ocrx_word' id='word_1_285' title='bbox 1467 3695 1525 3759; x_wconf 91' lang='lat' dir='ltr'><strong>pu·</strong></span> 
     </span>
     <span class='ocr_line' id='line_1_32' title="bbox 214 3783 1526 3866; baseline -0.001 -18"><span class='ocrx_word' id='word_1_286' title='bbox 214 3785 299 3848; x_wconf 90' lang='lat' dir='ltr'><strong>blica</strong></span> <span class='ocrx_word' id='word_1_287' title='bbox 315 3803 380 3848; x_wconf 91' lang='lat' dir='ltr'><strong>non</strong></span> <span class='ocrx_word' id='word_1_288' title='bbox 406 3783 723 3856; x_wconf 77' lang='lat' dir='ltr'><strong>animadvertebatur</strong></span> <span class='ocrx_word' id='word_1_289' title='bbox 737 3786 772 3848; x_wconf 90' lang='lat' dir='ltr'><strong>in</strong></span> <span class='ocrx_word' id='word_1_290' title='bbox 795 3785 1123 3866; x_wconf 66' lang='lat' dir='ltr'><strong>diruitteetes‘.etiem</strong></span> <span class='ocrx_word' id='word_1_291' title='bbox 1146 3788 1174 3854; x_wconf 88' lang='lat' dir='ltr'><strong>si</strong></span> <span class='ocrx_word' id='word_1_292' title='bbox 1194 3786 1284 3852; x_wconf 87' lang='lat' dir='ltr'><strong>nulle</strong></span> <span class='ocrx_word' id='word_1_293' title='bbox 1310 3795 1394 3850; x_wconf 88' lang='lat' dir='ltr'><strong>esset</strong></span> <span class='ocrx_word' id='word_1_294' title='bbox 1416 3783 1526 3848; x_wconf 85' lang='lat' dir='ltr'><strong>dimit·</strong></span> 
     </span>
     <span class='ocr_line' id='line_1_33' title="bbox 214 3890 1521 3974; baseline 0.001 -17"><span class='ocrx_word' id='word_1_295' title='bbox 214 3892 303 3958; x_wconf 90' lang='lat' dir='ltr'><strong>tendi</strong></span> <span class='ocrx_word' id='word_1_296' title='bbox 316 3911 426 3973; x_wconf 86' lang='lat' dir='ltr'><strong>capsa,</strong></span> <span class='ocrx_word' id='word_1_297' title='bbox 442 3903 475 3954; x_wconf 87' lang='lat' dir='ltr'><strong>et</strong></span> <span class='ocrx_word' id='word_1_298' title='bbox 499 3891 592 3956; x_wconf 91' lang='lat' dir='ltr'><strong>nulla</strong></span> <span class='ocrx_word' id='word_1_299' title='bbox 605 3892 640 3954; x_wconf 89' lang='lat' dir='ltr'><strong>ln</strong></span> <span class='ocrx_word' id='word_1_300' title='bbox 654 3890 846 3966; x_wconf 84' lang='lat' dir='ltr'><strong>dimittendo</strong></span> <span class='ocrx_word' id='word_1_301' title='bbox 871 3893 1059 3960; x_wconf 87' lang='lat' dir='ltr'><strong>solemnitas</strong></span> <span class='ocrx_word' id='word_1_302' title='bbox 1080 3893 1296 3974; x_wconf 66' lang='lat' dir='ltr'><strong>intercederet</strong></span> <span class='ocrx_word' id='word_1_303' title='bbox 1312 3894 1412 3959; x_wconf 86' lang='lat' dir='ltr'><strong>immo</strong></span> <span class='ocrx_word' id='word_1_304' title='bbox 1426 3903 1460 3957; x_wconf 91' lang='lat' dir='ltr'><strong>et</strong></span> <span class='ocrx_word' id='word_1_305' title='bbox 1480 3911 1521 3958; x_wconf 77' lang='lat' dir='ltr'><strong>ee</strong></span> 
     </span>
     <span class='ocr_line' id='line_1_34' title="bbox 215 4000 1529 4084; baseline 0.001 -18"><span class='ocrx_word' id='word_1_306' title='bbox 215 4003 384 4068; x_wconf 86' lang='lat' dir='ltr'><strong>voluntate</strong></span> <span class='ocrx_word' id='word_1_307' title='bbox 398 4000 441 4064; x_wconf 88' lang='lat' dir='ltr'><strong>ad</strong></span> <span class='ocrx_word' id='word_1_308' title='bbox 467 4001 721 4066; x_wconf 89' lang='lat' dir='ltr'><strong>concubinatum</strong></span> <span class='ocrx_word' id='word_1_309' title='bbox 736 4019 902 4084; x_wconf 85' lang='lat' dir='ltr'><strong>perperam</strong></span> <span class='ocrx_word' id='word_1_310' title='bbox 927 4004 1148 4084; x_wconf 88' lang='lat' dir='ltr'><strong>debeniebaut,</strong></span> <span class='ocrx_word' id='word_1_311' title='bbox 1165 4015 1201 4068; x_wconf 92' lang='lat' dir='ltr'><strong>ut</strong></span> <span class='ocrx_word' id='word_1_312' title='bbox 1222 4003 1347 4068; x_wconf 89' lang='lat' dir='ltr'><strong>scillcet</strong></span> <span class='ocrx_word' id='word_1_313' title='bbox 1361 4003 1418 4066; x_wconf 87' lang='lat' dir='ltr'><strong>illa</strong></span> <span class='ocrx_word' id='word_1_314' title='bbox 1432 4003 1529 4073; x_wconf 85' lang='lat' dir='ltr'><strong>mari·</strong></span> 
     </span>
     <span class='ocr_line' id='line_1_35' title="bbox 215 4109 1533 4197; baseline 0.003 -25"><span class='ocrx_word' id='word_1_315' title='bbox 215 4111 288 4176; x_wconf 86' lang='lat' dir='ltr'><strong>talis</strong></span> <span class='ocrx_word' id='word_1_316' title='bbox 303 4111 486 4197; x_wconf 88' lang='lat' dir='ltr'><strong>conjunctio</strong></span> <span class='ocrx_word' id='word_1_317' title='bbox 511 4109 651 4192; x_wconf 89' lang='lat' dir='ltr'><strong>speciem</strong></span> <span class='ocrx_word' id='word_1_318' title='bbox 666 4109 800 4192; x_wconf 88' lang='lat' dir='ltr'><strong>quidem</strong></span> <span class='ocrx_word' id='word_1_319' title='bbox 814 4114 1005 4184; x_wconf 85' lang='lat' dir='ltr'><strong>exteriorem</strong></span> <span class='ocrx_word' id='word_1_320' title='bbox 1028 4114 1264 4180; x_wconf 86' lang='lat' dir='ltr'><strong>concubinatus</strong></span> <span class='ocrx_word' id='word_1_321' title='bbox 1285 4113 1425 4192; x_wconf 88' lang='lat' dir='ltr'><strong>haberet,</strong></span> <span class='ocrx_word' id='word_1_322' title='bbox 1440 4131 1533 4188; x_wconf 80' lang='lat' dir='ltr'><strong>rere,</strong></span> 
     </span>
     <span class='ocr_line' id='line_1_36' title="bbox 215 4221 1525 4310; baseline 0.003 -22"><span class='ocrx_word' id='word_1_323' title='bbox 215 4243 251 4288; x_wconf 88' lang='lat' dir='ltr'><strong>ra</strong></span> <span class='ocrx_word' id='word_1_324' title='bbox 265 4223 459 4288; x_wconf 86' lang='lat' dir='ltr'><strong>damnatum</strong></span> <span class='ocrx_word' id='word_1_325' title='bbox 484 4221 610 4304; x_wconf 81' lang='lat' dir='ltr'><strong>legibus</strong></span> <span class='ocrx_word' id='word_1_326' title='bbox 625 4232 774 4303; x_wconf 90' lang='lat' dir='ltr'><strong>stuprum</strong></span> <span class='ocrx_word' id='word_1_327' title='bbox 800 4236 896 4305; x_wconf 70' lang='lat' dir='ltr'><strong>essee</strong></span> <span class='ocrx_word' id='word_1_328' title='bbox 912 4226 1012 4291; x_wconf 89' lang='lat' dir='ltr'><strong>immo</strong></span> <span class='ocrx_word' id='word_1_329' title='bbox 1027 4237 1059 4288; x_wconf 89' lang='lat' dir='ltr'><strong>et</strong></span> <span class='ocrx_word' id='word_1_330' title='bbox 1082 4236 1191 4308; x_wconf 86' lang='lat' dir='ltr'><strong>stupro</strong></span> <span class='ocrx_word' id='word_1_331' title='bbox 1206 4226 1276 4308; x_wconf 91' lang='lat' dir='ltr'><strong>ipso</strong></span> <span class='ocrx_word' id='word_1_332' title='bbox 1302 4245 1340 4290; x_wconf 92' lang='lat' dir='ltr'><strong>eo</strong></span> <span class='ocrx_word' id='word_1_333' title='bbox 1354 4226 1525 4310; x_wconf 74' lang='lat' dir='ltr'><strong>proboslon</strong></span> 
     </span>
     <span class='ocr_line' id='line_1_37' title="bbox 215 4329 1527 4416; baseline 0.004 -25"><span class='ocrx_word' id='word_1_334' title='bbox 215 4347 281 4412; x_wconf 88' lang='lat' dir='ltr'><strong>quo</strong></span> <span class='ocrx_word' id='word_1_335' title='bbox 295 4329 417 4394; x_wconf 90' lang='lat' dir='ltr'><strong>diutius</strong></span> <span class='ocrx_word' id='word_1_336' title='bbox 440 4329 474 4394; x_wconf 89' lang='lat' dir='ltr'><strong>in</strong></span> <span class='ocrx_word' id='word_1_337' title='bbox 500 4348 538 4392; x_wconf 90' lang='lat' dir='ltr'><strong>eo</strong></span> <span class='ocrx_word' id='word_1_338' title='bbox 553 4329 687 4394; x_wconf 89' lang='lat' dir='ltr'><strong>crimine</strong></span> <span class='ocrx_word' id='word_1_339' title='bbox 710 4331 946 4397; x_wconf 84' lang='lat' dir='ltr'><strong>consisteretur.</strong></span> <span class='ocrx_word' id='word_1_340' title='bbox 988 4331 1076 4402; x_wconf 79' lang='lat' dir='ltr'><strong>uuis</strong></span> <span class='ocrx_word' id='word_1_341' title='bbox 1091 4330 1168 4399; x_wconf 89' lang='lat' dir='ltr'><strong>lude</strong></span> <span class='ocrx_word' id='word_1_342' title='bbox 1190 4349 1255 4396; x_wconf 89' lang='lat' dir='ltr'><strong>non</strong></span> <span class='ocrx_word' id='word_1_343' title='bbox 1278 4333 1394 4413; x_wconf 83' lang='lat' dir='ltr'><strong>videat,</strong></span> <span class='ocrx_word' id='word_1_344' title='bbox 1410 4333 1527 4416; x_wconf 89' lang='lat' dir='ltr'><strong>aperiri</strong></span> 
     </span>
     <span class='ocr_line' id='line_1_38' title="bbox 217 4437 1530 4534; baseline 0.001 -28"><span class='ocrx_word' id='word_1_345' title='bbox 217 4441 361 4524; x_wconf 86' lang='lat' dir='ltr'><strong>potuisse</strong></span> <span class='ocrx_word' id='word_1_346' title='bbox 377 4439 466 4504; x_wconf 89' lang='lat' dir='ltr'><strong>viam</strong></span> <span class='ocrx_word' id='word_1_347' title='bbox 479 4438 718 4524; x_wconf 86' lang='lat' dir='ltr'><strong>amplissimam</strong></span> <span class='ocrx_word' id='word_1_348' title='bbox 733 4439 776 4504; x_wconf 91' lang='lat' dir='ltr'><strong>ad</strong></span> <span class='ocrx_word' id='word_1_349' title='bbox 791 4441 832 4521; x_wconf 91' lang='lat' dir='ltr'><strong>ld,</strong></span> <span class='ocrx_word' id='word_1_350' title='bbox 862 4439 950 4524; x_wconf 88' lang='lat' dir='ltr'><strong>quod</strong></span> <span class='ocrx_word' id='word_1_351' title='bbox 965 4438 1053 4506; x_wconf 91' lang='lat' dir='ltr'><strong>dictu</strong></span> <span class='ocrx_word' id='word_1_352' title='bbox 1066 4437 1230 4534; x_wconf 80' lang='lat' dir='ltr'><strong>¹nefarium</strong></span> <span class='ocrx_word' id='word_1_353' title='bbox 1243 4451 1300 4522; x_wconf 86' lang='lat' dir='ltr'><strong>est,</strong></span> <span class='ocrx_word' id='word_1_354' title='bbox 1315 4441 1469 4513; x_wconf 83' lang='lat' dir='ltr'><strong>nimirum</strong></span> <span class='ocrx_word' id='word_1_355' title='bbox 1483 4439 1530 4507; x_wconf 84' lang='lat' dir='ltr'><strong>ed</strong></span> 
     </span>
    </p>
   </div>
   <div class='ocr_carea' id='block_1_3' title="bbox 0 0 1656 4984">
    <p class='ocr_par' dir='ltr' id='par_1_5' title="bbox 0 0 1656 4984">
     <span class='ocr_line' id='line_1_39' title="bbox 0 0 1656 4984; baseline 0 0"><span class='ocrx_word' id='word_1_356' title='bbox 0 0 1656 4984; x_wconf 95' lang='lat' dir='ltr'><strong> </strong></span> 
     </span>
    </p>
   </div>
  </div>
 </body>
</html>
