3276 4984
194 371 235 436 12
643 389 884 438 praedamnato
906 389 1033 436 sarua.
1102 407 1106 416 ·

193 531 268 578 sum
295 525 476 580 nostrorum
504 523 763 599 protoparentum
792 515 978 600 conjugium
1007 513 1159 577 historica
1187 511 1368 576 narratione
1396 509 1488 575 exhi·

193 617 278 701 bent3
295 621 455 702 siquidem
481 642 595 688 senex
620 621 704 686 sacto
718 625 797 708 ipso,
821 643 879 688 scu
894 643 936 687 ex
960 623 1022 686 Dei
1049 621 1151 684 verbis
1177 619 1295 686 ibidem
1320 621 1488 705 expressis,

190 731 270 812 quid
285 733 376 798 Deus
392 745 525 798 naturae
540 748 651 826 auctor
665 736 885 819 praestituerit,
900 733 1161 798 manifestissime
1176 733 1345 796 indicatur.
1379 731 1485 803 uuio-

190 837 270 919 quid
286 842 372 904 enirn
389 841 512 906 Paulus
534 844 775 926 praedicaturus
801 845 976 908 Corinthiis
1002 845 1036 908 in
1051 843 1142 926 epist
1161 844 1188 905 1.
1203 859 1273 925 cap.
1301 843 1359 922 1·1.,
1374 841 1488 904 mulie-

191 966 241 1010 res
255 948 333 1011 viris
345 961 460 1014 natura
475 953 634 1036 subjectas
649 972 718 1015 esse
734 953 855 1032 debere,
880 953 913 1017 id
928 953 1125 1017 demonstrat
1140 973 1181 1016 ex
1197 971 1244 1030 eo,
1260 950 1346 1033 quod
1363 950 1403 1012 de
1418 951 1486 1014 viro

190 1051 307 1118 educta
322 1055 437 1119 mulier
451 1057 554 1138 fuerit,
565 1061 661 1143 juxta
681 1061 832 1144 scriptam
856 1061 974 1125 Genesi
989 1081 1112 1124 sacram
1139 1061 1245 1124 Monis
1271 1059 1488 1124 tradrtioueml

191 1158 364 1243 Quidquid
379 1163 465 1228 idern
493 1167 668 1248 Apostolus
689 1167 723 1230 in
748 1187 817 1250 cap.
842 1170 871 1231 5.
901 1167 1054 1251 epistolae
1079 1166 1121 1230 ad
1151 1143 1311 1250 Ephesios
1336 1167 1443 1230 virum
1457 1156 1490 1230 et

191 1284 327 1332 uxorem
341 1269 384 1332 ad
399 1283 548 1336 mutuam
561 1273 750 1338 charitatem
760 1275 996 1355 exhortaturus,
1006 1273 1192 1358 provocarit
1206 1271 1249 1335 ad
1264 1273 1326 1335 Dei
1341 1291 1488 1356 praecep·

191 1385 270 1457 tum,
287 1379 450 1443 Geneseos
464 1401 534 1465 cap.
549 1381 579 1445 2.
595 1381 647 1446 ibi:
692 1383 869 1471 Relinquat
883 1385 977 1450 honio
984 1393 1126 1470 patrem,
1142 1391 1172 1447 et
1182 1392 1325 1448 metreta
1338 1403 1445 1461 mont,
1459 1390 1493 1446 et

191 1489 382 1554 odhonebit
395 1493 494 1557 mori
506 1515 595 1572 suae,
611 1503 641 1558 et
650 1503 747 1560 erunt
760 1495 826 1559 duo
840 1497 878 1560 in
892 1516 989 1559 carue
1003 1496 1090 1559 uno?
1112 1493 1167 1557 Ex
1180 1493 1243 1556 hoc
1259 1493 1327 1576 ipso
1342 1511 1494 1575 praecep·

192 1606 225 1661 to
240 1617 299 1680 ego
314 1609 476 1682 praeterea
497 1601 698 1685 deducerem,
725 1613 859 1668 naturae
882 1606 955 1688 jure
969 1605 1105 1668 vetitum
1130 1601 1300 1686 adpareres
1314 1621 1356 1665 ne
1370 1616 1490 1666 connu-

192 1705 245 1769 bia
261 1707 342 1771 inter
355 1721 503 1793 parentes
519 1710 624 1792 libero,
640 1711 728 1792 fiant,
743 1711 875 1795 quando
889 1731 965 1775 cum
982 1711 1180 1795 praecipitur,
1196 1729 1272 1794 prae
1282 1729 1382 1774 ruore
1397 1709 1490 1774 relin-

192 1815 436 1895 quendoscsse
460 1828 616 1902 parentes,
632 1821 798 1903 perspicue
813 1819 957 1900 idicatur,
973 1821 1071 1884 aliam
1086 1841 1157 1884 esse
1171 1831 1351 1904 parentum,
1367 1831 1398 1882 et
1413 1819 1492 1883 libe·

192 1943 308 2006 rorum,
324 1925 424 1994 aliam
447 1931 623 2014 conjugum
645 1929 912 2011 benevolentiam
929 1949 968 1992 ac
994 1929 1273 2016 necessitudinem.
1316 1926 1491 2010 Quidquid

192 2035 244 2099 vel
261 2035 328 2120 ipse
343 2037 492 2104 Christus
507 2039 668 2104 Dominus
692 2041 940 2124 interrogatusa
964 2039 1152 2118 Pharisaeis,
1168 2057 1211 2102 an
1226 2038 1335 2102 liceret
1360 2037 1430 2100 viro
1444 2035 1492 2102 di·

192 2141 318 2206 mittere
334 2163 476 2225 uxorem,
492 2146 534 2210 ed
550 2147 664 2212 eadem
679 2149 741 2211 Dei
756 2147 933 2242 conditores
952 2158 1120 2231 praecepta
1133 2149 1356 2229 quaestionem
1371 2147 1492 2230 exegit,

191 2253 470 2334 quemadmodum
485 2267 642 2322 testantur
656 2257 822 2322 Mattheus
836 2278 906 2341 cap.
925 2257 984 2336 19,
999 2267 1031 2318 et
1047 2257 1178 2322 Marcus
1202 2275 1274 2339 cap.
1294 2255 1348 2319 itt?
1371 2255 1493 2320 Memo-

192 2373 262 2424 rata
275 2363 362 2426 enim
377 2363 539 2426 Geneseos
553 2365 659 2444 verba,
675 2375 707 2428 et
722 2365 820 2429 unius
835 2375 962 2428 tanturn
976 2382 1053 2427 cum
1068 2381 1136 2428 una
1150 2363 1339 2447 conjugium
1353 2381 1424 2425 esse
1438 2361 1494 2424 de·

192 2475 274 2538 bere.
291 2485 322 2537 et
336 2493 506 2556 nunquam
536 2475 778 2541 dissolvendam
803 2495 874 2539 esse
903 2477 1077 2560 conjugum
1106 2474 1388 2550 necessitudinem,
1404 2491 1494 2555 aper·

192 2597 223 2649 te
238 2586 467 2648 demonstrent.
511 2587 586 2649 Istis
601 2586 633 2649 in
649 2587 817 2648 haerentes
833 2586 977 2670 vestigiis
994 2583 1200 2649 ecclesiastici
1216 2581 1335 2658 Patres,
1350 2579 1492 2660 quoties·

191 2713 332 2777 cumque
346 2694 580 2778 disputandum
594 2695 656 2758 fuit
671 2693 712 2757 de
738 2707 872 2759 naturae
883 2697 955 2780 jure
985 2696 1017 2758 iu
1041 2693 1198 2777 conjugiis
1222 2687 1434 2767 observando,
1448 2686 1492 2750 ad

191 2807 332 2890 primum
347 2807 426 2870 illud
445 2819 623 2870 nostrorum
638 2818 900 2890 protoparentum
929 2809 1003 2871 Deu
1019 2817 1147 2870 auctore
1162 2803 1358 2867 celebratum
1373 2817 1493 2864 connu-

192 2919 289 2998 bium,
307 2917 407 2981 veluti
422 2916 464 2980 ad
479 2917 651 3000 exemplar,
679 2919 731 2981 cui
757 2929 882 2980 caetera
907 2915 1186 2992 conformarentur,
1213 2921 1429 2993 respexerunt,
1456 2918 1494 2972 ut

190 3027 277 3112 quod
288 3030 320 3091 in
333 3048 371 3090 eo
382 3027 602 3091 contrahendo
613 3029 725 3091 statuit
736 3029 835 3108 Deus,
846 3025 878 3090 id
889 3045 944 3108 pro
956 3023 1103 3102 naturali,
1114 3035 1146 3084 et
1155 3031 1307 3104 perpetua
1318 3019 1387 3100 lege
1397 3017 1495 3082 habs-

190 3147 284 3217 retur,
301 3157 371 3201 can.
389 3137 436 3200 12.
452 3157 540 3200 caus.
556 3137 606 3199 31.
622 3146 744 3218 quaest.
774 3139 811 3214 1,
837 3153 908 3198 oan.
937 3133 985 3194 12.
1014 3132 1062 3194 13.
1093 3131 1142 3193 15.
1171 3129 1219 3192 18.
1239 3127 1321 3192 litet
1336 3127 1387 3190 20.
1404 3145 1494 3190 caus.

190 3244 241 3309 33.
256 3255 380 3327 quaest.
398 3243 437 3324 5,
452 3262 521 3326 cap.
543 3243 572 3306 8.
599 3241 639 3306 de
665 3241 817 3320 divortiis,
843 3252 875 3303 et
897 3239 973 3302 alibi
999 3237 1129 3321 passim.
1173 3233 1266 3305 Quid
1291 3233 1435 3297 tradatur
1458 3231 1493 3296 in

190 3355 279 3420 hano
293 3373 360 3416 rem
375 3353 408 3416 in
431 3351 510 3416 libro
535 3352 697 3414 Geneseos
721 3369 789 3436 cap.
814 3349 844 3412 2.
870 3359 909 3412 et.
933 3348 972 3427 3.,
997 3354 1161 3409 neminem
1187 3343 1319 3407 arbitror
1334 3341 1492 3423 ignorare.

192 3463 366 3545 Eleganter
380 3461 423 3526 ad
439 3461 566 3525 illorum
581 3461 873 3543 interpretationem
887 3456 1013 3520 videtur
1032 3453 1196 3537 scripsisse
1211 3463 1322 3516 auctor
1336 3447 1493 3513 sermonis

190 3574 291 3638 habiti
307 3573 340 3636 in
356 3571 500 3636 Concilio
512 3571 701 3635 Carnotensi
717 3570 795 3632 anni
814 3565 902 3634 1124.
919 3563 1006 3648 apud
1033 3562 1199 3630 Manciam
1225 3571 1300 3624 tom.
1326 3560 1356 3622 2.
1380 3555 1493 3639 Suple·

190 3683 291 3778 manti
314 3681 481 3746 Labbeani
502 3701 574 3764 pag.
601 3681 672 3744 359.
691 3679 744 3742 ibi:
768 3677 810 3742 In
833 3677 890 3741 ills
912 3677 1103 3761 primorum
1128 3673 1316 3736 Parentum
1341 3665 1495 3752 conjugio

190 3793 377 3859 mosellum
391 3795 597 3878 etseminont
612 3789 794 3855 cananaeis
817 3806 974 3852 casanatae
997 3783 1195 3848 adstrinxit:
1214 3789 1306 3845 actos
1321 3777 1494 3842 amborum

191 3904 404 3970 sciscitandos
416 3903 506 3988 proli
521 3901 726 3966 conveneras:
753 3901 872 3985 conjuoe
897 3917 968 3960 urta
992 3895 1052 3959 aab
1077 3915 1143 3958 uno
1167 3893 1302 3956 nectito:
1327 3886 1496 3950 sometime

192 4011 279 4075 thori
290 4011 423 4076 licentia
432 4012 485 4074 cir
500 4029 637 4074 acorem
652 4009 812 4092 cogrwoit
857 4005 1061 4071 indivisum
1074 4023 1179 4088 nsque
1201 4001 1246 4064 od
1271 4005 1409 4062 mortem
1421 4015 1496 4059 mo·

190 4118 405 4182 trimonium.'
438 4117 696 4201 Eccesormom5
711 4139 779 4182 ecee
789 4117 898 4202 primi
911 4116 1069 4180 terminos
1078 4111 1236 4197 conjugit

233 4225 366 4288 Utinam
381 4243 456 4288 vero
471 4226 655 4288 rectissimis
670 4226 740 4288 istis
754 4223 916 4307 principiis
928 4218 1185 4286 constantissime
1196 4214 1421 4279 adhaesissent
1431 4213 1496 4313 ho]

190 4332 304 4412 mines,
320 4351 458 4416 quorum
474 4333 574 4416 major
588 4352 662 4415 pars
677 4331 763 4396 vitiis
777 4331 891 4394 obruta
902 4327 1033 4400 effraeni
1049 4324 1180 4388 libidine
1195 4323 1275 4386 adeo
1292 4321 1410 4404 serapi
1425 4337 1493 4401 per-

190 4441 285 4522 misit,
303 4455 418 4508 utnon
434 4443 540 4508 solum
554 4449 575 4510 a
589 4442 800 4508 sanctissimis
824 4415 983 4506 naturalis
1012 4435 1143 4521 pudoris
1168 4433 1289 4518 regulis
1303 4430 1488 4498 recederent
