3134 4984
190 401 253 470 iat
431 424 521 470 suas
538 423 664 486 rarus,
687 423 930 472 nrsssarasro
944 425 1117 488 saccum,
1134 425 1211 472 car.
1224 403 1280 472 tt.

188 545 357 610 laudatam
372 543 549 612 Justiuiani
574 545 747 612 Novellam
762 545 802 612 de
818 545 988 632 Episcopis
1015 549 1233 614 testimonium
1249 544 1360 612 laturis
1374 563 1468 630 propo

176 656 258 720 *sitis
269 656 389 720 sanctis
403 657 606 740 Evangeliis,
620 657 769 743 adjecerit
781 659 814 722 in
827 677 868 722 au
874 659 1014 722 theutica
1031 659 1098 726 Sed
1112 659 1468 741 samosatensis,

186 774 219 827 et
233 763 315 841 Gler,
360 764 435 830 Nou
449 765 685 850 tomenjruerrt
711 765 844 846 quando
860 777 968 828 tamen
984 765 1065 829 nihil
1091 766 1155 829 tale
1170 765 1287 847 legitur
1302 767 1334 830 iu
1350 765 1469 831 Novella

186 877 401 944 iustiniauea.
435 876 551 940 Delata
567 876 627 940 luit
641 877 857 940 controversia
872 877 914 940 ad
930 876 1111 942 Honorinm
1125 876 1178 951 11,
1193 877 1256 957 vel,
1272 879 1319 941 uti
1335 877 1402 940 aliis
1414 875 1469 960 pla·

184 999 244 1068 cet,
259 989 326 1064 111..
342 988 446 1070 quiin
462 1007 532 1070 cap.
550 989 579 1052 1.
595 987 636 1049 de
645 989 763 1072 juram.
780 989 841 1051 cal.
858 999 958 1052 totam
973 1008 1045 1052 eam
1063 1007 1128 1052 rem
1145 989 1377 1054 moderandam
1390 987 1470 1052 dunt

185 1097 238 1174 ita,
256 1107 290 1158 ut
315 1095 486 1178 Episcopo,
513 1113 554 1158 ue
570 1093 753 1158 inconsulto
767 1093 917 1159 Romano
933 1095 1098 1173 Pontifice,
1125 1095 1305 1176 st,Olerico,
1322 1115 1363 1158 ne
1377 1096 1470 1157 incon·

186 1202 271 1266 sulte
300 1201 462 1284 Episcopo
488 1221 547 1264 suo
567 1202 676 1284 jurare
702 1199 842 1280 auderet,
873 1203 1119 1267 interdiceretur.
1162 1203 1249 1268 Hinc
1279 1203 1400 1268 Lucius
1422 1201 1469 1266 lll.

186 1311 328 1377 clericos
342 1311 374 1374 in
385 1310 509 1396 judicio
519 1312 626 1393 jurare
649 1298 792 1394 oportere
808 1313 967 1396 rescripsit
983 1315 1014 1376 in
1030 1333 1100 1397 cap.
1116 1317 1145 1380 5.
1160 1313 1229 1376 cod.
1255 1315 1311 1392 tir,
1328 1323 1399 1380 utut
1411 1332 1471 1376 cou-

185 1417 356 1482 suetudine
371 1438 405 1480 se
419 1417 462 1481 ab
481 1419 692 1502 jurisjurandi
708 1419 912 1501 obligatione,
926 1421 1090 1486 immunes
1106 1415 1297 1500 adsererent,
1325 1433 1357 1486 et
1371 1425 1471 1504 Grago

185 1527 250 1592 rius
266 1529 326 1592 lx.
342 1529 376 1592 in
391 1537 490 1611 caput
517 1529 573 1594 ult.
588 1528 657 1591 eod.
674 1529 719 1592 tit.
747 1527 926 1611 Episcopos
937 1531 1044 1612 jurare
1065 1531 1162 1614 jussit
1176 1531 1208 1594 iu
1233 1533 1341 1596 causis
1353 1531 1473 1615 judicia·

184 1635 248 1714 riis,
264 1655 327 1700 non
344 1635 477 1717 qtridem
494 1637 595 1716 tactis
622 1635 679 1699 sad
695 1638 863 1720 propositis
880 1634 1078 1722 Evangeliis3
1102 1639 1188 1702 unde
1203 1639 1395 1722 pmfluxisse
1408 1651 1472 1722 puto

183 1743 402 1810 eductionem
418 1765 537 1810 manus
563 1745 604 1810 ad
621 1757 742 1828 pectus,
768 1727 894 1828 quoties
909 1747 952 1811 ab
967 1747 1137 1831 ¹Episcopo
1148 1749 1326 1833 jurandum
1349 1760 1435 1827 esset,
1447 1759 1473 1810 st

182 1854 269 1920 hauc
285 1855 403 1918 delimo
427 1853 470 1918 ad
485 1855 673 1919 Sacerdotes
689 1853 858 1918 uuiverso‘s
883 1873 947 1918 usu
962 1853 1027 1917 sore
1043 1855 1075 1918 in
1091 1855 1200 1936 plures
1222 1855 1410 1920 Provincias
1423 1866 1474 1916 tra·

182 1965 325 2032 discam.
341 1965 539 2038 Quaesitum
555 1963 632 2026 olim
647 1963 752 2027 iuerat
766 1962 855 2047 apud
870 1961 903 2028 S.
919 1961 1143 2046 Arrgustiuum
1153 1968 1172 2028 a
1182 1963 1324 2044 quodam
1343 1961 1475 2028 Publico-

182 2071 223 2150 la‚
239 2082 349 2134 utrum
364 2071 549 2136 Christiano
565 2071 633 2135 viro
648 2071 757 2134 liceret
765 2071 995 2158 jusjurandum
1010 2071 1147 2154 recipere
1167 2079 1187 2136 a
1203 2073 1279 2136 viris
1294 2069 1475 2147 Idololatria,

182 2177 239 2260 qui
252 2195 309 2258 per
323 2176 505 2260 daemones,
532 2189 590 2242 aut
605 2179 699 2258 idola,
716 2199 803 2260 quae
825 2179 974 2260 colerent,
990 2191 1098 2244 essent
1115 2181 1262 2264 juraturi.
1306 2179 1475 2264 Responsio

182 2286 286 2350 sancti
312 2287 577 2351 Antistitisextot
602 2288 689 2372 apud
705 2289 899 2354 Gratianum
925 2291 1045 2354 incan.
1075 2293 1123 2353 lt.
1140 2311 1229 2354 caris.
1256 2291 1306 2356 22.
1322 2311 1355 2373 q.
1384 2293 1420 2368 1.‚
1437 2295 1473 2352 ad
1555 2325 1556 2330 .

181 2415 279 2480 quarn
295 2395 453 2460 nonnulla
479 2395 654 2462 Gratianus
670 2397 755 2462 idem
771 2397 997 2482 explicationis
1019 2415 1120 2460 carisa
1143 2397 1286 2480 subiecit.
1330 2395 1434 2462 Hodie
1448 2393 1475 2455 in

176 2502 308 2588 judiciis
323 2503 446 2586 duplex
470 2503 917 2592 distinguiturjusjurandum
944 2506 1037 2586 illud,
1062 2506 1148 2588 quod
1175 2505 1404 2588 suppletivum,
1429 2513 1478 2568 ant

180 2615 388 2698 pttrgativum
402 2614 592 2698 appellatur,
619 2615 773 2679 nimirum
788 2615 876 2679 aliud
905 2615 1053 2698 simplex,
1079 2613 1170 2678 aliud
1196 2613 1353 2694 solemne,
1378 2613 1412 2677 id
1427 2621 1477 2689 est,
1554 2613 1555 2688 l

180 2711 440 2790 execrationibus
464 2724 599 2808 adjectis
614 2725 867 2808 pronuntiatum,
895 2745 1033 2807 quorum
1048 2725 1176 2790 diversa
1191 2723 1331 2788 formula
1349 2735 1436 2788 extat
1449 2723 1477 2785 iu
1554 2689 1555 2765 i

180 2836 251 2900 libr.
266 2837 297 2899 3.
325 2837 370 2900 tit.
388 2837 437 2900 ld
465 2840 487 2904 l.
502 2836 543 2915 4,
557 2847 589 2900 et
603 2838 631 2900 6.
666 2837 844 2920 Regiorum
859 2837 1136 2901 constitutionum.
1170 2835 1354 2918 Receptum
1376 2847 1480 2898 autem

180 2958 238 3028 est,
253 2953 288 3012 ul
310 2947 539 3032 jtujumudum
562 2944 695 3030 quidem
721 2945 861 3028 simplex
878 2963 932 3028 per
958 2957 1195 3028 procuratorem
1221 2945 1290 3010 fieri
1313 2949 1422 3028 possit,
1437 2941 1477 3006 uti
1553 2933 1554 2946 ¹

180 3055 329 3140 superius
353 3065 501 3120 notatum
516 3064 573 3136 est;
601 3065 635 3118 at
653 3052 883 3138 jusjurandum
909 3053 1053 3118 solemne
1068 3055 1183 3118 debeat
1207 3071 1334 3138 semper
1360 3053 1428 3118 fieri
1443 3051 1480 3114 ab

180 3165 250 3248 ejus
265 3183 409 3248 persona,
435 3165 528 3247 cnjus
544 3171 592 3226 est
606 3181 717 3243 cause;
743 3172 883 3242 streete,
910 3161 1029 3225 etenim
1051 3181 1128 3226 cum
1149 3161 1381 3246 jusjurandum
1404 3153 1478 3223 illud
1552 3229 1553 3238 χ

180 3274 323 3338 solemne
337 3275 371 3338 in
387 3271 587 3358 gravioribus
601 3270 710 3338 causis
725 3271 823 3336 indici
838 3269 948 3350 soleat,
965 3271 1095 3334 interest
1109 3269 1261 3347 maxime,
1287 3279 1325 3332 ut
1340 3267 1376 3347 is,
1393 3267 1481 3347 cujm

179 3385 396 3472 principaliter
410 3401 510 3448 causa
525 3393 680 3460 versatur,
696 3391 728 3444 et
742 3381 865 3446 monita
874 3379 1002 3464 judicis,
1018 3387 1049 3441 et
1064 3395 1191 3461 pressas
1203 3374 1371 3438 'ionnulas
1385 3387 1480 3434 arrec-

179 3493 221 3556 tis
236 3493 378 3572 anribus,
405 3501 591 3574 attenteque
606 3491 716 3555 auimo
731 3489 880 3573 excipiat,
895 3499 932 3552 ut
946 3497 1100 3552 terreatur
1115 3486 1273 3568 gravitate
1293 3486 1348 3566 rei,
1362 3495 1397 3546 et
1410 3497 1482 3544 cau·

180 3602 247 3688 tius
254 3603 347 3684 jurat,
363 3619 488 3688 semper
501 3609 612 3666 autem
626 3606 647 3666 a
662 3598 799 3684 perjurio
813 3599 952 3662 recedat.
1067 3572 1073 3590 ⁶
1551 3589 1552 3681 l

221 3711 373 3794 Vulgaris
387 3721 436 3775 est
456 3710 666 3796 jurisjurandi
692 3709 829 3794 partitio,
853 3727 919 3791 qua
943 3707 1080 3772 alterum
1106 3707 1322 3787 assentorium,
1344 3703 1481 3768 alterum

178 3817 420 3901 promissorium
436 3825 455 3884 a
469 3819 683 3902 Pragmaticis
694 3815 885 3902 appellatur.
908 3817 1124 3882 asserentium
1136 3825 1266 3896 vocant,
1280 3833 1383 3899 qttum
1395 3807 1482 3897 quod

178 3929 213 3994 iu
228 3929 409 4012 praesentia
423 3939 480 4009 est,
507 3939 564 3992 aut
579 3925 757 4010 aliquando
780 3925 850 4006 suu,
876 3926 1037 4004 asseritur,
1063 3925 1206 3990 admisso
1232 3925 1340 3990 statim
1362 3919 1481 4007 perjuri
1550 3921 1551 3987 l

178 4036 313 4100 eruntne
327 4035 370 4100 ab
380 4053 431 4116 eo,
456 4035 514 4118 qui
539 4033 746 4100 mendacium
762 4034 900 4118 protulit
928 4031 1176 4108 Promissorium
1200 4033 1323 4112 dieunt,
1346 4029 1482 4114 quando
1549 4121 1550 4128 ἵ

178 4143 303 4227 aliquid
318 4143 475 4224 dandum,
498 4143 551 4208 rel
567 4163 633 4208 non
655 4143 813 4226 dandum,
839 4143 1037 4224 iaciendum,
1052 4143 1104 4210 vel
1120 4161 1186 4210 uon
1211 4141 1399 4208 nolendum
1415 4153 1481 4223 pro
1549 4141 1550 4196 l

177 4244 323 4332 mittitur,
344 4253 384 4318 in
397 4269 465 4336 qua
479 4251 585 4338 specie
601 4251 748 4316 imminet
761 4249 871 4318 adhuc
893 4248 992 4316 luturi
1008 4248 1135 4336 perjurii
1150 4249 1338 4334 periculum,
1357 4263 1481 4329 quous·

178 4385 243 4450 que
256 4378 381 4434 certum
406 4385 473 4431 nou
486 4377 544 4446 est,
570 4363 681 4430 datam
697 4363 795 4430 fidem
810 4361 946 4448 impleri.
988 4363 1052 4430 Est
1064 4363 1147 4430 haec
1171 4361 1286 4447 tegula
1310 4355 1482 4444 generalis,

178 4487 263 4556 qnae
279 4483 389 4540 tamen
403 4491 482 4540 sues
497 4473 595 4538 hebet
608 4475 822 4558 exceptiones,
837 4471 919 4538 adeo
933 4472 1162 4558 utaliquando
1173 4471 1347 4557 confinget,
1361 4478 1402 4532 ut
1411 4465 1481 4549 jut-
