3168 4982
197 353 265 422 eto
566 375 808 426 orssaansme
829 379 985 444 susara,
1007 381 1084 428 cns.
1106 359 1147 430 V.

199 501 281 566 noos
295 501 448 586 conjugia
462 503 689 568 contrahentes
703 523 774 568 esse
789 505 832 569 ab
845 504 950 568 officio
972 504 1201 588 deturbandus,
1216 503 1394 590 aliquando
1407 507 1502 573 etiam

196 612 430 676 communione
458 610 679 677 ecclesiastica
708 609 891 696 privandos,
921 626 952 678 et
981 617 1176 698 asperrimae
1205 613 1503 700 poenitentiaesub-

191 720 360 805 jiciendos,
394 740 465 785 can.
499 723 527 785 1.
562 720 636 785 dist.
669 721 731 802 27,
754 741 826 786 ceu.
859 726 889 786 tt.
912 723 985 788 dist
1008 725 1069 804 28,
1093 743 1166 789 can.
1188 725 1219 790 3.
1242 736 1275 788 et
1294 720 1326 790 d.
1349 725 1422 790 dist.
1445 727 1502 806 82,

196 841 296 910 atque
317 829 400 892 haec
436 843 541 911 poena
573 827 754 892 diutissime
788 831 1004 912 perseveravit
1037 831 1128 912 adeo,
1162 843 1198 896 ut
1231 832 1347 898 Clerici
1370 835 1504 918 majores
1565 913 1566 916 Ἴ

194 937 348 1022 conjugia
369 937 597 1002 contrahentes
627 939 709 1002 inter
731 938 855 1020 idiotas,
876 942 946 1005 sive
981 941 1080 1006 laicos
1101 942 1300 1024 reserrentur,
1323 943 1451 1008 Novell.
1475 944 1503 1007 6.

193 1063 266 1128 cap.
289 1047 328 1124 5.,
352 1055 410 1109 aut
432 1045 550 1108 Curiae
573 1065 640 1108 una
669 1065 747 1110 curn
769 1047 861 1110 bonis
883 1049 953 1113 suis
985 1049 1193 1130 traderentur,
1212 1053 1311 1136 juxta
1332 1051 1504 1116 Novellatn
1565 1137 1566 1140 Ἴ

197 1158 268 1221 123.
291 1177 362 1241 cap.
386 1159 445 1239 tt,
467 1159 555 1241 quod
578 1170 687 1222 tamen
709 1159 786 1223 inde
809 1160 977 1243 displicuit
998 1161 1101 1228 Leoni
1133 1157 1333 1246 Philosopho
1366 1163 1505 1248 Impera·

193 1273 262 1350 tori,
285 1271 341 1354 qui
363 1269 537 1354 indignum
559 1283 689 1354 putans,
724 1291 879 1355 personas
901 1273 1001 1336 semel
1035 1275 1106 1338 Deo
1127 1286 1279 1354 sacratas,
1303 1293 1414 1340 sacras
1435 1297 1506 1342 esse

191 1383 348 1463 desinere,
377 1383 484 1466 potius
506 1382 617 1462 voluit,
651 1395 688 1444 ut
716 1383 830 1478 dejecti
864 1388 885 1448 a
917 1384 1091 1467 majoribus
1112 1378 1235 1462 officiis,
1259 1386 1291 1448 iu
1326 1385 1505 1448 minoribus
1565 1439 1566 1472 ,

191 1489 309 1552 saltem
331 1489 516 1554 ministeriis
539 1489 744 1570 deservirent,
778 1490 861 1556 Nor.
884 1492 945 1571 79,
969 1509 1054 1574 quae
1086 1503 1197 1556 tamen
1219 1511 1286 1558 non
1309 1493 1429 1576 ubique
1464 1514 1506 1558 re-
1565 1487 1566 1526 ³

189 1612 284 1683 cepta
320 1597 389 1680 fuit,
423 1599 703 1683 quemadmodum
736 1621 798 1666 nec
829 1613 974 1666 caeterae
1007 1600 1127 1664 Leonis
1159 1599 1305 1683 ejusdem
1339 1599 1504 1664 Nouellae.

188 1709 337 1782 Quando
368 1729 445 1774 vero
468 1710 500 1774 in
523 1730 563 1774 ea
586 1729 618 1774 re
648 1729 828 1791 versamur,
862 1711 895 1774 in
918 1729 985 1792 qua
1007 1709 1097 1792 quoti
1117 1721 1231 1772 contra
1254 1709 1340 1792 leges
1357 1707 1419 1789 lit,
1440 1725 1506 1774 non
1565 1701 1566 1776 J

187 1818 298 1880 statim
321 1835 377 1900 pro
407 1815 527 1882 infecto
562 1818 752 1882 habendum
774 1831 831 1898 est,
855 1831 887 1882 et
909 1819 942 1882 in
965 1837 1033 1901 qua
1055 1817 1119 1884 dici
1144 1839 1210 1882 non
1244 1829 1357 1902 potest,
1391 1816 1506 1884 irritari
1565 1819 1566 1858 ἒ

187 1929 380 2011 conjugium
401 1947 444 1992 ex
466 1947 504 1990 eo
529 1939 666 2008 tantum,
690 1929 780 2012 quod
812 1928 1001 2014 conjugium
1037 1928 1273 2006 contrahentes,
1296 1926 1410 2010 poenis
1435 1933 1509 1992 utut

187 2040 391 2124 gravissimis
424 2041 646 2126 subJ'iciantur,
680 2040 829 2106 sedtum
860 2040 1003 2119 demum,
1027 2039 1053 2102 si
1078 2040 1141 2123 legi
1173 2039 1339 2104 decretum
1376 2037 1506 2102 irritans

188 2153 353 2238 adjectum
376 2151 481 2233 t’uerit,
506 2155 588 2218 mihi
610 2173 675 2218 non
709 2153 839 2216 videtur
871 2151 1099 2230 dubitandum,
1132 2157 1212 2234 quin
1234 2151 1312 2216 olim
1334 2169 1374 2214 es
1394 2153 1508 2236 conju·

189 2265 245 2347 gia
268 2273 340 2327 utut
363 2262 482 2342 illicita,
504 2277 537 2326 et
558 2263 685 2346 legibus
707 2262 896 2346 improbata,
919 2261 1139 2326 consisterent.
1193 2259 1340 2324 Primum
1364 2258 1506 2324 irritatas

188 2373 289 2438 fuisse
305 2371 456 2438 videntur
471 2375 630 2456 majorum
647 2373 844 2436 Clericorum
862 2372 997 2456 nuptiae
1011 2371 1083 2454 lege
1099 2370 1299 2454 imperatoris
1314 2367 1505 2458 Justinisni,

186 2483 336 2566 quicum
362 2481 522 2567 plurimas
548 2483 703 2546 edidisset
728 2478 840 2546 favore
867 2482 1036 2546 Ecclesiae
1061 2465 1317 2558 constitutiones,
1344 2481 1447 2544 etism
1474 2479 1506 2542 in

185 2593 250 2658 hac
265 2605 353 2676 parte
380 2593 460 2658 nihil
486 2595 605 2672 omisit,
634 2593 667 2656 in
682 2611 748 2674 quo
774 2591 850 2655 cleri
873 2591 975 2656 decus
1001 2599 1021 2656 a
1047 2591 1247 2674 quibusdam
1271 2589 1436 2672 sacrilegis
1452 2608 1509 2654 ne·

183 2700 336 2783 glastum,
362 2702 484 2766 restitui
499 2721 632 2784 quoquo
647 2699 744 2763 modo
770 2711 887 2784 posset
931 2701 1005 2783 lpse
1021 2701 1054 2764 in
1072 2700 1091 2764 l.
1108 2701 1159 2764 45.
1174 2699 1245 2763 cod.
1272 2699 1313 2763 de
1336 2699 1460 2781 Episc,
1475 2709 1509 2762 et
1565 2749 1566 2758 ,

184 2810 268 2874 oter.
287 2809 560 2888 animadvertens,
577 2810 656 2874 satis
672 2829 738 2872 uon
755 2808 864 2887 luisse,
881 2809 995 2892 poeuis
1010 2807 1195 2886 canonicis,
1206 2825 1292 2888 quae
1303 2807 1336 2870 iu
1352 2803 1423 2868 sola
1435 2825 1508 2889 gra·

184 2918 249 2983 dns
263 2919 438 2984 amissione
452 2919 683 2998 consistebant,
700 2931 814 2982 terrere
827 2918 969 2982 Clericus
985 2917 1112 2980 libidini
1128 2917 1262 3004 peditus,
1278 2915 1421 3000 amplius
1438 2934 1509 2998 pro-
1565 2921 1566 2974 t

87 3083 93 3102 ,
184 3023 398 3106 gradiendum
415 3025 526 3104 voluit,
558 3027 713 3090 nimirum
743 3025 936 3090 confirmata
951 3025 1067 3090 eadem
1087 3043 1252 3090 canonum
1269 3043 1380 3108 poena
1396 3023 1508 3088 decre·
1565 3033 1566 3106 l

184 3133 233 3194 vit
247 3143 418 3214 praeterea,
439 3143 475 3196 ut
496 3133 686 3215 conjugium
704 3134 827 3196 irritum
854 3145 948 3212 esset,
974 3131 1064 3214 quod
1090 3133 1256 3210 indicavit,
1282 3151 1358 3196 oum
1374 3151 1510 3215 expres·
1565 3119 1566 3160 l

183 3261 219 3305 se
242 3241 333 3323 dixit,
350 3243 474 3322 liberos,
489 3245 549 3325 qui
565 3264 607 3308 ex
622 3263 661 3306 eo
687 3256 907 3320 numerentur,
936 3242 1108 3326 legitimos,
1135 3261 1173 3304 ac
1189 3242 1331 3324 proprios
1347 3259 1413 3306 non
1429 3245 1509 3318 fors,
1565 3241 1566 3292 t

183 3352 242 3414 sed
257 3363 420 3435 tanquam
446 3351 529 3416 tales
555 3351 731 3429 habendos,
748 3371 787 3416 ao
802 3353 830 3414 si
846 3371 888 3415 ex
918 3351 1058 3429 incestis,
1085 3362 1117 3414 ot
1143 3349 1273 3414 nefariis
1299 3351 1423 3434 nuptiis
1448 3371 1509 3434 pro
1565 3327 1566 3416 l

184 3457 284 3538 geniti
300 3469 414 3540 essent,
431 3461 476 3523 ita
492 3471 527 3523 ut
543 3479 648 3543 neque
663 3461 837 3539 naturales,
861 3473 920 3522 aut
935 3459 1035 3538 nothi,
1051 3479 1108 3522 seu
1125 3461 1223 3542 spurii
1241 3459 1510 3542 intelligerentur,
1565 3469 1566 3488 ¹

183 3567 241 3630 sed
268 3588 397 3650 prorsus
412 3579 443 3632 et
468 3570 614 3650 undique
629 3570 789 3652 prohibiti,
805 3580 837 3630 et
853 3569 932 3631 nihil
960 3567 1001 3630 de
1018 3580 1152 3650 paterna
1176 3567 1381 3630 successione
1396 3583 1511 3649 spera·
1565 3613 1566 3624 ,

184 3689 263 3741 rent.
308 3679 440 3742 Exinde
467 3677 580 3760 liquet,
606 3698 673 3742 non
699 3679 778 3742 satis
805 3677 931 3760 probari
957 3695 1051 3760 posse
1077 3673 1205 3736 illorum
1228 3672 1423 3756 opinionem,
1448 3671 1510 3754 qui

184 3791 392 3874 scripserunt,
409 3791 540 3854 saeculo
555 3792 695 3874 primum
713 3789 886 3854 undecimo
901 3809 940 3851 ea
954 3785 1107 3871 conjugia
1126 3785 1263 3848 irrritata
1276 3783 1410 3847 omnino
1425 3782 1509 3846 suis·
1565 3767 1566 3808 ³

184 3920 220 3963 se
236 3901 296 3964 sub
326 3898 459 3965 Urbano
475 3901 527 3977 11,
543 3899 735 3962 confirmata
755 3899 930 3981 disciplina
944 3905 965 3962 a
981 3896 1257 3978 subsequentibus
1286 3893 1509 3957 Pontificibus

185 4014 341 4078 Maximis
358 4013 500 4077 Callisto
515 4013 567 4092 11,
583 4023 616 4074 et
638 4011 828 4076 Innocentio
844 4011 895 4087 ll,
911 4029 983 4072 cau.
1000 4009 1029 4072 8.
1045 4007 1120 4070 dist.
1135 4007 1196 4085 at,
1213 4024 1284 4069 can.
1300 4005 1330 4068 2.
1347 4003 1421 4068 dist.
1435 4004 1508 4082 28,
1565 4045 1566 4104 3

185 4143 257 4186 can.
273 4123 324 4186 tu.
340 4141 429 4186 caus.
445 4123 488 4186 27
508 4132 633 4204 quaest.
649 4122 686 4184 1..
732 4119 806 4184 Non
833 4139 919 4182 nova
937 4119 1070 4180 inducta
1095 4117 1148 4180 his
1163 4115 1344 4179 canonibus
1372 4113 1509 4178 videtur

186 4232 368 4314 disciplina,
396 4231 575 4295 seductus
601 4228 803 4307 confirmata,
831 4239 888 4290 aut
912 4227 1067 4304 restituta,
1093 4243 1195 4306 quent
1211 4221 1283 4285 ideo
1297 4219 1508 4298 confirmare,

186 4354 245 4406 aut
261 4343 423 4405 restituere
439 4361 570 4405 necesse
586 4338 655 4419 fuit,
681 4335 769 4422 quod
793 4336 977 4419 gravissimi
1002 4345 1111 4395 essent
1136 4329 1246 4396 ferreis
1269 4331 1334 4393 illis
1359 4329 1509 4392 saeculis

188 4448 385 4512 clericorum
400 4449 532 4530 abusus,
548 4465 688 4532 quorum
702 4447 757 4512 alii
772 4443 979 4510 matrimonia
990 4441 1113 4526 passim
1127 4439 1316 4508 contrahere
1330 4457 1394 4506 non
1411 4457 1511 4502 vere·
1565 4443 1566 4506 ζ
