3250 4976
460 455 509 522 its
525 452 715 521 caussari
732 451 884 535 soritas,
907 453 954 520 ai
977 455 1134 520 urrais.
1385 441 1447 519 301

144 607 175 663 et
189 591 281 678 oter,
299 593 354 664 nbi
369 593 518 678 reserens,
534 595 676 662 clericos
690 581 826 680 majores
840 591 1068 660 ecclesiasticis
1083 593 1207 679 legibus
1228 595 1250 659 i
1265 579 1449 677 nuptiis'ttr·

144 697 215 786 ceri,
231 703 319 788 leges
334 702 421 790 ipsas
435 703 671 769 ecclesiasticas
687 701 930 770 sacerdotalem
949 711 1123 770 ceruorum
1138 701 1329 768 nominavit.

183 813 300 896 ltaque
314 809 461 892 censura,
488 801 582 898 prout
596 811 692 876 hodie
708 799 872 897 accipitur,
897 809 1023 876 definiri
1040 811 1121 875 bene
1137 819 1239 893 potest
1259 815 1338 872 noio
1352 811 1449 894 quoi·

141 920 230 1000 dam,
257 920 497 1005 utplurimum
510 921 705 1006 personalis,
727 921 914 1010 „aliquando
928 941 1005 984 cero
1018 921 1140 999 localia,
1168 917 1365 983 auctoritate
1383 917 1448 984 ue

140 1029 257 1094 oleaioe
282 1027 416 1112 iusticia,
443 1049 510 1114 quo
526 1027 581 1118 fit,
605 1037 645 1092 ot
659 1029 757 1093 certis
777 1029 932 1116 personia
956 1029 995 1093 iu
1009 1030 1189 1094 criutiurtur
1214 1027 1450 1094 cortsaeirtdt'ue
1475 1043 1479 1052 ·

138 1141 365 1227 pervicacibus
389 1123 517 1204 intereo
531 1125 751 1206 iuterdicoirtr
774 1159 840 1204 ttau
855 1139 1078 1227 quorumdam
1095 1129 1234 1224 jrtriam
1255 1137 1452 1203 ecclesiasti·

140 1267 262 1326 uorrtrrt,
288 1247 382 1311 modo
394 1247 557 1332 plurium,
583 1247 678 1311 modo
688 1247 896 1332 pauciorum,
920 1255 958 1310 ul
974 1237 1198 1328 corrigeretur,
1224 1253 1255 1309 et
1271 1245 1317 1309 od
1330 1245 1401 1308 dem
1408 1245 1448 1308 ia·

139 1377 217 1422 aaut
231 1357 403 1440 egendum
412 1339 661 1440 poeaitentiam,
684 1365 713 1420 et
728 1357 992 1442 satisfactionem
1008 1356 1233 1434 cohibendam,
1255 1355 1295 1420 de
1310 1375 1377 1440 qua
1391 1353 1449 1418 od·
1522 1427 1525 1434 ,

140 1459 207 1525 lucc
222 1462 375 1526 Ecclesia
399 1483 492 1546 spem
509 1484 573 1527 uon
598 1465 793 1530 mediocrem
807 1465 911 1544 italici,
937 1466 1037 1552 q'uost'
1050 1465 1189 1550 adjectis
1207 1461 1450 1528 erimantium

139 1566 291 1636 stimulis
313 1571 534 1636 addiscuntur.
577 1571 704 1636 Dicitur
719 1573 879 1658 imprimis
901 1577 981 1640 uoto
998 1575 1171 1664 quaedam,
1197 1575 1450 1662 utplurimum

135 1683 336 1768 personalis,
361 1683 542 1770 aliquando
557 1705 632 1748 cero
646 1685 768 1765 localis,
797 1697 832 1750 ut
850 1677 1070 1772 distinguatur
1092 1685 1215 1772 duplex
1237 1701 1450 1752 censurarum

139 1807 255 1874 genus,
280 1787 456 1874 exquibus
482 1809 595 1856 omnes
611 1793 643 1858 iu
668 1805 828 1878 personas·
845 1787 917 1860 ferri
933 1807 1077 1880 possunt,
1099 1795 1253 1860 nimimm
1274 1806 1306 1858 et
1321 1811 1449 1858 excom·

139 1899 332 1979 manicatio,
356 1911 390 1962 et
404 1903 581 1984 suspensio,
598 1913 629 1964 et
644 1897 859 1983 interdictum,
884 1921 951 1966 nna
966 1921 1042 1964 vero
1056 1901 1171 1978 solum,
1187 1895 1449 1963 nimirumiutar·

138 2007 276 2088 dictum,
303 2008 337 2074 iu
352 2009 424 2072 loca
446 2008 590 2074 insertur.
636 2009 760 2074 Dicitur
775 2011 973 2076 auctmimte
999 2009 1169 2080 Ecclesiae,
1191 2005 1328 2093 iusticia,
1352 2019 1388 2072 ut
1403 2009 1450 2075 itt-

137 2117 276 2197 dicetur,
303 2119 522 2184 necessarium
536 2137 608 2202 esse
633 2129 743 2184 actum
757 2121 934 2206 quomdam
960 2115 1199 2185 ecclesiasticae
1221 2119 1451 2204 potestatium

137 2247 281 2296 censura
296 2227 459 2310 inseratur,
474 2228 584 2312 qualia
598 2241 646 2292 est
661 2241 717 2294 aot
733 2228 786 2294 lerr
802 2229 932 2314 publica
948 2229 1124 2310 Ecclesiae,
1140 2239 1199 2292 aut
1212 2225 1380 2306 sententia,
1396 2223 1449 2290 rel

138 2353 351 2426 praeceptum
375 2341 583 2406 ecclesiastici
598 2341 778 2425 Superioris
800 2341 1054 2426 jurisdictionem
1070 2343 1103 2405 iu
1129 2335 1197 2404 loro
1211 2339 1380 2404 Ecclesiae
1393 2355 1450 2403 ex·

137 2461 236 2516 terno
258 2445 447 2516 exercentis.
491 2451 586 2516 Hauc
600 2451 643 2516 ob
668 2469 735 2516 rom
750 2452 776 2515 si
792 2453 866 2535 quis
891 2462 1014 2536 sponte,
1039 2449 1150 2514 veleb
1174 2449 1335 2536 privatam
1358 2459 1449 2512 cont·

136 2564 295 2630 cicntiam
320 2565 473 2644 criminis,
500 2563 552 2628 vel
568 2581 609 2630 etr
624 2553 725 2628 animi
751 2563 931 2644 devotione,
946 2574 978 2629 ct
993 2563 1170 2628 reuerentia
1191 2563 1225 2630 in
1241 2575 1289 2625 res
1304 2549 1413 2624 sacrm
1427 2563 1450 2624 t

137 2671 364 2736 Samameutis
390 2671 558 2752 abstineat,
584 2691 722 2738 ocrrsttre
747 2687 813 2738 uon
839 2673 907 2754 crit3
933 2669 1210 2756 quemadmodum
1237 2687 1451 2735 uecccusuut

136 2787 193 2864 ast
208 2789 377 2862 peccatum
392 2777 509 2861 ipsum,
524 2778 611 2860 quod
627 2778 805 2864 legitimam
821 2779 1105 2846 sacramentorum
1128 2777 1305 2862 plurimum
1321 2792 1450 2860 attscep

137 2887 274 2964 tionetn,
299 2899 357 2949 aut
382 2885 597 2951 ministerium
623 2887 766 2972 impedit,
793 2899 956 2972 propterea
981 2885 1180 2970 quodnemo
1203 2885 1295 2948 iniis
1320 2885 1450 2948 casibus

139 2995 280 3078 speciali
305 2993 527 3062 ecclesiastica
550 2997 738 3061 anctoritate
753 2997 795 3062 ab
809 2995 995 3062 eorumdem
1022 2995 1306 3061 sacramentorum
1322 3011 1451 3078 suscep·

138 3121 241 3188 tione,
267 3109 484 3172 mitristeriore
500 3105 669 3194 repellitur.
713 3107 814 3180 erotl
830 3109 856 3172 si
872 3107 1061 3174 Sacerdotes
1083 3107 1284 3173 sacramenti
1307 3107 1450 3192 poniten-

139 3216 211 3284 tiae
224 3215 416 3300 administri,
439 3217 640 3302 poenitentes
654 3211 851 3300 quandoque
859 3217 1005 3302 jubeant,
1026 3236 1067 3280 ne
1081 3215 1124 3280 ad
1139 3213 1383 3279 Euclraristtam
1399 3231 1451 3279 ac·

137 3313 270 3404 cedant,
286 3337 472 3392 removeant
486 3326 616 3392 etiami
632 3325 869 3391 sacramentali
884 3325 1096 3407 absolutione,
1112 3345 1178 3391 non
1195 3325 1266 3390 ideo
1281 3326 1362 3390 haec
1376 3339 1450 3390 ceu·

137 3453 222 3500 sura
236 3435 369 3516 dicetur,
394 3437 463 3499 sive
477 3435 564 3520 qnod
581 3435 662 3500 haec
688 3433 845 3500 rnoudata
869 3433 912 3500 ad
928 3435 1091 3502 internum
1118 3449 1246 3502 tantum
1262 3433 1366 3502 iorum
1383 3453 1451 3519 per·

138 3546 278 3626 tineam,
305 3547 374 3610 sire
388 3545 475 3628 quod
492 3546 525 3610 in
548 3533 611 3609 hac
625 3557 722 3629 parte,
749 3564 814 3610 non
831 3545 955 3630 propria
964 3545 1077 3630 jtrssio,
1104 3555 1135 3608 et
1151 3541 1321 3627 imperium
1336 3541 1450 3606 Eccle-

138 3653 211 3716 siae
226 3654 275 3729 sit,
292 3651 349 3716 sed
366 3665 493 3716 tantum
510 3664 691 3736 proponant
705 3652 914 3716 ecclesiastici
930 3651 1109 3716 administri
1124 3663 1228 3715 certas
1241 3649 1451 3730 conditiones,

137 3757 263 3840 quibus
278 3757 410 3822 demum
437 3759 578 3843 impletis
587 3759 684 3843 juxta
698 3757 828 3823 divinus
843 3757 1058 3822 institutiones
1084 3759 1296 3824 Sacramenta
1311 3759 1368 3822 rite
1383 3775 1450 3840 per·

138 3863 313 3946 cipiantur,
339 3877 373 3928 ut
389 3863 663 3931 administrentur.
708 3865 808 3932 Aliud
824 3880 934 3933 autem
949 3879 997 3932 eat
1019 3865 1177 3952 quosdam
1201 3867 1288 3932 edito
1302 3867 1451 3931 absoluto
1504 3853 1506 3858 ¹

138 3990 320 4061 praecepto,
340 3981 443 4064 jussu,
462 3980 594 4063 imperio
618 3979 727 4067 repelli
752 3979 1018 4063 aSacramentis,
1040 3979 1127 4066 quod
1143 3983 1179 4046 fit
1196 4000 1251 4065 per
1266 3996 1448 4044 censuram:

139 4069 235 4152 alirid
253 4087 422 4168 declarare,
438 4108 479 4152 cx
491 4089 562 4174 jure
577 4087 690 4153 divino
705 4109 769 4154 nou
787 4092 880 4155 licere
895 4091 1091 4174 quibusdam
1114 4093 1265 4156 accedere
1280 4089 1321 4154 ad
1338 4089 1451 4154 Sacra·

138 4209 261 4275 menta,
289 4195 352 4259 nisi
367 4195 462 4259 cortis
477 4194 725 4279 eorrditiooibtrrr;
741 4197 1018 4280 quemadmodum
1034 4199 1124 4266 aliud
1145 4213 1194 4264 est
1209 4199 1451 4283 irregularitatis

136 4301 420 4386 impedimentum,
444 4303 597 4386 quoquis
623 4305 812 4368 auctoritate
838 4305 1006 4370 Ecclesiae
1031 4307 1256 4393 arecipicndis
1282 4307 1450 4374 ordinibus

136 4432 275 4500 arcetur,
301 4420 392 4486 aliud
418 4433 625 4504 praeceptum
653 4421 820 4486 Ecclesiae
845 4422 943 4487 alicui
959 4421 1089 4504 iactum,
1117 4443 1158 4490 no
1173 4425 1305 4510 insuper
1329 4423 1451 4501 habitis

136 4529 235 4593 certis
250 4527 491 4592 conditionibus
505 4529 548 4594 ad
563 4529 692 4594 ordinas
707 4527 931 4614 suscipiendos
947 4529 1090 4598 accedat.
