3134 4984
187 397 257 468 too·
435 419 527 468 acas
543 415 670 482 sarna,
688 417 929 468 orsssaaarro
944 421 1118 483 amount,
1134 416 1214 467 can.
1227 399 1271 468 It

103 545 106 556 '
186 545 382 628 praeberent,
397 563 468 626 cap.
485 544 735 623 1Ldebaaret,
751 543 901 626 imposita
917 543 1079 622 infamiae,
1095 553 1127 606 et
1141 541 1352 626 depositionis
1370 542 1412 606 ab
1424 538 1483 606 offi-
1561 555 1562 600 r

184 649 235 712 cio
250 669 361 731 poena,
377 669 476 732 quarn
492 669 571 714 sane
585 671 739 714 evasuros
755 653 945 733 Interpretes
960 653 1060 733 ajunt,
1076 653 1172 714 siant
1186 651 1480 733 ignoraverinthae·

185 757 321 820 raucum
345 757 439 820 illum
464 775 543 834 esse,
570 757 623 820 cui
651 758 900 838 patrocinantur,
925 770 983 820 aut
1008 777 1073 838 quo
1093 768 1302 822 casucoutra
1323 757 1480 821 absentem

185 861 383 926 haereticum
399 861 587 944 proceditur,
606 864 707 926 velint
723 875 850 928 tautum
866 865 1007 946 allegare
1031 865 1194 946 quasdam
1204 867 1311 947 justas
1325 867 1480 930 absentiae

185 990 304 1034 causas
318 972 361 1034 ad
376 971 642 1053 suspendendum
653 972 822 1056 judicium,
838 973 890 1036 vel
906 973 1171 1038 intercedendum
1187 993 1242 1054 pro
1258 993 1304 1052 eo,
1330 977 1387 1055 qui
1402 995 1481 1058 pero·

186 1090 240 1144 tus
255 1081 297 1142 sit
312 1080 353 1141 ad
366 1079 592 1164 abjurandum:
608 1083 728 1162 quibus
740 1093 849 1144 tamon
865 1083 898 1146 in
911 1083 1078 1164 speciebus
1094 1083 1195 1146 tutius
1205 1085 1379 1148 consilium
1393 1085 1481 1148 iidem

185 1189 383 1270 Pragmatici
409 1200 591 1271 proponunt
605 1189 790 1268 Advocatis,
818 1211 883 1271 quo
897 1191 1061 1273 postulent
1086 1194 1128 1256 ab
1138 1193 1257 1276 judice,
1279 1203 1316 1256 ut
1330 1214 1373 1256 ex
1386 1193 1481 1258 officio

68 1355 73 1364 .
186 1297 390 1378 deputentur,
406 1315 445 1360 ac
459 1309 615 1362 vocentur
640 1297 681 1362 ad
697 1299 897 1382 allegandas,
913 1321 998 1381 quae
1012 1321 1066 1364 reo
1080 1313 1261 1385 competere
1282 1316 1418 1386 possent,
1432 1323 1481 1366 ex·

186 1407 358 1488 ceptionem
375 1417 453 1472 tunc
467 1409 555 1472 enim
570 1405 716 1472 fuurrum
731 1411 934 1490 scripserunt,
953 1421 989 1476 ut
1003 1430 1124 1492 poenas
1138 1424 1251 1478 omnes
1265 1411 1417 1476 evadant.
1449 1413 1481 1476 Si

185 1513 227 1576 da
242 1514 279 1576 iis
295 1507 417 1600 agatqr,
444 1517 500 1596 qui
516 1535 580 1580 non
596 1517 728 1596 quidem
754 1518 923 1582 haereticis
939 1520 1068 1602 ¹favent,
1095 1523 1151 1585 sed
1167 1523 1288 1584 aliade
1306 1541 1406 1586 causa
1419 1541 1481 1584 sus
1562 1563 1563 1592 t

70 1625 79 1636 '
186 1624 269 1700 pecti
284 1633 359 1683 sunt
386 1621 427 1684 de
449 1623 581 1702 haeresi,
607 1623 706 1686 etiam
722 1623 749 1686 si
764 1625 874 1702 gravis
899 1627 1041 1709 suspicio
1056 1631 1099 1692 sit
1123 1630 1233 1712 poenis
1251 1629 1480 1694 haereticorum

187 1743 253 1788 uon
269 1725 490 1810 subjiciuntur.
535 1730 656 1794 'lerum
671 1751 842 1813 quousque
862 1734 1130 1816 judicisanimus
1155 1738 1187 1800 in
1211 1737 1312 1800 dubio
1340 1725 1478 1816 ¹versetur,

185 1847 368 1915 accusatus,
385 1837 434 1900 vel
452 1837 626 1920 inquisitus
640 1839 699 1904 erit
711 1840 755 1904 ad
769 1844 993 1923 purgationem
1007 1844 1153 1908 cnutiuis
1164 1843 1393 1924 admittendus,
1407 1844 1481 1908 adeo

185 1955 222 2008 ut
236 1945 264 2006 si
279 1947 435 2008 canonice
449 1957 611 2028 purgetur,
627 1967 749 2030 poenas
764 1967 878 2014 omnes
893 1952 1021 2015 evadat.
1067 1950 1167 2021 Quod
1183 1951 1211 2014 si
1220 1949 1325 2033 judici
1340 1950 1477 2012 rideatur

186 2053 381 2138 gravissima
403 2073 473 2116 esse
498 2055 667 2118 haereseos
693 2057 844 2139 suspicio,
869 2079 927 2125 nec
943 2080 1016 2126 reus
1042 2063 1122 2126 setis
1146 2073 1304 2144 purgatus
1327 2060 1480 2141 adpareat,

184 2178 259 2222 reus
271 2159 358 2222 idern
371 2179 427 2241 pro
438 2162 692 2244 conjecturarum
705 2165 862 2246 qualitate
874 2169 1006 2232 arbitrio
1016 2169 1134 2254 judicis
1149 2181 1241 2240 extra
1255 2169 1400 2246 ordinem
1414 2189 1479 2252 poe·

184 2287 240 2349 na,
254 2271 491 2351 poenitentique
506 2273 670 2353 plectetur,
686 2293 757 2356 cap.
773 2276 802 2338 9.
818 2293 897 2340 vers.
920 2279 991 2350 Qut
1005 2300 1080 2346 vcro
1095 2280 1135 2344 de
1147 2279 1275 2360 haeret,
1289 2301 1361 2365 cap.
1377 2277 1479 2344 aad

184 2381 278 2444 rir.-in
295 2383 335 2461 6.,
352 2401 420 2465 cap.
439 2382 488 2448 14.
504 2382 545 2447 dc
560 2387 821 2467 praesumption,
837 2407 968 2471 quoquo
983 2391 1071 2454 enim
1083 2393 1228 2456 modoet
1253 2395 1324 2476 ipse
1337 2395 1397 2457 snb
1411 2395 1480 2455 hae·

185 2487 273 2554 retici
288 2491 418 2556 nomiue
430 2495 619 2573 continetur,
635 2493 655 2556 l.
672 2494 701 2572 2,
720 2497 741 2560 l.
760 2495 787 2558 1.
802 2495 873 2560 cod.
890 2495 931 2560 de
945 2497 1073 2579 haeret,
1089 2497 1171 2562 adeo
1185 2510 1222 2562 ut
1236 2501 1264 2564 ei
1279 2501 1481 2582 gravissimae

182 2602 249 2668 siut
264 2602 456 2685 suspicionis
471 2621 599 2683 ostreae,
625 2604 726 2686 possit
740 2615 772 2668 ct
787 2623 892 2686 poena
915 2607 1264 2676 excommunicationis
1286 2593 1399 2692 puniri,
1413 2607 1482 2670 aliis

184 2709 301 2774 deinde
327 2711 513 2794 puniendus
538 2712 775 2778 haeretieorum
800 2715 922 2796 poenis,
946 2716 974 2779 si
988 2735 1184 2800 perannum
1208 2721 1363 2806 pervicax
1383 2719 1480 2782 inerr-

183 2817 477 2884 communicatione
502 2820 679 2902 perstiterit,
705 2832 737 2886 ct
751 2821 920 2888 Ecclesiae
940 2843 1009 2890 noo
1024 2825 1223 2907 satisfecerit,
1244 2847 1317 2910 cap.
1342 2829 1388 2892 13.
1402 2845 1480 2890 rara.
1563 2807 1564 2888 l

191 2925 262 3000 Qut
276 2936 389 2993 autem
402 2927 443 2990 de
458 2927 586 3008 haeret,
601 2948 672 3012 cap.
688 2931 717 2994 7.
732 2930 802 2994 eod
820 2932 865 2994 tit.
881 2932 915 2996 in
928 2931 970 3011 6.,
985 2931 1074 2996 dicto
1085 2951 1156 3015 cap.
1182 2933 1232 2999 14.
1245 2933 1287 2997 de
1300 2951 1481 3016 praesump
1563 3007 1564 3010 Ἴ

184 3036 270 3118 tion,
288 3037 334 3100 uti
347 3037 436 3100 enim
460 3037 608 3120 superius
623 3037 847 3120 observabam,
872 3049 1077 3122 contemptus
1092 3037 1259 3104 Ecclesiae
1274 3041 1364 3122 apud
1376 3049 1481 3102 contu·
1563 3023 1564 3030 ἵ

185 3161 313 3208 mecam
328 3163 395 3210 una
418 3165 495 3208 cum
519 3147 785 3228 praecedentibus
810 3147 1004 3230 suspicionis
1018 3147 1219 3230 argumentis
1242 3163 1326 3228 pene
1340 3145 1482 3208 demons-

186 3266 248 3322 trat
262 3255 410 3322 animum
425 3257 578 3322 haeretici
592 3259 742 3339 hominis,
758 3260 827 3323 sive
850 3259 1022 3324 haereticis
1037 3257 1251 3324 adhaerentis.
1295 3257 1419 3322 Interea
1431 3273 1482 3316 re·

184 3385 220 3430 ro
234 3367 290 3448 qui
306 3377 476 3450 suspectus
502 3367 646 3448 habetur,
662 3369 730 3434 sive
745 3367 825 3434 dum
840 3369 1067 3453 purgationem
1088 3367 1281 3434 canonicam
1294 3365 1400 3442 subiit,
1413 3361 1482 3426 sire

183 3459 265 3546 (lum
278 3489 370 3544 extra
394 3479 541 3544 ordinem
553 3479 668 3562 corrigi
693 3480 812 3561 debuit,
838 3493 897 3545 sut
910 3462 1117 3546 evadendam
1142 3479 1294 3544 baeretici
1317 3491 1424 3544 notam
1438 3474 1481 3538 ad

183 3587 342 3654 haeresim
357 3588 571 3673 abjurandam
595 3588 766 3672 obligatur,
782 3609 852 3672 cap.
870 3591 918 3654 10.
934 3589 976 3654 de
989 3599 1117 3672 purgat.
1139 3606 1257 3654 canon.
1272 3589 1307 3652 ia
1322 3587 1395 3668 liam
1409 3595 1440 3648 et
1454 3583 1482 3648 si

182 3707 255 3781 post
269 3697 502 3781 abjurationem
527 3697 561 3762 in
576 3696 737 3764 uanam
752 3697 865 3781 lapsus
878 3699 981 3764 misse
1002 3697 1273 3782 deprehendatur,
1288 3697 1482 3779 relapeornm

183 3825 288 3890 poena
302 3807 488 3890 puniendus
501 3809 568 3888 erit,
583 3807 761 3874 dummodo
776 3827 842 3872 nou
858 3807 949 3886 larris,
963 3807 1026 3872 sed·
1037 3809 1146 3890 gravis
1161 3805 1257 3870 fuerit
1278 3805 1426 3890 suspicio,
1441 3801 1484 3864 ob

182 3929 284 3998 quam
297 3913 341 3978 ad
354 3914 587 3998 abjurationem
601 3914 783 3996 devenerat,
802 3933 874 3997 cap.
888 3915 919 3980 8.
934 3915 971 3978 in
985 3913 1085 3998 punc.
1100 3913 1276 3994 deiiceret
1290 3914 1325 3978 in
1339 3915 1369 3978 a
1406 3909 1482 3976 Non

182 4035 293 4092 tamea
307 4043 364 4108 pro
377 4035 526 4108 suspecto
550 4024 593 4090 de
605 4025 732 4092 haeresi
746 4024 856 4091 mum
881 4021 1055 4090 habendus
1069 4023 1137 4102 erit,
1163 4023 1222 4106 qui
1235 4021 1346 4102 semel,
1359 4032 1388 4086 et
1399 4035 1482 4083 casu

181 4136 335 4219 quodam,
348 4146 408 4200 aut
422 4136 614 4216 maenaa,
629 4136 700 4202 aina
713 4135 824 4202 animo
837 4135 1007 4202 nannete
1020 4133 1231 4214 adhaerendi,
1250 4134 1483 4200 haereticorum

181 4241 454 4326 praedicationem
476 4243 645 4324 audiverit,
670 4249 779 4310 autin
802 4261 915 4308 mum
942 4262 977 4308 aa
1002 4251 1202 4308 currentum
1220 4243 1393 4322 imminens,
1417 4239 1485 4304 nisi

181 4353 267 4420 aliae
291 4365 486 4422 mauriani
506 4355 703 4440 suspicionis
726 4375 856 4438 causae,
882 4365 1075 4439 argumento
1099 4355 1237 4420 moenis
1254 4357 1325 4422 111.
1349 4371 1436 4422 caes·
1455 4353 1483 4416 l.

184 4475 310 4546 quaeat
326 4467 365 4547 l,
388 4475 422 4531 et
434 4464 578 4550 optut
592 4466 624 4532 3.
637 4464 683 4534 de
703 4466 965 4552 paesumpnon,
976 4464 1271 4554 quemadmodum
1287 4483 1355 4534 nco
1372 4461 1487 4530 stedia
