3168 4982
202 381 266 446 220
569 398 812 445 nrssenrasro
834 401 991 464 ausari,
1013 403 1089 448 cae.
1114 381 1151 446 V.

202 523 479 609 quemadmodum
495 543 536 588 ex
551 523 673 587 eisdem
688 525 846 608 capitibus
862 525 1059 606 apertissime
1080 535 1212 605 constat,
1235 525 1315 589 forle
1330 545 1372 589 ex
1393 543 1432 589 eo
1447 523 1510 589 sin·

203 633 307 714 gulari
322 625 522 696 concubinae
538 631 667 694 nomine
683 629 852 714 appellata,
869 631 990 713 quode
1006 633 1139 697 Levitae
1154 633 1277 697 familia
1293 633 1327 698 in
1342 643 1510 716 paternam

203 741 338 808 domurn
354 743 527 806 diverterat
549 761 608 804 neo
630 741 739 804 adhuc
761 741 876 804 eratin
899 741 1034 805 domum
1059 743 1165 805 mariti
1187 741 1328 806 reducta.
1372 743 1441 814 Qui
1457 763 1511 805 ve·

202 867 238 913 ro
253 869 328 931 prae
357 850 490 912 caeteris
520 847 581 912 sibi
610 847 704 910 licere
730 847 890 930 putabant
918 847 1026 931 plures
1048 867 1165 912 uxores
1187 849 1314 930 babere,
1344 859 1437 912 eraut
1458 849 1512 914 rel

203 954 236 1029 ii,
266 955 385 1036 quibus
408 955 523 1018 sterilis
546 975 629 1018 uxor
649 953 762 1036 fuerat,
792 967 824 1017 et
845 956 958 1038 probm
980 955 1039 1019 sibi
1068 957 1235 1024 vertebant
1257 957 1364 1020 nullos
1392 959 1513 1021 babere

202 1061 346 1128 familiae
375 1085 583 1145 successores,
615 1065 666 1128 rel
682 1066 712 1145 ii,
735 1066 791 1147 qui
820 1065 1013 1148 populorum
1034 1065 1144 1130 Duces
1162 1075 1260 1144 erant,
1283 1085 1321 1129 ac
1337 1067 1513 1149 Principes,

203 1177 244 1240 de
273 1197 412 1260 quorum
435 1177 608 1260 propagine
634 1176 865 1259 amplificanda
887 1177 1039 1240 interesse
1064 1177 1240 1260 plurimum
1262 1176 1439 1258 videbatur;
1471 1177 1514 1240 si·

202 1283 334 1366 quidem
354 1281 481 1346 duobus
497 1283 548 1346 his
563 1284 733 1347 hominum
751 1285 920 1367 generibus
936 1285 1041 1368 magis
1063 1284 1389 1348 accommodabantur
1402 1305 1515 1350 exem-

203 1391 258 1474 pla
278 1402 421 1456 veterum
444 1392 704 1457 Patriarcbarnm
733 1393 893 1473 Abrahae,
916 1404 948 1456 et
962 1393 1082 1474 Jacobi,
1106 1403 1200 1475 prout
1227 1392 1324 1456 modo
1346 1393 1516 1460 dicebatur

203 1502 245 1565 ab
267 1503 353 1584 ipsis,
383 1501 607 1566 Abrahamum
636 1501 815 1566 secundam
844 1521 978 1566 uxorem
1007 1501 1138 1581 dixisse,
1167 1503 1256 1584 quod·
1282 1503 1397 1566 sterilis
1425 1515 1516 1568 esset

203 1611 314 1694 prima,
341 1621 372 1674 et
394 1613 550 1676 Jacobum
581 1623 651 1676 tum
673 1611 807 1676 demum
837 1612 880 1674 ad
902 1609 1037 1675 ancillas
1066 1629 1206 1677 uxorum
1227 1611 1409 1692 accessisse,
1432 1631 1515 1678 cum

203 1739 321 1785 uxores
336 1739 444 1803 parere
467 1690 634 1802 desisserlt;
651 1720 747 1783 modo
763 1719 936 1796 dicebatur,
956 1717 1028 1782 ideo
1049 1718 1284 1798 Abrahamum,
1299 1728 1332 1780 et
1352 1718 1516 1784 Jacobum

200 1829 244 1892 de
266 1829 434 1911 multiplici
463 1831 667 1910 generatione
689 1827 790 1892 suisse
819 1829 979 1908 sollicitos,
1002 1827 1090 1911 quod
1118 1838 1209 1891 erant
1230 1827 1395 1892 constituti
1410 1827 1516 1893 veluti

204 1937 322 2019 Duces,
345 1949 377 2000 et
405 1939 570 2022 Principes
592 1959 732 2022 magnae
755 1939 906 2018 familiae,
930 1940 964 2002 in
992 1957 1149 2022 magnam
1170 1949 1300 2022 gentem
1320 1949 1352 2002 et
1380 1941 1519 2022 populo-

201 2067 275 2112 rum
290 2065 331 2109 ex
354 2048 474 2111 divinis
504 2050 768 2131 promissionibus
790 2065 973 2110 evassurae.
1018 2047 1072 2110 En
1100 2064 1243 2126 causam,
1266 2067 1366 2130 quare
1385 2049 1518 2112 Rlcana

202 2153 415 2235 postductam
429 2156 569 2236 Annam,
586 2165 755 2240 praetextu
768 2155 942 2218 sterilitatis
951 2155 1043 2238 ipsus
1054 2154 1148 2218 duxit
1162 2153 1384 2234 Phenennam,
1399 2173 1520 2235 quam·

200 2281 302 2346 quam
317 2267 423 2328 exitus
446 2267 560 2349 plenus
576 2267 781 2332 simultatum
803 2269 885 2330 inter
900 2267 983 2330 duas
1005 2269 1158 2350 conjuges
1173 2267 1413 2346 demonstravit,
1435 2285 1520 2330 eon-

198 2374 329 2457 jugium
344 2375 423 2437 illud
447 2395 512 2439 non
527 2377 659 2440 omuino
681 2377 822 2458 potuisse
849 2393 1023 2458 congruere
1045 2375 1185 2437 naturali
1202 2375 1258 2438 lini
1280 2377 1518 2459 conjugiorum,

205 2479 272 2543 libr.
291 2483 317 2543 1.
341 2483 469 2564 Regum
484 2501 552 2566 cap.
577 2485 605 2546 1.
649 2485 704 2547 En
733 2503 868 2546 causam
890 2501 990 2565 quare
1008 2483 1105 2544 etiam
1127 2482 1223 2545 multi
1237 2483 1435 2547 ludaeorum
1452 2487 1522 2549 Re-

204 2615 260 2679 ges
273 2593 429 2677 plurimas
453 2595 514 2657 sibi
544 2611 660 2655 uxores
682 2593 899 2656 adsciverunt:
929 2593 975 2654 sic
998 2590 1076 2655 Saul
1097 2601 1220 2672 praeter
1242 2609 1375 2655 uxorem
1398 2593 1523 2660 babuit

203 2707 427 2784 concubinam,
445 2705 513 2769 libr.
537 2705 566 2768 2.
583 2705 662 2786 Reg.
686 2723 755 2786 cap.
786 2703 815 2766 3.
838 2721 919 2767 vers.
936 2703 974 2782 7.,
998 2713 1029 2765 et
1046 2723 1115 2786 cap.
1138 2704 1189 2766 21.
1206 2723 1287 2768 vers.
1305 2703 1370 2784 Ι11.,
1386 2725 1452 2787 qua
1468 2719 1521 2773 ta.

203 2835 278 2880 men
294 2817 326 2879 in
343 2839 374 2880 re
390 2815 499 2880 adhuc
521 2813 586 2877 dici
600 2823 716 2897 posset,
740 2833 844 2875 mores
867 2812 977 2877 Saulis
1000 2831 1065 2875 non
1080 2813 1181 2876 luisse
1204 2815 1275 2877 Deo
1290 2815 1449 2897 probatos3
1467 2818 1521 2880 sic

206 2926 314 2990 David
330 2927 436 3010 plures
458 2925 519 2988 sibi
533 2925 685 3006 conjuges
702 2923 820 3007 junxit,
837 2921 905 2984 libr.
930 2923 957 2985 1.
978 2923 1096 3004 Regun
1112 2941 1138 2985 c.
1162 2924 1212 2986 25.
1229 2923 1262 2986 in
1278 2923 1351 3003 line,
1374 2943 1444 3007 cap.
1460 2927 1520 2991 27.

204 3057 286 3102 vers.
303 3038 341 3116 4.,
363 3055 432 3118 cap.
455 3034 506 3097 to.
537 3051 617 3096 vers.
641 3033 669 3096 5.
699 3043 731 3095 et
754 3031 813 3107 18,
830 3031 898 3094 libr.
921 3031 950 3092 2.
981 3047 1050 3111 cap.
1073 3029 1103 3092 2.
1131 3047 1212 3107 vers,
1235 3029 1274 3107 2.,
1290 3047 1360 3111 cap.
1384 3032 1413 3093 3.
1429 3047 1520 3120 vers·

203 3150 245 3228 2.,
261 3158 292 3210 et
315 3165 413 3229 sequ,
430 3155 554 3227 praeter
576 3143 658 3205 alias
683 3140 891 3218 concubinas,
916 3138 983 3202 libr.
1013 3137 1043 3200 2.
1066 3138 1199 3220 Regum
1213 3139 1287 3220 bap.
1312 3141 1342 3202 5.
1358 3157 1439 3238 pers.
1465 3139 1523 3204 13.

203 3273 275 3336 cap.
292 3253 341 3316 12.
364 3271 445 3314 vers.
475 3252 513 3331 8.,
536 3261 568 3314 et
596 3252 653 3329 11.,
676 3269 746 3332 cap.
774 3249 822 3310 15.
847 3265 927 3310 vers.
957 3247 1013 3326 16,
1036 3263 1106 3327 cap.
1134 3247 1184 3308 ttt.
1208 3265 1289 3309 vers.
1314 3247 1375 3328 21,
1398 3257 1429 3310 et
1451 3249 1523 3328 22.,

204 3379 275 3444 eap.
292 3359 341 3423 19.
365 3377 445 3423 vers.
476 3359 515 3438 5.,
537 3377 606 3441 cap.
632 3357 683 3421 20.
707 3375 787 3418 vers.
803 3355 842 3434 3.,
864 3353 932 3417 libr.
961 3353 988 3415 l.
1011 3349 1149 3434 Paralip.
1165 3371 1235 3434 cap.
1258 3353 1287 3416 3.
1313 3369 1395 3416 vers.
1416 3354 1458 3433 9.,
1475 3367 1528 3438 et,

205 3489 276 3552 cap.
297 3469 342 3531 16.
366 3487 447 3531 vers.
478 3467 517 3547 3.,
539 3483 741 3549 quamquam
766 3462 937 3546 multiplex
959 3462 1030 3541 ista,
1054 3471 1086 3524 et
1108 3479 1195 3543 vaga
1209 3461 1308 3524 libido
1329 3479 1367 3523 eo
1382 3465 1528 3530 tandem

206 3580 388 3662 Principem
405 3578 551 3656 adduxit,
568 3587 604 3638 ut
619 3575 661 3638 ad
678 3573 790 3657 probra
808 3571 974 3650 adulteria,
990 3582 1022 3648 et
1036 3572 1135 3654 impia
1150 3569 1325 3634 homicidia
1346 3572 1526 3653 progrede-

206 3701 302 3768 retur,
318 3689 437 3752 extnde
452 3695 473 3754 a
490 3687 648 3769 Propheta
662 3683 774 3748 divino
785 3683 880 3766 jussu
899 3681 1088 3765 gravissime
1102 3681 1299 3764 obJurgatus,
1322 3679 1391 3742 libr.
1405 3679 1436 3741 2.
1452 3679 1527 3742 Re-

208 3819 289 3884 gum
303 3820 372 3882 cap.
398 3801 456 3879 11.,
473 3809 505 3863 et
529 3799 587 3877 12,
604 3795 730 3858 utinam
751 3791 897 3855 etiamid
919 3789 1007 3854 filius
1022 3789 1131 3854 David
1154 3790 1294 3872 pessimo
1308 3807 1373 3852 non
1399 3786 1528 3874 fuisset

207 3909 365 3993 exemplo,
380 3929 444 3990 que
472 3908 594 3970 incesta
610 3925 644 3967 se
671 3903 802 3968 libidine
830 3902 1086 3980 maculaverunt,
1114 3899 1160 3962 uti
1175 3899 1313 3980 legimus
1338 3897 1372 3960 in
1386 3897 1457 3960 libr.
1486 3899 1527 3964 2.

208 4020 337 4101 Regum
360 4039 429 4101 cap.
455 4016 503 4079 13.
547 4015 603 4079 Sic
617 4012 784 4078 Salomoni
807 4011 946 4094 legimus
976 4009 1172 4092 septigentas
1196 4026 1314 4071 uxeres
1342 4007 1454 4086 luisse,
1486 4021 1528 4073 et

208 4126 407 4191 concubinas
431 4135 598 4202 trecentas,
614 4122 681 4185 libr.
704 4121 734 4184 3.
757 4122 874 4204 Begun
889 4139 959 4203 cap.
991 4120 1049 4193 11.,
1065 4137 1106 4181 ne
1128 4117 1248 4199 quibus
1262 4127 1371 4180 tamen
1386 4115 1526 4182 dicitur:

210 4231 263 4298 Er
277 4241 466 4296 averterunt
479 4231 634 4295 mulieres
648 4251 701 4295 cor
715 4231 799 4314 ajars:
818 4227 1054 4312 Oumquejom
1074 4233 1159 4288 esset
1171 4245 1278 4304 senes,
1293 4223 1530 4307 depravatam

211 4348 261 4403 sat
273 4359 327 4403 eor
342 4341 413 4423 ejus
425 4359 487 4423 per
500 4339 666 4417 mulieres,
692 4347 731 4402 ut
744 4345 933 4422 sequeretur
948 4335 1041 4400 Deos
1066 4335 1198 4411 atenac,
1213 4353 1271 4397 nec
1287 4339 1360 4396 erat
1373 4333 1529 4416 conep'us

206 4449 518 4536 perfectumeorom
543 4447 690 4514 Domino
705 4447 777 4512 Deo
802 4467 871 4512 arro.
915 4443 960 4508 Elt
984 4459 1186 4528 quamquam
1211 4449 1303 4506 tanta
1316 4439 1529 4508 abominatio
