<?xml version="1.0" encoding="UTF-8"?>
<!DOCTYPE html PUBLIC "-//W3C//DTD XHTML 1.0 Transitional//EN"
    "http://www.w3.org/TR/xhtml1/DTD/xhtml1-transitional.dtd">
<html xmlns="http://www.w3.org/1999/xhtml" xml:lang="en" lang="en">
 <head>
  <title>
</title>
<meta http-equiv="Content-Type" content="text/html;charset=utf-8" />
  <meta name='ocr-system' content='tesseract 3.04.00' />
  <meta name='ocr-capabilities' content='ocr_page ocr_carea ocr_par ocr_line ocrx_word'/>
</head>
<body>
  <div class='ocr_page' id='page_1' title='image "./carolisebastian00beragoog_0325.png"; bbox 0 0 3146 4980; ppageno 0'>
   <div class='ocr_carea' id='block_1_1' title="bbox 209 391 1300 504">
    <p class='ocr_par' dir='ltr' id='par_1_1' title="bbox 209 391 1300 504">
     <span class='ocr_line' id='line_1_1' title="bbox 209 391 1300 504; baseline 0.007 -43"><span class='ocrx_word' id='word_1_1' title='bbox 209 391 274 462; x_wconf 76' lang='lat'><strong>³22</strong></span> <span class='ocrx_word' id='word_1_2' title='bbox 550 413 792 464; x_wconf 78' lang='lat' dir='ltr'><strong>nreeacnsrro</strong></span> <span class='ocrx_word' id='word_1_3' title='bbox 813 414 941 482; x_wconf 75' lang='lat' dir='ltr'><strong>sexus,</strong></span> <span class='ocrx_word' id='word_1_4' title='bbox 956 419 1106 470; x_wconf 75' lang='lat' dir='ltr'><strong>curaer.</strong></span> <span class='ocrx_word' id='word_1_5' title='bbox 1122 397 1166 468; x_wconf 86' lang='lat'><strong>11.</strong></span> <span class='ocrx_word' id='word_1_6' title='bbox 1240 493 1246 504; x_wconf 33' lang='lat'><strong>·</strong></span> <span class='ocrx_word' id='word_1_7' title='bbox 1296 463 1300 469; x_wconf 91' lang='lat'>.</span> 
     </span>
    </p>
   </div>
   <div class='ocr_carea' id='block_1_2' title="bbox 137 533 1507 944">
    <p class='ocr_par' dir='ltr' id='par_1_2' title="bbox 137 533 1507 944">
     <span class='ocr_line' id='line_1_2' title="bbox 251 533 1507 628; baseline 0.009 -27"><span class='ocrx_word' id='word_1_8' title='bbox 251 535 377 602; x_wconf 84' lang='lat' dir='ltr'><strong>Primus</strong></span> <span class='ocrx_word' id='word_1_9' title='bbox 392 533 628 604; x_wconf 80' lang='lat' dir='ltr'><strong>Constantinus</strong></span> <span class='ocrx_word' id='word_1_10' title='bbox 643 539 820 623; x_wconf 77' lang='lat' dir='ltr'><strong>Imperator</strong></span> <span class='ocrx_word' id='word_1_11' title='bbox 843 541 932 608; x_wconf 83' lang='lat' dir='ltr'><strong>hauc</strong></span> <span class='ocrx_word' id='word_1_12' title='bbox 947 537 1093 608; x_wconf 69' lang='lat' dir='ltr'><strong>ceterum</strong></span> <span class='ocrx_word' id='word_1_13' title='bbox 1107 543 1289 614; x_wconf 76' lang='lat' dir='ltr'><strong>Qniritium</strong></span> <span class='ocrx_word' id='word_1_14' title='bbox 1300 542 1507 628; x_wconf 77' lang='lat' dir='ltr'><strong>discipiinem</strong></span> 
     </span>
     <span class='ocr_line' id='line_1_3' title="bbox 207 647 1506 738; baseline 0.005 -26"><span class='ocrx_word' id='word_1_15' title='bbox 207 647 399 729; x_wconf 82' lang='lat' dir='ltr'><strong>immutavit,</strong></span> <span class='ocrx_word' id='word_1_16' title='bbox 415 647 592 731; x_wconf 83' lang='lat' dir='ltr'><strong>voluitque,</strong></span> <span class='ocrx_word' id='word_1_17' title='bbox 620 649 736 714; x_wconf 85' lang='lat' dir='ltr'><strong>liberos</strong></span> <span class='ocrx_word' id='word_1_18' title='bbox 750 669 792 714; x_wconf 86' lang='lat' dir='ltr'><strong>ex</strong></span> <span class='ocrx_word' id='word_1_19' title='bbox 806 651 998 732; x_wconf 85' lang='lat' dir='ltr'><strong>concubina,</strong></span> <span class='ocrx_word' id='word_1_20' title='bbox 1021 671 1108 734; x_wconf 86' lang='lat' dir='ltr'><strong>quae</strong></span> <span class='ocrx_word' id='word_1_21' title='bbox 1122 663 1231 717; x_wconf 84' lang='lat' dir='ltr'><strong>tamen</strong></span> <span class='ocrx_word' id='word_1_22' title='bbox 1246 653 1390 738; x_wconf 81' lang='lat' dir='ltr'><strong>ingenua</strong></span> <span class='ocrx_word' id='word_1_23' title='bbox 1405 653 1506 734; x_wconf 86' lang='lat' dir='ltr'><strong>tuerit,</strong></span> 
     </span>
     <span class='ocr_line' id='line_1_4' title="bbox 204 751 1504 844; baseline 0.01 -28"><span class='ocrx_word' id='word_1_24' title='bbox 204 763 370 836; x_wconf 84' lang='lat' dir='ltr'><strong>susceptos</strong></span> <span class='ocrx_word' id='word_1_25' title='bbox 396 751 465 818; x_wconf 84' lang='lat' dir='ltr'><strong>fieri</strong></span> <span class='ocrx_word' id='word_1_26' title='bbox 480 754 649 839; x_wconf 81' lang='lat' dir='ltr'><strong>legitimos,</strong></span> <span class='ocrx_word' id='word_1_27' title='bbox 675 757 795 824; x_wconf 86' lang='lat' dir='ltr'><strong>sicum</strong></span> <span class='ocrx_word' id='word_1_28' title='bbox 819 759 936 824; x_wconf 87' lang='lat' dir='ltr'><strong>eadem</strong></span> <span class='ocrx_word' id='word_1_29' title='bbox 960 759 1143 824; x_wconf 85' lang='lat' dir='ltr'><strong>concubine</strong></span> <span class='ocrx_word' id='word_1_30' title='bbox 1152 761 1261 844; x_wconf 78' lang='lat' dir='ltr'><strong>justae</strong></span> <span class='ocrx_word' id='word_1_31' title='bbox 1282 763 1420 844; x_wconf 75' lang='lat' dir='ltr'><strong>nuptiae</strong></span> <span class='ocrx_word' id='word_1_32' title='bbox 1433 761 1504 828; x_wconf 88' lang='lat' dir='ltr'><strong>inde</strong></span> 
     </span>
     <span class='ocr_line' id='line_1_5' title="bbox 137 861 1505 944; baseline 0.008 -16"><span class='ocrx_word' id='word_1_33' title='bbox 137 927 147 944; x_wconf 40' lang='lat'><strong>‚‚</strong></span> <span class='ocrx_word' id='word_1_34' title='bbox 202 861 478 944; x_wconf 76' lang='lat' dir='ltr'><strong>contraherentur,</strong></span> <span class='ocrx_word' id='word_1_35' title='bbox 501 865 550 928; x_wconf 90' lang='lat' dir='ltr'><strong>uti</strong></span> <span class='ocrx_word' id='word_1_36' title='bbox 565 873 699 932; x_wconf 77' lang='lat' dir='ltr'><strong>testetur</strong></span> <span class='ocrx_word' id='word_1_37' title='bbox 714 867 808 932; x_wconf 84' lang='lat' dir='ltr'><strong>Zeno</strong></span> <span class='ocrx_word' id='word_1_38' title='bbox 833 868 867 932; x_wconf 89' lang='lat' dir='ltr'><strong>in</strong></span> <span class='ocrx_word' id='word_1_39' title='bbox 882 867 902 932; x_wconf 92' lang='lat' dir='ltr'><strong>l.</strong></span> <span class='ocrx_word' id='word_1_40' title='bbox 918 870 948 933; x_wconf 77' lang='lat'><strong>5.</strong></span> <span class='ocrx_word' id='word_1_41' title='bbox 973 867 1044 934; x_wconf 88' lang='lat' dir='ltr'><strong>cod.</strong></span> <span class='ocrx_word' id='word_1_42' title='bbox 1061 868 1102 932; x_wconf 91' lang='lat' dir='ltr'><strong>de</strong></span> <span class='ocrx_word' id='word_1_43' title='bbox 1127 869 1266 934; x_wconf 78' lang='lat' dir='ltr'><strong>netuml.</strong></span> <span class='ocrx_word' id='word_1_44' title='bbox 1293 871 1410 936; x_wconf 88' lang='lat' dir='ltr'><strong>liberis.</strong></span> <span class='ocrx_word' id='word_1_45' title='bbox 1454 873 1505 939; x_wconf 81' lang='lat' dir='ltr'><strong>Sic</strong></span> 
     </span>
    </p>
   </div>
   <div class='ocr_carea' id='block_1_3' title="bbox 204 967 1508 1168">
    <p class='ocr_par' dir='ltr' id='par_1_3' title="bbox 204 967 1508 1168">
     <span class='ocr_line' id='line_1_6' title="bbox 204 967 1508 1060; baseline 0.009 -26"><span class='ocrx_word' id='word_1_46' title='bbox 204 967 316 1034; x_wconf 87' lang='lat' dir='ltr'><strong>decuit</strong></span> <span class='ocrx_word' id='word_1_47' title='bbox 331 971 555 1038; x_wconf 73' lang='lat' dir='ltr'><strong>Christianum</strong></span> <span class='ocrx_word' id='word_1_48' title='bbox 569 973 798 1058; x_wconf 77' lang='lat' dir='ltr'><strong>imperatorem</strong></span> <span class='ocrx_word' id='word_1_49' title='bbox 813 975 940 1042; x_wconf 83' lang='lat' dir='ltr'><strong>allicere</strong></span> <span class='ocrx_word' id='word_1_50' title='bbox 953 977 1044 1042; x_wconf 82' lang='lat' dir='ltr'><strong>cives</strong></span> <span class='ocrx_word' id='word_1_51' title='bbox 1058 978 1233 1060; x_wconf 80' lang='lat' dir='ltr'><strong>Romanos,</strong></span> <span class='ocrx_word' id='word_1_52' title='bbox 1255 989 1292 1044; x_wconf 92' lang='lat' dir='ltr'><strong>ut</strong></span> <span class='ocrx_word' id='word_1_53' title='bbox 1306 981 1443 1046; x_wconf 76' lang='lat' dir='ltr'><strong>tandem</strong></span> <span class='ocrx_word' id='word_1_54' title='bbox 1456 981 1508 1045; x_wconf 85' lang='lat' dir='ltr'><strong>ali·</strong></span> 
     </span>
     <span class='ocr_line' id='line_1_7' title="bbox 206 1075 1506 1168; baseline 0.01 -29"><span class='ocrx_word' id='word_1_55' title='bbox 206 1075 339 1158; x_wconf 80' lang='lat' dir='ltr'><strong>quondo</strong></span> <span class='ocrx_word' id='word_1_56' title='bbox 353 1079 463 1166; x_wconf 74' lang='lat' dir='ltr'><strong>minus</strong></span> <span class='ocrx_word' id='word_1_57' title='bbox 476 1080 648 1146; x_wconf 81' lang='lat' dir='ltr'><strong>honestem</strong></span> <span class='ocrx_word' id='word_1_58' title='bbox 661 1081 900 1148; x_wconf 69' lang='lat' dir='ltr'><strong>combinatus</strong></span> <span class='ocrx_word' id='word_1_59' title='bbox 914 1083 1072 1148; x_wconf 85' lang='lat' dir='ltr'><strong>rationem</strong></span> <span class='ocrx_word' id='word_1_60' title='bbox 1087 1081 1276 1168; x_wconf 74' lang='lat' dir='ltr'><strong>desererent,</strong></span> <span class='ocrx_word' id='word_1_61' title='bbox 1297 1097 1331 1150; x_wconf 88' lang='lat' dir='ltr'><strong>er</strong></span> <span class='ocrx_word' id='word_1_62' title='bbox 1343 1105 1419 1153; x_wconf 79' lang='lat' dir='ltr'><strong>esur</strong></span> <span class='ocrx_word' id='word_1_63' title='bbox 1434 1105 1506 1152; x_wconf 89' lang='lat' dir='ltr'><strong>cum</strong></span> 
     </span>
    </p>
   </div>
   <div class='ocr_carea' id='block_1_4' title="bbox 201 1191 1509 1498">
    <p class='ocr_par' dir='ltr' id='par_1_4' title="bbox 201 1191 1509 1498">
     <span class='ocr_line' id='line_1_8' title="bbox 201 1191 1508 1277; baseline 0.005 -23"><span class='ocrx_word' id='word_1_64' title='bbox 201 1191 290 1275; x_wconf 87' lang='lat' dir='ltr'><strong>justo</strong></span> <span class='ocrx_word' id='word_1_65' title='bbox 303 1191 454 1275; x_wconf 81' lang='lat' dir='ltr'><strong>conjugio</strong></span> <span class='ocrx_word' id='word_1_66' title='bbox 478 1201 724 1258; x_wconf 80' lang='lat' dir='ltr'><strong>commutarent.</strong></span> <span class='ocrx_word' id='word_1_67' title='bbox 767 1193 812 1258; x_wconf 81' lang='lat' dir='ltr'><strong>At</strong></span> <span class='ocrx_word' id='word_1_68' title='bbox 825 1195 914 1256; x_wconf 85' lang='lat' dir='ltr'><strong>enirn</strong></span> <span class='ocrx_word' id='word_1_69' title='bbox 926 1193 1009 1257; x_wconf 89' lang='lat' dir='ltr'><strong>haec</strong></span> <span class='ocrx_word' id='word_1_70' title='bbox 1023 1193 1077 1258; x_wconf 84' lang='lat' dir='ltr'><strong>lex</strong></span> <span class='ocrx_word' id='word_1_71' title='bbox 1092 1195 1262 1277; x_wconf 86' lang='lat' dir='ltr'><strong>praeterita</strong></span> <span class='ocrx_word' id='word_1_72' title='bbox 1287 1206 1416 1264; x_wconf 72' lang='lat' dir='ltr'><strong>munim</strong></span> <span class='ocrx_word' id='word_1_73' title='bbox 1433 1207 1508 1261; x_wconf 85' lang='lat' dir='ltr'><strong>tem·</strong></span> 
     </span>
     <span class='ocr_line' id='line_1_9' title="bbox 204 1299 1509 1385; baseline 0.006 -22"><span class='ocrx_word' id='word_1_74' title='bbox 204 1317 284 1384; x_wconf 84' lang='lat' dir='ltr'><strong>pore</strong></span> <span class='ocrx_word' id='word_1_75' title='bbox 298 1299 453 1383; x_wconf 77' lang='lat' dir='ltr'><strong>respicere</strong></span> <span class='ocrx_word' id='word_1_76' title='bbox 477 1299 656 1382; x_wconf 75' lang='lat' dir='ltr'><strong>videbatur,</strong></span> <span class='ocrx_word' id='word_1_77' title='bbox 680 1301 912 1384; x_wconf 75' lang='lat' dir='ltr'><strong>consulemque</strong></span> <span class='ocrx_word' id='word_1_78' title='bbox 927 1302 975 1382; x_wconf 84' lang='lat' dir='ltr'><strong>iis,</strong></span> <span class='ocrx_word' id='word_1_79' title='bbox 997 1301 1056 1385; x_wconf 91' lang='lat' dir='ltr'><strong>qui</strong></span> <span class='ocrx_word' id='word_1_80' title='bbox 1085 1321 1163 1368; x_wconf 85' lang='lat' dir='ltr'><strong>cnm</strong></span> <span class='ocrx_word' id='word_1_81' title='bbox 1187 1303 1303 1369; x_wconf 86' lang='lat' dir='ltr'><strong>eadem</strong></span> <span class='ocrx_word' id='word_1_82' title='bbox 1323 1305 1509 1372; x_wconf 82' lang='lat' dir='ltr'><strong>constitutio</strong></span> 
     </span>
     <span class='ocr_line' id='line_1_10' title="bbox 205 1407 1509 1498; baseline 0.009 -28"><span class='ocrx_word' id='word_1_83' title='bbox 205 1407 360 1488; x_wconf 84' lang='lat' dir='ltr'><strong>ederetur,</strong></span> <span class='ocrx_word' id='word_1_84' title='bbox 386 1419 456 1474; x_wconf 87' lang='lat' dir='ltr'><strong>turn</strong></span> <span class='ocrx_word' id='word_1_85' title='bbox 472 1409 582 1474; x_wconf 83' lang='lat' dir='ltr'><strong>adhuc</strong></span> <span class='ocrx_word' id='word_1_86' title='bbox 597 1409 631 1474; x_wconf 92' lang='lat' dir='ltr'><strong>iu</strong></span> <span class='ocrx_word' id='word_1_87' title='bbox 656 1410 874 1476; x_wconf 79' lang='lat' dir='ltr'><strong>concubinatu</strong></span> <span class='ocrx_word' id='word_1_88' title='bbox 899 1423 999 1491; x_wconf 80' lang='lat' dir='ltr'><strong>erent,</strong></span> <span class='ocrx_word' id='word_1_89' title='bbox 1025 1411 1206 1496; x_wconf 85' lang='lat' dir='ltr'><strong>liberosque</strong></span> <span class='ocrx_word' id='word_1_90' title='bbox 1230 1425 1448 1498; x_wconf 86' lang='lat' dir='ltr'><strong>susceperant,</strong></span> <span class='ocrx_word' id='word_1_91' title='bbox 1470 1435 1509 1481; x_wconf 88' lang='lat' dir='ltr'><strong>ne</strong></span> 
     </span>
    </p>
   </div>
   <div class='ocr_carea' id='block_1_5' title="bbox 87 1516 1509 1602">
    <p class='ocr_par' dir='ltr' id='par_1_5' title="bbox 87 1516 1509 1602">
     <span class='ocr_line' id='line_1_11' title="bbox 87 1516 1509 1602; baseline 0.001 -18"><span class='ocrx_word' id='word_1_92' title='bbox 87 1579 90 1584; x_wconf 86' lang='lat'>.</span> <span class='ocrx_word' id='word_1_93' title='bbox 205 1517 289 1582; x_wconf 81' lang='lat' dir='ltr'><strong>alies</strong></span> <span class='ocrx_word' id='word_1_94' title='bbox 303 1516 412 1584; x_wconf 80' lang='lat' dir='ltr'><strong>severe</strong></span> <span class='ocrx_word' id='word_1_95' title='bbox 436 1518 543 1602; x_wconf 85' lang='lat' dir='ltr'><strong>potius</strong></span> <span class='ocrx_word' id='word_1_96' title='bbox 557 1517 796 1599; x_wconf 84' lang='lat' dir='ltr'><strong>concubinatui,</strong></span> <span class='ocrx_word' id='word_1_97' title='bbox 822 1537 925 1602; x_wconf 84' lang='lat' dir='ltr'><strong>quarn</strong></span> <span class='ocrx_word' id='word_1_98' title='bbox 938 1521 1192 1585; x_wconf 74' lang='lat' dir='ltr'><strong>concubinatum</strong></span> <span class='ocrx_word' id='word_1_99' title='bbox 1218 1520 1382 1586; x_wconf 84' lang='lat' dir='ltr'><strong>demedio</strong></span> <span class='ocrx_word' id='word_1_100' title='bbox 1400 1520 1509 1586; x_wconf 85' lang='lat' dir='ltr'><strong>tollere</strong></span> 
     </span>
    </p>
   </div>
   <div class='ocr_carea' id='block_1_6' title="bbox 154 1627 1563 4556">
    <p class='ocr_par' dir='ltr' id='par_1_6' title="bbox 202 1627 1512 2256">
     <span class='ocr_line' id='line_1_12' title="bbox 205 1627 1508 1714; baseline 0.004 -23"><span class='ocrx_word' id='word_1_101' title='bbox 205 1627 308 1707; x_wconf 75' lang='lat' dir='ltr'><strong>cerne,</strong></span> <span class='ocrx_word' id='word_1_102' title='bbox 324 1637 397 1692; x_wconf 89' lang='lat' dir='ltr'><strong>utut</strong></span> <span class='ocrx_word' id='word_1_103' title='bbox 410 1627 549 1708; x_wconf 82' lang='lat' dir='ltr'><strong>blandis,</strong></span> <span class='ocrx_word' id='word_1_104' title='bbox 574 1627 753 1692; x_wconf 73' lang='lat' dir='ltr'><strong>rationibus</strong></span> <span class='ocrx_word' id='word_1_105' title='bbox 768 1627 911 1692; x_wconf 84' lang='lat' dir='ltr'><strong>voluisse</strong></span> <span class='ocrx_word' id='word_1_106' title='bbox 936 1628 1171 1694; x_wconf 73' lang='lat' dir='ltr'><strong>Constantinus</strong></span> <span class='ocrx_word' id='word_1_107' title='bbox 1186 1629 1254 1712; x_wconf 82' lang='lat' dir='ltr'><strong>ipse</strong></span> <span class='ocrx_word' id='word_1_108' title='bbox 1271 1631 1508 1714; x_wconf 77' lang='lat' dir='ltr'><strong>intelligeretur.</strong></span> 
     </span>
     <span class='ocr_line' id='line_1_13' title="bbox 205 1734 1510 1820; baseline 0.001 -19"><span class='ocrx_word' id='word_1_109' title='bbox 205 1735 251 1801; x_wconf 80' lang='lat' dir='ltr'><strong>Et</strong></span> <span class='ocrx_word' id='word_1_110' title='bbox 265 1755 377 1802; x_wconf 85' lang='lat' dir='ltr'><strong>revere</strong></span> <span class='ocrx_word' id='word_1_111' title='bbox 402 1736 576 1802; x_wconf 75' lang='lat' dir='ltr'><strong>ennodii.</strong></span> <span class='ocrx_word' id='word_1_112' title='bbox 610 1734 703 1802; x_wconf 90' lang='lat' dir='ltr'><strong>cho</strong></span> <span class='ocrx_word' id='word_1_113' title='bbox 717 1737 895 1820; x_wconf 82' lang='lat' dir='ltr'><strong>Imperator</strong></span> <span class='ocrx_word' id='word_1_114' title='bbox 919 1736 989 1801; x_wconf 87' lang='lat' dir='ltr'><strong>eod.</strong></span> <span class='ocrx_word' id='word_1_115' title='bbox 1015 1737 1128 1820; x_wconf 81' lang='lat' dir='ltr'><strong>spiritu</strong></span> <span class='ocrx_word' id='word_1_116' title='bbox 1151 1737 1333 1801; x_wconf 86' lang='lat' dir='ltr'><strong>concitatus</strong></span> <span class='ocrx_word' id='word_1_117' title='bbox 1354 1737 1457 1802; x_wconf 81' lang='lat' dir='ltr'><strong>aliam</strong></span> <span class='ocrx_word' id='word_1_118' title='bbox 1470 1737 1510 1802; x_wconf 90' lang='lat' dir='ltr'><strong>lc·</strong></span> 
     </span>
     <span class='ocr_line' id='line_1_14' title="bbox 204 1839 1510 1928; baseline -0.001 -20"><span class='ocrx_word' id='word_1_119' title='bbox 204 1863 281 1928; x_wconf 80' lang='lat' dir='ltr'><strong>gem</strong></span> <span class='ocrx_word' id='word_1_120' title='bbox 295 1843 587 1910; x_wconf 69' lang='lat' dir='ltr'><strong>Constantinianum</strong></span> <span class='ocrx_word' id='word_1_121' title='bbox 612 1841 752 1907; x_wconf 78' lang='lat' dir='ltr'><strong>similem</strong></span> <span class='ocrx_word' id='word_1_122' title='bbox 767 1861 803 1908; x_wconf 88' lang='lat' dir='ltr'><strong>se</strong></span> <span class='ocrx_word' id='word_1_123' title='bbox 816 1839 912 1908; x_wconf 89' lang='lat' dir='ltr'><strong>edere</strong></span> <span class='ocrx_word' id='word_1_124' title='bbox 936 1841 1100 1926; x_wconf 83' lang='lat' dir='ltr'><strong>professus</strong></span> <span class='ocrx_word' id='word_1_125' title='bbox 1113 1853 1164 1908; x_wconf 83' lang='lat' dir='ltr'><strong>est</strong></span> <span class='ocrx_word' id='word_1_126' title='bbox 1188 1843 1224 1908; x_wconf 89' lang='lat' dir='ltr'><strong>in</strong></span> <span class='ocrx_word' id='word_1_127' title='bbox 1238 1842 1327 1908; x_wconf 82' lang='lat' dir='ltr'><strong>dicta</strong></span> <span class='ocrx_word' id='word_1_128' title='bbox 1352 1841 1373 1908; x_wconf 88' lang='lat' dir='ltr'><strong>l.</strong></span> <span class='ocrx_word' id='word_1_129' title='bbox 1389 1845 1440 1926; x_wconf 77' lang='grc' dir='ltr'><strong>ὅ.Γ</strong></span> <span class='ocrx_word' id='word_1_130' title='bbox 1449 1855 1510 1908; x_wconf 83' lang='lat' dir='ltr'><strong>sta·</strong></span> 
     </span>
     <span class='ocr_line' id='line_1_15' title="bbox 206 1951 1510 2036; baseline 0 -18"><span class='ocrx_word' id='word_1_131' title='bbox 206 1961 304 2018; x_wconf 87' lang='lat' dir='ltr'><strong>tuens</strong></span> <span class='ocrx_word' id='word_1_132' title='bbox 328 1961 509 2036; x_wconf 81' lang='lat' dir='ltr'><strong>expraesse,</strong></span> <span class='ocrx_word' id='word_1_133' title='bbox 536 1951 652 2016; x_wconf 88' lang='lat' dir='ltr'><strong>liberos</strong></span> <span class='ocrx_word' id='word_1_134' title='bbox 666 1959 833 2036; x_wconf 82' lang='lat' dir='ltr'><strong>sueceptos</strong></span> <span class='ocrx_word' id='word_1_135' title='bbox 858 1971 900 2016; x_wconf 82' lang='lat' dir='ltr'><strong>ex</strong></span> <span class='ocrx_word' id='word_1_136' title='bbox 915 1951 1097 2016; x_wconf 83' lang='lat' dir='ltr'><strong>concubine</strong></span> <span class='ocrx_word' id='word_1_137' title='bbox 1111 1951 1272 2036; x_wconf 83' lang='lat' dir='ltr'><strong>legitimos</strong></span> <span class='ocrx_word' id='word_1_138' title='bbox 1296 1952 1375 2033; x_wconf 84' lang='lat' dir='ltr'><strong>fieri,</strong></span> <span class='ocrx_word' id='word_1_139' title='bbox 1390 1953 1510 2018; x_wconf 87' lang='lat' dir='ltr'><strong>sicum</strong></span> 
     </span>
     <span class='ocr_line' id='line_1_16' title="bbox 202 2063 1511 2150; baseline 0.001 -22"><span class='ocrx_word' id='word_1_140' title='bbox 202 2063 390 2128; x_wconf 87' lang='lat' dir='ltr'><strong>concubina</strong></span> <span class='ocrx_word' id='word_1_141' title='bbox 413 2065 546 2147; x_wconf 77' lang='lat' dir='ltr'><strong>nuptiae</strong></span> <span class='ocrx_word' id='word_1_142' title='bbox 561 2073 780 2147; x_wconf 72' lang='lat' dir='ltr'><strong>sequerentun</strong></span> <span class='ocrx_word' id='word_1_143' title='bbox 807 2083 850 2126; x_wconf 86' lang='lat' dir='ltr'><strong>ex</strong></span> <span class='ocrx_word' id='word_1_144' title='bbox 862 2081 929 2146; x_wconf 89' lang='lat' dir='ltr'><strong>quo</strong></span> <span class='ocrx_word' id='word_1_145' title='bbox 951 2063 1060 2144; x_wconf 72' lang='lat' dir='ltr'><strong>grecis</strong></span> <span class='ocrx_word' id='word_1_146' title='bbox 1073 2066 1260 2148; x_wconf 83' lang='lat' dir='ltr'><strong>conjecture</strong></span> <span class='ocrx_word' id='word_1_147' title='bbox 1282 2065 1426 2150; x_wconf 69' lang='lat' dir='ltr'><strong>emergit</strong></span> <span class='ocrx_word' id='word_1_148' title='bbox 1441 2073 1511 2149; x_wconf 83' lang='lat' dir='ltr'><strong>posi</strong></span> 
     </span>
     <span class='ocr_line' id='line_1_17' title="bbox 208 2170 1512 2256; baseline -0.004 -16"><span class='ocrx_word' id='word_1_149' title='bbox 208 2175 465 2240; x_wconf 83' lang='lat' dir='ltr'><strong>Constantinum</strong></span> <span class='ocrx_word' id='word_1_150' title='bbox 479 2183 625 2256; x_wconf 89' lang='lat' dir='ltr'><strong>respectu</strong></span> <span class='ocrx_word' id='word_1_151' title='bbox 640 2171 778 2252; x_wconf 88' lang='lat' dir='ltr'><strong>illorum,</strong></span> <span class='ocrx_word' id='word_1_152' title='bbox 804 2171 862 2255; x_wconf 88' lang='lat' dir='ltr'><strong>qui</strong></span> <span class='ocrx_word' id='word_1_153' title='bbox 875 2170 1077 2236; x_wconf 82' lang='lat' dir='ltr'><strong>concubinas</strong></span> <span class='ocrx_word' id='word_1_154' title='bbox 1101 2171 1163 2236; x_wconf 86' lang='lat' dir='ltr'><strong>sibi</strong></span> <span class='ocrx_word' id='word_1_155' title='bbox 1173 2172 1363 2256; x_wconf 85' lang='lat' dir='ltr'><strong>junxerunt,</strong></span> <span class='ocrx_word' id='word_1_156' title='bbox 1382 2170 1512 2236; x_wconf 88' lang='lat' dir='ltr'><strong>nullum</strong></span> 
     </span>
    </p>

    <p class='ocr_par' dir='ltr' id='par_1_7' title="bbox 154 2279 1563 4556">
     <span class='ocr_line' id='line_1_18' title="bbox 207 2279 1512 2369; baseline -0.002 -21"><span class='ocrx_word' id='word_1_157' title='bbox 207 2284 278 2369; x_wconf 85' lang='lat' dir='ltr'><strong>ejus</strong></span> <span class='ocrx_word' id='word_1_158' title='bbox 303 2281 430 2368; x_wconf 77' lang='lat' dir='ltr'><strong>generis</strong></span> <span class='ocrx_word' id='word_1_159' title='bbox 454 2281 661 2366; x_wconf 79' lang='lat' dir='ltr'><strong>privilegium</strong></span> <span class='ocrx_word' id='word_1_160' title='bbox 686 2281 867 2346; x_wconf 83' lang='lat' dir='ltr'><strong>subsecutis</strong></span> <span class='ocrx_word' id='word_1_161' title='bbox 892 2289 965 2365; x_wconf 89' lang='lat' dir='ltr'><strong>post</strong></span> <span class='ocrx_word' id='word_1_162' title='bbox 989 2280 1243 2346; x_wconf 83' lang='lat' dir='ltr'><strong>concubinetum</strong></span> <span class='ocrx_word' id='word_1_163' title='bbox 1266 2279 1391 2364; x_wconf 76' lang='lat' dir='ltr'><strong>nuptiis</strong></span> <span class='ocrx_word' id='word_1_164' title='bbox 1411 2279 1512 2346; x_wconf 80' lang='lat' dir='ltr'><strong>irrisse</strong></span> 
     </span>
     <span class='ocr_line' id='line_1_19' title="bbox 154 2373 1512 2475; baseline -0.004 -16"><span class='ocrx_word' id='word_1_165' title='bbox 154 2373 156 2378; x_wconf 45' lang='grc'>’</span> <span class='ocrx_word' id='word_1_166' title='bbox 206 2409 408 2459; x_wconf 80' lang='lat' dir='ltr'><strong>conuersum.</strong></span> <span class='ocrx_word' id='word_1_167' title='bbox 451 2391 557 2456; x_wconf 88' lang='lat' dir='ltr'><strong>Immo</strong></span> <span class='ocrx_word' id='word_1_168' title='bbox 571 2401 604 2454; x_wconf 93' lang='lat' dir='ltr'><strong>et</strong></span> <span class='ocrx_word' id='word_1_169' title='bbox 629 2389 722 2456; x_wconf 90' lang='lat' dir='ltr'><strong>Zeno</strong></span> <span class='ocrx_word' id='word_1_170' title='bbox 736 2407 897 2454; x_wconf 83' lang='lat' dir='ltr'><strong>renovans</strong></span> <span class='ocrx_word' id='word_1_171' title='bbox 922 2389 1130 2456; x_wconf 77' lang='lat' dir='ltr'><strong>constantini</strong></span> <span class='ocrx_word' id='word_1_172' title='bbox 1143 2389 1258 2474; x_wconf 75' lang='lat' dir='ltr'><strong>legem,</strong></span> <span class='ocrx_word' id='word_1_173' title='bbox 1272 2409 1425 2475; x_wconf 82' lang='lat' dir='ltr'><strong>expresse</strong></span> <span class='ocrx_word' id='word_1_174' title='bbox 1444 2407 1512 2475; x_wconf 83' lang='lat' dir='ltr'><strong>pro·</strong></span> 
     </span>
     <span class='ocr_line' id='line_1_20' title="bbox 207 2497 1514 2586; baseline 0.002 -22"><span class='ocrx_word' id='word_1_175' title='bbox 207 2498 315 2564; x_wconf 84' lang='lat' dir='ltr'><strong>tessus</strong></span> <span class='ocrx_word' id='word_1_176' title='bbox 330 2508 387 2579; x_wconf 88' lang='lat' dir='ltr'><strong>eet,</strong></span> <span class='ocrx_word' id='word_1_177' title='bbox 404 2498 520 2584; x_wconf 79' lang='lat' dir='ltr'><strong>iterum</strong></span> <span class='ocrx_word' id='word_1_178' title='bbox 535 2518 570 2563; x_wconf 89' lang='lat' dir='ltr'><strong>ee</strong></span> <span class='ocrx_word' id='word_1_179' title='bbox 580 2499 766 2586; x_wconf 85' lang='lat' dir='ltr'><strong>praeteritis,</strong></span> <span class='ocrx_word' id='word_1_180' title='bbox 783 2515 849 2562; x_wconf 87' lang='lat' dir='ltr'><strong>non</strong></span> <span class='ocrx_word' id='word_1_181' title='bbox 863 2497 982 2564; x_wconf 80' lang='lat' dir='ltr'><strong>futuris</strong></span> <span class='ocrx_word' id='word_1_182' title='bbox 996 2499 1126 2564; x_wconf 77' lang='lat' dir='ltr'><strong>casibus</strong></span> <span class='ocrx_word' id='word_1_183' title='bbox 1141 2499 1225 2564; x_wconf 85' lang='lat' dir='ltr'><strong>velle</strong></span> <span class='ocrx_word' id='word_1_184' title='bbox 1238 2518 1279 2564; x_wconf 81' lang='lat' dir='ltr'><strong>ee</strong></span> <span class='ocrx_word' id='word_1_185' title='bbox 1291 2501 1416 2566; x_wconf 86' lang='lat' dir='ltr'><strong>ratione</strong></span> <span class='ocrx_word' id='word_1_186' title='bbox 1428 2518 1514 2586; x_wconf 82' lang='lat' dir='ltr'><strong>prns-</strong></span> 
     </span>
     <span class='ocr_line' id='line_1_21' title="bbox 209 2610 1514 2698; baseline 0.003 -24"><span class='ocrx_word' id='word_1_187' title='bbox 209 2611 323 2695; x_wconf 88' lang='lat' dir='ltr'><strong>picare,</strong></span> <span class='ocrx_word' id='word_1_188' title='bbox 338 2610 392 2676; x_wconf 90' lang='lat' dir='ltr'><strong>ibi:</strong></span> <span class='ocrx_word' id='word_1_189' title='bbox 422 2611 479 2676; x_wconf 87' lang='lat' dir='ltr'><strong>Ilii</strong></span> <span class='ocrx_word' id='word_1_190' title='bbox 492 2631 576 2690; x_wconf 84' lang='lat' dir='ltr'><strong>vero,</strong></span> <span class='ocrx_word' id='word_1_191' title='bbox 591 2612 650 2698; x_wconf 81' lang='lat' dir='ltr'><strong>qui</strong></span> <span class='ocrx_word' id='word_1_192' title='bbox 664 2619 808 2696; x_wconf 76' lang='lat' dir='ltr'><strong>ternpore</strong></span> <span class='ocrx_word' id='word_1_193' title='bbox 821 2611 924 2698; x_wconf 73' lang='lat' dir='ltr'><strong>iuius</strong></span> <span class='ocrx_word' id='word_1_194' title='bbox 937 2613 1361 2698; x_wconf 76' lang='lat' dir='ltr'><strong>mmctiesimcijcstionie</strong></span> <span class='ocrx_word' id='word_1_195' title='bbox 1372 2615 1514 2680; x_wconf 78' lang='lat' dir='ltr'><strong>modum</strong></span> 
     </span>
     <span class='ocr_line' id='line_1_22' title="bbox 205 2717 1563 2808; baseline 0.001 -21"><span class='ocrx_word' id='word_1_196' title='bbox 205 2722 338 2808; x_wconf 75' lang='lat' dir='ltr'><strong>protem</strong></span> <span class='ocrx_word' id='word_1_197' title='bbox 362 2721 513 2807; x_wconf 77' lang='lat' dir='ltr'><strong>uliqricm</strong></span> <span class='ocrx_word' id='word_1_198' title='bbox 537 2741 579 2786; x_wconf 76' lang='lat' dir='ltr'><strong>eo</strong></span> <span class='ocrx_word' id='word_1_199' title='bbox 602 2721 832 2804; x_wconf 79' lang='lat' dir='ltr'><strong>ingemmrum</strong></span> <span class='ocrx_word' id='word_1_200' title='bbox 857 2717 1115 2785; x_wconf 81' lang='lat' dir='ltr'><strong>concubinarum</strong></span> <span class='ocrx_word' id='word_1_201' title='bbox 1137 2723 1297 2788; x_wconf 72' lang='lat' dir='ltr'><strong>mosontio</strong></span> <span class='ocrx_word' id='word_1_202' title='bbox 1321 2725 1513 2802; x_wconf 66' lang='lat' dir='ltr'><strong>macer,</strong></span> <span class='ocrx_word' id='word_1_203' title='bbox 1562 2797 1563 2802; x_wconf 6' lang='grc' dir='ltr'>ἵ</span> 
     </span>
     <span class='ocr_line' id='line_1_23' title="bbox 210 2828 1515 2916; baseline 0.003 -22"><span class='ocrx_word' id='word_1_204' title='bbox 210 2831 349 2896; x_wconf 88' lang='lat' dir='ltr'><strong>minime</strong></span> <span class='ocrx_word' id='word_1_205' title='bbox 362 2830 465 2916; x_wconf 74' lang='lat' dir='ltr'><strong>liujus</strong></span> <span class='ocrx_word' id='word_1_206' title='bbox 488 2830 577 2913; x_wconf 72' lang='lat' dir='ltr'><strong>legis</strong></span> <span class='ocrx_word' id='word_1_207' title='bbox 590 2828 739 2914; x_wconf 76' lang='lat' dir='ltr'><strong>berwfleio</strong></span> <span class='ocrx_word' id='word_1_208' title='bbox 757 2829 992 2914; x_wconf 78' lang='lat' dir='ltr'><strong>perfrucrrtur,</strong></span> <span class='ocrx_word' id='word_1_209' title='bbox 1006 2849 1084 2896; x_wconf 83' lang='lat' dir='ltr'><strong>cum</strong></span> <span class='ocrx_word' id='word_1_210' title='bbox 1097 2831 1193 2897; x_wconf 79' lang='lat' dir='ltr'><strong>liceat</strong></span> <span class='ocrx_word' id='word_1_211' title='bbox 1213 2831 1345 2898; x_wconf 80' lang='lat' dir='ltr'><strong>eosdem</strong></span> <span class='ocrx_word' id='word_1_212' title='bbox 1358 2835 1515 2900; x_wconf 64' lang='lat' dir='ltr'><strong>mlieris</strong></span> 
     </span>
     <span class='ocr_line' id='line_1_24' title="bbox 211 2937 1513 3024; baseline 0 -18"><span class='ocrx_word' id='word_1_213' title='bbox 211 2939 278 3006; x_wconf 78' lang='lat' dir='ltr'><strong>sibi</strong></span> <span class='ocrx_word' id='word_1_214' title='bbox 287 2940 390 3024; x_wconf 74' lang='lat' dir='ltr'><strong>prius</strong></span> <span class='ocrx_word' id='word_1_215' title='bbox 403 2940 487 3024; x_wconf 82' lang='lat' dir='ltr'><strong>jure</strong></span> <span class='ocrx_word' id='word_1_216' title='bbox 501 2937 710 3004; x_wconf 75' lang='lat' dir='ltr'><strong>matrimonii</strong></span> <span class='ocrx_word' id='word_1_217' title='bbox 732 2939 895 3022; x_wconf 79' lang='lat' dir='ltr'><strong>copulare,</strong></span> <span class='ocrx_word' id='word_1_218' title='bbox 918 2958 986 3002; x_wconf 84' lang='lat' dir='ltr'><strong>uon</strong></span> <span class='ocrx_word' id='word_1_219' title='bbox 999 2939 1189 3004; x_wconf 73' lang='lat' dir='ltr'><strong>eatcmilmr</strong></span> <span class='ocrx_word' id='word_1_220' title='bbox 1212 2939 1377 3024; x_wconf 77' lang='lat' dir='ltr'><strong>legitimis</strong></span> <span class='ocrx_word' id='word_1_221' title='bbox 1392 2937 1513 3017; x_wconf 73' lang='lat' dir='ltr'><strong>liberie,</strong></span> 
     </span>
     <span class='ocr_line' id='line_1_25' title="bbox 207 3047 1515 3137; baseline 0 -21"><span class='ocrx_word' id='word_1_222' title='bbox 207 3059 272 3118; x_wconf 74' lang='lat' dir='ltr'><strong>ortt</strong></span> <span class='ocrx_word' id='word_1_223' title='bbox 285 3051 454 3131; x_wconf 72' lang='lat' dir='ltr'><strong>munus,</strong></span> <span class='ocrx_word' id='word_1_224' title='bbox 470 3059 501 3115; x_wconf 88' lang='lat' dir='ltr'><strong>et</strong></span> <span class='ocrx_word' id='word_1_225' title='bbox 514 3047 790 3133; x_wconf 74' lang='lat' dir='ltr'><strong>legitimossttios,</strong></span> <span class='ocrx_word' id='word_1_226' title='bbox 805 3057 918 3133; x_wconf 76' lang='lat' dir='ltr'><strong>ratpoto</strong></span> <span class='ocrx_word' id='word_1_227' title='bbox 931 3049 1065 3133; x_wconf 77' lang='lat' dir='ltr'><strong>nuptiis</strong></span> <span class='ocrx_word' id='word_1_228' title='bbox 1075 3049 1349 3136; x_wconf 66' lang='lat' dir='ltr'><strong>procedentem</strong></span> <span class='ocrx_word' id='word_1_229' title='bbox 1364 3069 1515 3137; x_wconf 70' lang='lat' dir='ltr'><strong>promen·</strong></span> 
     </span>
     <span class='ocr_line' id='line_1_26' title="bbox 208 3157 1516 3245; baseline -0.004 -18"><span class='ocrx_word' id='word_1_230' title='bbox 208 3179 254 3237; x_wconf 82' lang='lat' dir='ltr'><strong>re,</strong></span> <span class='ocrx_word' id='word_1_231' title='bbox 270 3181 329 3226; x_wconf 83' lang='lat' dir='ltr'><strong>nec</strong></span> <span class='ocrx_word' id='word_1_232' title='bbox 342 3161 488 3226; x_wconf 77' lang='lat' dir='ltr'><strong>audeone</strong></span> <span class='ocrx_word' id='word_1_233' title='bbox 502 3179 585 3245; x_wconf 73' lang='lat' dir='ltr'><strong>quior</strong></span> <span class='ocrx_word' id='word_1_234' title='bbox 597 3179 638 3222; x_wconf 72' lang='lat' dir='ltr'><strong>ec</strong></span> <span class='ocrx_word' id='word_1_235' title='bbox 651 3157 803 3240; x_wconf 76' lang='lat' dir='ltr'><strong>ingenim</strong></span> <span class='ocrx_word' id='word_1_236' title='bbox 817 3157 995 3222; x_wconf 79' lang='lat' dir='ltr'><strong>concubino</strong></span> <span class='ocrx_word' id='word_1_237' title='bbox 1008 3157 1113 3224; x_wconf 83' lang='lat' dir='ltr'><strong>diluto</strong></span> <span class='ocrx_word' id='word_1_238' title='bbox 1123 3166 1201 3242; x_wconf 73' lang='lat' dir='ltr'><strong>poet</strong></span> <span class='ocrx_word' id='word_1_239' title='bbox 1214 3157 1299 3222; x_wconf 74' lang='lat' dir='ltr'><strong>tam</strong></span> <span class='ocrx_word' id='word_1_240' title='bbox 1323 3157 1431 3242; x_wconf 80' lang='lat' dir='ltr'><strong>legem</strong></span> <span class='ocrx_word' id='word_1_241' title='bbox 1444 3177 1516 3222; x_wconf 69' lang='lat' dir='ltr'><strong>me</strong></span> 
     </span>
     <span class='ocr_line' id='line_1_27' title="bbox 209 3263 1517 3350; baseline -0.006 -14"><span class='ocrx_word' id='word_1_242' title='bbox 209 3269 364 3336; x_wconf 70' lang='lat' dir='ltr'><strong>numento</strong></span> <span class='ocrx_word' id='word_1_243' title='bbox 378 3270 473 3334; x_wconf 80' lang='lat' dir='ltr'><strong>nacci</strong></span> <span class='ocrx_word' id='word_1_244' title='bbox 486 3267 657 3345; x_wconf 76' lang='lat' dir='ltr'><strong>coluerint,</strong></span> <span class='ocrx_word' id='word_1_245' title='bbox 682 3265 826 3350; x_wconf 74' lang='lat' dir='ltr'><strong>utjrori,</strong></span> <span class='ocrx_word' id='word_1_246' title='bbox 851 3285 891 3332; x_wconf 82' lang='lat' dir='ltr'><strong>cc</strong></span> <span class='ocrx_word' id='word_1_247' title='bbox 911 3265 1058 3348; x_wconf 80' lang='lat' dir='ltr'><strong>legitimi</strong></span> <span class='ocrx_word' id='word_1_248' title='bbox 1076 3273 1193 3350; x_wconf 79' lang='lat' dir='ltr'><strong>posteo</strong></span> <span class='ocrx_word' id='word_1_249' title='bbox 1207 3263 1394 3343; x_wconf 64' lang='lat' dir='ltr'><strong>videm,</strong></span> <span class='ocrx_word' id='word_1_250' title='bbox 1417 3281 1517 3346; x_wconf 81' lang='lat' dir='ltr'><strong>mag·</strong></span> 
     </span>
     <span class='ocr_line' id='line_1_28' title="bbox 208 3361 1561 3462; baseline -0.006 -20"><span class='ocrx_word' id='word_1_251' title='bbox 208 3397 329 3461; x_wconf 76' lang='lat' dir='ltr'><strong>mopere</strong></span> <span class='ocrx_word' id='word_1_252' title='bbox 350 3370 530 3462; x_wconf 76' lang='lat' dir='ltr'><strong>poetrrlcr&#39;c.</strong></span> <span class='ocrx_word' id='word_1_253' title='bbox 573 3371 676 3444; x_wconf 77' lang='lat' dir='ltr'><strong>Quod</strong></span> <span class='ocrx_word' id='word_1_254' title='bbox 690 3373 718 3435; x_wconf 88' lang='lat' dir='ltr'><strong>sl</strong></span> <span class='ocrx_word' id='word_1_255' title='bbox 731 3371 926 3438; x_wconf 73' lang='lat' dir='ltr'><strong>Anastasius</strong></span> <span class='ocrx_word' id='word_1_256' title='bbox 941 3373 1117 3455; x_wconf 85' lang='lat' dir='ltr'><strong>Imperetur</strong></span> <span class='ocrx_word' id='word_1_257' title='bbox 1131 3361 1247 3438; x_wconf 83' lang='lat' dir='ltr'><strong>iterum</strong></span> <span class='ocrx_word' id='word_1_258' title='bbox 1272 3369 1455 3454; x_wconf 77' lang='lat' dir='ltr'><strong>quidquem</strong></span> <span class='ocrx_word' id='word_1_259' title='bbox 1468 3389 1515 3434; x_wconf 80' lang='lat' dir='ltr'><strong>re</strong></span> <span class='ocrx_word' id='word_1_260' title='bbox 1560 3393 1561 3402; x_wconf 53' lang='lat'>¹</span> 
     </span>
     <span class='ocr_line' id='line_1_29' title="bbox 208 3479 1561 3561; baseline -0.003 -14"><span class='ocrx_word' id='word_1_261' title='bbox 208 3481 405 3548; x_wconf 85' lang='lat' dir='ltr'><strong>mittendum</strong></span> <span class='ocrx_word' id='word_1_262' title='bbox 430 3481 557 3546; x_wconf 85' lang='lat' dir='ltr'><strong>censuit</strong></span> <span class='ocrx_word' id='word_1_263' title='bbox 570 3498 658 3546; x_wconf 85' lang='lat' dir='ltr'><strong>anno</strong></span> <span class='ocrx_word' id='word_1_264' title='bbox 682 3479 754 3544; x_wconf 79' lang='lat'><strong>508.</strong></span> <span class='ocrx_word' id='word_1_265' title='bbox 779 3481 812 3544; x_wconf 90' lang='lat' dir='ltr'><strong>in</strong></span> <span class='ocrx_word' id='word_1_266' title='bbox 829 3479 1076 3558; x_wconf 69' lang='lat' dir='ltr'><strong>innodent.</strong></span> <span class='ocrx_word' id='word_1_267' title='bbox 1102 3481 1158 3561; x_wconf 84' lang='lat' dir='ltr'><strong>tit,</strong></span> <span class='ocrx_word' id='word_1_268' title='bbox 1174 3480 1285 3546; x_wconf 82' lang='lat' dir='ltr'><strong>stetim</strong></span> <span class='ocrx_word' id='word_1_269' title='bbox 1310 3489 1420 3546; x_wconf 82' lang='lat' dir='ltr'><strong>tamen</strong></span> <span class='ocrx_word' id='word_1_270' title='bbox 1441 3498 1516 3544; x_wconf 81' lang='lat' dir='ltr'><strong>euc-</strong></span> <span class='ocrx_word' id='word_1_271' title='bbox 1560 3483 1561 3486; x_wconf 76' lang='grc'>’</span> 
     </span>
     <span class='ocr_line' id='line_1_30' title="bbox 210 3585 1516 3671; baseline -0.008 -13"><span class='ocrx_word' id='word_1_272' title='bbox 210 3611 319 3658; x_wconf 83' lang='lat' dir='ltr'><strong>ceeeor</strong></span> <span class='ocrx_word' id='word_1_273' title='bbox 332 3591 483 3656; x_wconf 86' lang='lat' dir='ltr'><strong>Juetinue</strong></span> <span class='ocrx_word' id='word_1_274' title='bbox 497 3607 585 3654; x_wconf 89' lang='lat' dir='ltr'><strong>anno</strong></span> <span class='ocrx_word' id='word_1_275' title='bbox 598 3590 669 3654; x_wconf 78' lang='lat'><strong>519.</strong></span> <span class='ocrx_word' id='word_1_276' title='bbox 695 3589 729 3654; x_wconf 89' lang='lat' dir='ltr'><strong>iu</strong></span> <span class='ocrx_word' id='word_1_277' title='bbox 745 3589 766 3653; x_wconf 91' lang='lat' dir='ltr'><strong>l.</strong></span> <span class='ocrx_word' id='word_1_278' title='bbox 781 3589 811 3652; x_wconf 77' lang='lat' dir='ltr'><strong>b.</strong></span> <span class='ocrx_word' id='word_1_279' title='bbox 826 3588 898 3654; x_wconf 85' lang='lat' dir='ltr'><strong>cod.</strong></span> <span class='ocrx_word' id='word_1_280' title='bbox 912 3587 983 3654; x_wconf 86' lang='lat' dir='ltr'><strong>eod.</strong></span> <span class='ocrx_word' id='word_1_281' title='bbox 998 3588 1148 3668; x_wconf 83' lang='lat' dir='ltr'><strong>decrevit,</strong></span> <span class='ocrx_word' id='word_1_282' title='bbox 1175 3587 1280 3671; x_wconf 76' lang='lat' dir='ltr'><strong>legem</strong></span> <span class='ocrx_word' id='word_1_283' title='bbox 1294 3585 1469 3652; x_wconf 65' lang='lat' dir='ltr'><strong>roseum</strong></span> <span class='ocrx_word' id='word_1_284' title='bbox 1481 3588 1516 3648; x_wconf 90' lang='lat' dir='ltr'><strong>in</strong></span> 
     </span>
     <span class='ocr_line' id='line_1_31' title="bbox 212 3693 1515 3784; baseline -0.012 -14"><span class='ocrx_word' id='word_1_285' title='bbox 212 3705 254 3770; x_wconf 88' lang='lat' dir='ltr'><strong>iis</strong></span> <span class='ocrx_word' id='word_1_286' title='bbox 268 3713 395 3768; x_wconf 83' lang='lat' dir='ltr'><strong>tautum</strong></span> <span class='ocrx_word' id='word_1_287' title='bbox 410 3699 519 3766; x_wconf 84' lang='lat' dir='ltr'><strong>valere</strong></span> <span class='ocrx_word' id='word_1_288' title='bbox 532 3701 672 3782; x_wconf 83' lang='lat' dir='ltr'><strong>casibus,</strong></span> <span class='ocrx_word' id='word_1_289' title='bbox 686 3700 744 3784; x_wconf 86' lang='lat' dir='ltr'><strong>qui</strong></span> <span class='ocrx_word' id='word_1_290' title='bbox 758 3717 797 3764; x_wconf 87' lang='lat' dir='ltr'><strong>en</strong></span> <span class='ocrx_word' id='word_1_291' title='bbox 811 3717 915 3782; x_wconf 87' lang='lat' dir='ltr'><strong>neque</strong></span> <span class='ocrx_word' id='word_1_292' title='bbox 930 3707 1114 3778; x_wconf 82' lang='lat' dir='ltr'><strong>evenerant,</strong></span> <span class='ocrx_word' id='word_1_293' title='bbox 1137 3697 1201 3762; x_wconf 85' lang='lat' dir='ltr'><strong>bac</strong></span> <span class='ocrx_word' id='word_1_294' title='bbox 1215 3693 1342 3780; x_wconf 81' lang='lat' dir='ltr'><strong>adjecta</strong></span> <span class='ocrx_word' id='word_1_295' title='bbox 1355 3693 1515 3762; x_wconf 81' lang='lat' dir='ltr'><strong>cantione:</strong></span> 
     </span>
     <span class='ocr_line' id='line_1_32' title="bbox 213 3804 1560 3903; baseline -0.008 -24"><span class='ocrx_word' id='word_1_296' title='bbox 213 3813 255 3880; x_wconf 84' lang='lat' dir='ltr'><strong>In</strong></span> <span class='ocrx_word' id='word_1_297' title='bbox 266 3821 437 3900; x_wconf 80' lang='lat' dir='ltr'><strong>porterum</strong></span> <span class='ocrx_word' id='word_1_298' title='bbox 459 3812 658 3878; x_wconf 71' lang='lat' dir='ltr'><strong>veternioni</strong></span> <span class='ocrx_word' id='word_1_299' title='bbox 679 3829 799 3903; x_wconf 73' lang='lat' dir='ltr'><strong>omnes,</strong></span> <span class='ocrx_word' id='word_1_300' title='bbox 829 3809 994 3894; x_wconf 79' lang='lat' dir='ltr'><strong>legitimis</strong></span> <span class='ocrx_word' id='word_1_301' title='bbox 1014 3807 1242 3872; x_wconf 81' lang='lat' dir='ltr'><strong>ntotrimoniie</strong></span> <span class='ocrx_word' id='word_1_302' title='bbox 1264 3807 1457 3891; x_wconf 67' lang='lat' dir='ltr'><strong>tegetum</strong></span> <span class='ocrx_word' id='word_1_303' title='bbox 1470 3804 1515 3869; x_wconf 78' lang='lat' dir='ltr'><strong>si</strong></span> <span class='ocrx_word' id='word_1_304' title='bbox 1559 3833 1560 3844; x_wconf 21' lang='grc' dir='ltr'><strong>κ</strong></span> 
     </span>
     <span class='ocr_line' id='line_1_33' title="bbox 211 3912 1516 4008; baseline -0.008 -21"><span class='ocrx_word' id='word_1_305' title='bbox 211 3923 246 3987; x_wconf 77' lang='lat' dir='ltr'><strong>ln·</strong></span> <span class='ocrx_word' id='word_1_306' title='bbox 256 3921 487 4008; x_wconf 80' lang='lat' dir='ltr'><strong>posteritatem</strong></span> <span class='ocrx_word' id='word_1_307' title='bbox 500 3917 732 4006; x_wconf 79' lang='lat' dir='ltr'><strong>qrmerendum,</strong></span> <span class='ocrx_word' id='word_1_308' title='bbox 748 3917 829 3982; x_wconf 77' lang='lat' dir='ltr'><strong>ocri</strong></span> <span class='ocrx_word' id='word_1_309' title='bbox 839 3915 1016 4002; x_wconf 59' lang='lat' dir='ltr'><strong>prodictu</strong></span> <span class='ocrx_word' id='word_1_310' title='bbox 1025 3913 1214 3980; x_wconf 72' lang='lat' dir='ltr'><strong>mentientia</strong></span> <span class='ocrx_word' id='word_1_311' title='bbox 1228 3913 1396 3999; x_wconf 85' lang='lat' dir='ltr'><strong>(nimirum</strong></span> <span class='ocrx_word' id='word_1_312' title='bbox 1409 3912 1516 3976; x_wconf 74' lang='lat' dir='ltr'><strong>noes</strong></span> 
     </span>
     <span class='ocr_line' id='line_1_34' title="bbox 212 4021 1518 4120; baseline -0.011 -19"><span class='ocrx_word' id='word_1_313' title='bbox 212 4035 306 4120; x_wconf 80' lang='lat' dir='ltr'><strong>tussi)</strong></span> <span class='ocrx_word' id='word_1_314' title='bbox 320 4034 392 4100; x_wconf 84' lang='lat' dir='ltr'><strong>latu</strong></span> <span class='ocrx_word' id='word_1_315' title='bbox 404 4054 470 4098; x_wconf 82' lang='lat' dir='ltr'><strong>non</strong></span> <span class='ocrx_word' id='word_1_316' title='bbox 484 4041 576 4096; x_wconf 72' lang='lat' dir='ltr'><strong>meet.</strong></span> <span class='ocrx_word' id='word_1_317' title='bbox 622 4030 740 4094; x_wconf 85' lang='lat' dir='ltr'><strong>Verum</strong></span> <span class='ocrx_word' id='word_1_318' title='bbox 762 4027 968 4094; x_wconf 78' lang='lat' dir='ltr'><strong>lastinianus</strong></span> <span class='ocrx_word' id='word_1_319' title='bbox 992 4025 1026 4090; x_wconf 89' lang='lat' dir='ltr'><strong>in</strong></span> <span class='ocrx_word' id='word_1_320' title='bbox 1042 4025 1062 4090; x_wconf 89' lang='grc' dir='ltr'><strong>Ι.</strong></span> <span class='ocrx_word' id='word_1_321' title='bbox 1080 4026 1139 4107; x_wconf 85' lang='grc'><strong>10.,</strong></span> <span class='ocrx_word' id='word_1_322' title='bbox 1160 4035 1194 4090; x_wconf 90' lang='lat' dir='ltr'><strong>et</strong></span> <span class='ocrx_word' id='word_1_323' title='bbox 1211 4025 1260 4090; x_wconf 86' lang='lat' dir='ltr'><strong>li.</strong></span> <span class='ocrx_word' id='word_1_324' title='bbox 1280 4023 1355 4090; x_wconf 81' lang='lat' dir='ltr'><strong>ced.</strong></span> <span class='ocrx_word' id='word_1_325' title='bbox 1380 4022 1450 4088; x_wconf 77' lang='lat' dir='ltr'><strong>eod</strong></span> <span class='ocrx_word' id='word_1_326' title='bbox 1468 4021 1518 4086; x_wconf 85' lang='lat' dir='ltr'><strong>tit.</strong></span> 
     </span>
     <span class='ocr_line' id='line_1_35' title="bbox 154 4133 1559 4230; baseline -0.007 -23"><span class='ocrx_word' id='word_1_327' title='bbox 154 4213 157 4218; x_wconf 63' lang='grc'><strong>,</strong></span> <span class='ocrx_word' id='word_1_328' title='bbox 212 4141 641 4230; x_wconf 72' lang='lat' dir='ltr'><strong>perpetueeconstitutiones</strong></span> <span class='ocrx_word' id='word_1_329' title='bbox 655 4135 765 4218; x_wconf 86' lang='lat' dir='ltr'><strong>edidit,</strong></span> <span class='ocrx_word' id='word_1_330' title='bbox 791 4136 911 4220; x_wconf 87' lang='lat' dir='ltr'><strong>quibus</strong></span> <span class='ocrx_word' id='word_1_331' title='bbox 925 4134 1037 4217; x_wconf 82' lang='lat' dir='ltr'><strong>voluit,</strong></span> <span class='ocrx_word' id='word_1_332' title='bbox 1063 4135 1178 4202; x_wconf 84' lang='lat' dir='ltr'><strong>liberos</strong></span> <span class='ocrx_word' id='word_1_333' title='bbox 1193 4153 1235 4200; x_wconf 88' lang='lat' dir='ltr'><strong>ex</strong></span> <span class='ocrx_word' id='word_1_334' title='bbox 1259 4133 1449 4200; x_wconf 84' lang='lat' dir='ltr'><strong>concubinis</strong></span> <span class='ocrx_word' id='word_1_335' title='bbox 1462 4149 1518 4214; x_wconf 76' lang='lat' dir='ltr'><strong>gc·</strong></span> <span class='ocrx_word' id='word_1_336' title='bbox 1558 4173 1559 4178; x_wconf 21' lang='grc' dir='ltr'><strong>κ</strong></span> 
     </span>
     <span class='ocr_line' id='line_1_36' title="bbox 210 4237 1518 4334; baseline -0.016 -14"><span class='ocrx_word' id='word_1_337' title='bbox 210 4256 305 4334; x_wconf 85' lang='lat' dir='ltr'><strong>nitos,</strong></span> <span class='ocrx_word' id='word_1_338' title='bbox 328 4253 546 4334; x_wconf 83' lang='lat' dir='ltr'><strong>subsequente</strong></span> <span class='ocrx_word' id='word_1_339' title='bbox 558 4247 772 4327; x_wconf 84' lang='lat' dir='ltr'><strong>matrimonio,</strong></span> <span class='ocrx_word' id='word_1_340' title='bbox 799 4243 959 4330; x_wconf 83' lang='lat' dir='ltr'><strong>legitimos</strong></span> <span class='ocrx_word' id='word_1_341' title='bbox 973 4241 1248 4328; x_wconf 80' lang='lat' dir='ltr'><strong>quandocumque</strong></span> <span class='ocrx_word' id='word_1_342' title='bbox 1261 4237 1339 4321; x_wconf 86' lang='lat' dir='ltr'><strong>lieri,</strong></span> <span class='ocrx_word' id='word_1_343' title='bbox 1368 4238 1518 4304; x_wconf 84' lang='lat' dir='ltr'><strong>dnmmo-</strong></span> 
     </span>
     <span class='ocr_line' id='line_1_37' title="bbox 213 4343 1519 4436; baseline -0.009 -12"><span class='ocrx_word' id='word_1_344' title='bbox 213 4361 256 4424; x_wconf 92' lang='lat' dir='ltr'><strong>do</strong></span> <span class='ocrx_word' id='word_1_345' title='bbox 281 4372 390 4426; x_wconf 87' lang='lat' dir='ltr'><strong>temen</strong></span> <span class='ocrx_word' id='word_1_346' title='bbox 413 4353 615 4422; x_wconf 81' lang='lat' dir='ltr'><strong>concubinae</strong></span> <span class='ocrx_word' id='word_1_347' title='bbox 637 4355 755 4420; x_wconf 86' lang='lat' dir='ltr'><strong>liberee</strong></span> <span class='ocrx_word' id='word_1_348' title='bbox 780 4365 897 4436; x_wconf 74' lang='lat' dir='ltr'><strong>ostent,</strong></span> <span class='ocrx_word' id='word_1_349' title='bbox 923 4363 1022 4436; x_wconf 83' lang='lat' dir='ltr'><strong>etque</strong></span> <span class='ocrx_word' id='word_1_350' title='bbox 1046 4369 1113 4433; x_wconf 82' lang='lat' dir='ltr'><strong>ese,</strong></span> <span class='ocrx_word' id='word_1_351' title='bbox 1132 4343 1330 4435; x_wconf 76' lang='lat' dir='ltr'><strong>quibuscum</strong></span> <span class='ocrx_word' id='word_1_352' title='bbox 1353 4347 1519 4416; x_wconf 82' lang='lat' dir='ltr'><strong>matrimo-</strong></span> 
     </span>
     <span class='ocr_line' id='line_1_38' title="bbox 215 4461 1558 4556; baseline -0.014 -12"><span class='ocrx_word' id='word_1_353' title='bbox 215 4475 308 4544; x_wconf 84' lang='lat' dir='ltr'><strong>nium</strong></span> <span class='ocrx_word' id='word_1_354' title='bbox 322 4491 388 4540; x_wconf 88' lang='lat' dir='ltr'><strong>non</strong></span> <span class='ocrx_word' id='word_1_355' title='bbox 414 4479 499 4538; x_wconf 86' lang='lat' dir='ltr'><strong>esset</strong></span> <span class='ocrx_word' id='word_1_356' title='bbox 513 4468 640 4556; x_wconf 76' lang='lat' dir='ltr'><strong>legibue</strong></span> <span class='ocrx_word' id='word_1_357' title='bbox 664 4468 880 4537; x_wconf 81' lang='lat' dir='ltr'><strong>interdictum:</strong></span> <span class='ocrx_word' id='word_1_358' title='bbox 905 4467 1006 4534; x_wconf 86' lang='lat' dir='ltr'><strong>immo</strong></span> <span class='ocrx_word' id='word_1_359' title='bbox 1019 4475 1052 4532; x_wconf 88' lang='lat' dir='ltr'><strong>et</strong></span> <span class='ocrx_word' id='word_1_360' title='bbox 1075 4463 1180 4550; x_wconf 75' lang='lat' dir='ltr'><strong>gretie</strong></span> <span class='ocrx_word' id='word_1_361' title='bbox 1204 4461 1520 4532; x_wconf 72' lang='lat' dir='ltr'><strong>liberorumvetemc</strong></span> <span class='ocrx_word' id='word_1_362' title='bbox 1557 4531 1558 4552; x_wconf 16' lang='grc' dir='ltr'>ἢ</span> 
     </span>
    </p>
   </div>
   <div class='ocr_carea' id='block_1_7' title="bbox 0 0 1593 4980">
    <p class='ocr_par' dir='ltr' id='par_1_8' title="bbox 0 0 1593 4980">
     <span class='ocr_line' id='line_1_39' title="bbox 0 0 1593 4980; baseline 0 0"><span class='ocrx_word' id='word_1_363' title='bbox 0 0 1593 4980; x_wconf 95' lang='lat' dir='ltr'><strong> </strong></span> 
     </span>
    </p>
   </div>
  </div>
 </body>
</html>
