3146 4980
211 379 277 448 stt·
493 383 496 388 ’
563 401 807 450 ursaceus-nro
828 381 1207 464 suessanorum..

209 523 490 590 constitutionibus
504 525 637 610 ctrrriugiv
657 525 691 590 in
706 523 836 590 saeculo
852 525 1029 590 rennuenti
1042 544 1237 602 eoncessum
1251 524 1378 592 ridetur
1396 543 1497 593 secun
1562 489 1563 582 i

208 637 267 704 dos
282 636 414 720 nuptias
438 636 635 716 contrahere
662 633 780 699 etenim
803 635 1046 702 constitutiones
1071 636 1181 717 illast
1203 635 1335 700 Sanctis
1361 636 1496 701 Patribus

205 759 375 825 nunquam
392 744 525 826 probari,
540 755 598 808 aut
612 744 709 825 recipi
724 754 905 825 potnerunt,
920 744 1014 825 qnasi
1030 743 1140 811 divino
1150 745 1213 828 juri
1230 746 1415 824 contrariae,
1429 764 1494 826 que

206 850 419 916 madmodum
436 851 642 917 ratiocinatur
668 851 841 932 Gregorius
867 852 1008 934 Magnus
1022 853 1143 928 innan.
1162 854 1221 931 lu,
1242 853 1496 918 statement.
1562 861 1563 880 ¹

206 971 331 1044 quaest.
347 961 387 1041 2,
403 979 603 1042 quamquam
621 960 654 1022 in
667 979 707 1020 oo
725 959 872 1025 ridentur
885 961 1095 1026 excusandus
1109 962 1325 1044 lastinianus,
1343 961 1429 1046 quod
1442 981 1497 1026 cre·
1562 981 1563 1060 ,

205 1067 304 1147 deret,
317 1069 351 1130 in
364 1067 467 1130 'divini
479 1069 561 1149 juris
575 1067 832 1150 interpretatione
848 1067 954 1132 locum
970 1089 1041 1132 esse
1054 1089 1145 1152 posse
1160 1070 1296 1150 fictioni,
1307 1071 1400 1136 sicuti
1417 1071 1497 1137 locus

205 1173 382 1255 aliquando
406 1171 511 1236 iactus
534 1183 585 1236 est
610 1175 643 1236 in
670 1175 929 1257 interpretatione
949 1179 1031 1261 juris
1057 1161 1203 1245 heutoni.
1244 1179 1415 1262 Siquidem
1431 1198 1496 1242 eum
1562 1165 1563 1200 ³

208 1279 340 1362 vulgare
355 1293 439 1344 esset
453 1279 618 1364 adagium,
645 1286 820 1348 monachos
836 1303 892 1367 pro
906 1286 1046 1354 mortuis
1056 1287 1177 1366 haberi,
1195 1289 1323 1370 putarit
1333 1289 1398 1369 nte,
1413 1289 1496 1354 mari·

206 1396 238 1448 to
255 1385 487 1452 Merrasten'um
512 1389 721 1472 ingrediente,
746 1392 972 1456 eodemmodo
997 1395 1129 1459 dissolri
1146 1397 1345 1480 conjuginm,
1371 1399 1496 1462 acsieo

205 1506 331 1564 mortuo
346 1497 581 1578 dissolveretur,
609 1502 653 1564 uti
669 1502 934 1576 errlaudotruum
948 1504 1230 1568 constitutiourun.
1242 1507 1347 1578 verbis
1366 1507 1498 1592 adparet.
1562 1555 1563 1602 ,

206 1610 312 1689 Atque
327 1627 366 1670 ea
382 1603 468 1671 fictio
494 1627 532 1670 eo
545 1607 674 1673 facilius
689 1611 731 1672 ab
755 1611 949 1692 Imperatore
974 1609 1203 1695 luitadmissa,
1228 1632 1293 1694 quo
1308 1612 1497 1694 frequentius

204 1733 249 1780 ex
265 1716 337 1780 aliis
351 1717 459 1780 carreis
484 1716 622 1780 divortia
636 1719 811 1802 conjugum
838 1732 906 1782 tum
921 1721 1186 1804 permittebantur
1208 1742 1250 1784 ex
1261 1723 1342 1806 Juris
1367 1720 1498 1786 Romani
1562 1765 1563 1802 i

205 1825 385 1910 disciplina.
430 1825 530 1888 Aliud
545 1845 622 1890 saue
639 1826 791 1914 traditum
807 1840 863 1908 est,
879 1829 1005 1910 quoties
1020 1839 1135 1910 agatur
1157 1827 1198 1892 de
1212 1827 1416 1894 matrimonio
1430 1827 1497 1908 legi·

207 1921 440 2018 timo'qnidem,
456 1951 488 2000 et
503 1948 578 2016 roto,
592 1935 740 2002 nondum
757 1947 867 2002 tamen
881 1947 1115 2019 cousummut03
1141 1937 1204 2000 hoc
1218 1938 1501 2022 enimcoujuginur
1562 1935 1563 1956 ¹

205 2043 337 2106 omnino
352 2043 486 2106 dissolvi
511 2045 608 2106 ctiam
623 2028 731 2126 quoad
748 2047 917 2126 uinculum
940 2045 1069 2130 placuit,
1084 2046 1123 2110 si
1138 2045 1289 2123 alteruter
1309 2066 1351 2110 ex
1365 2045 1495 2130 conjugi·

205 2123 266 2214 dus
282 2150 494 2214 monasticam
512 2151 612 2214 ritant
635 2151 832 2232 profitentur,
845 2167 875 2214 et
891 2154 987 2216 licere
999 2153 1128 2236 contingi
1152 2152 1267 2227 relicto
1277 2152 1361 2233 alias
1376 2152 1497 2236 nuptias

205 2258 374 2339 celebrere,
401 2279 472 2343 cap.
487 2260 525 2340 2,
542 2273 573 2322 et
588 2262 616 2323 7.
643 2260 683 2323 de
699 2281 841 2324 convers.
868 2264 1039 2345 conjugat,
1065 2263 1151 2348 quun
1165 2261 1292 2330 traditio
1317 2261 1501 2340 confirmata
1562 2253 1563 2340 l

205 2369 267 2436 init
281 2370 522 2434 in'Trldentiuo
549 2369 694 2434 Concilio
707 2389 785 2434 soso.
799 2371 852 2439 at.
877 2371 919 2437 dc
929 2373 1075 2444 Sacram
1099 2371 1242 2439 matrim.
1253 2389 1326 2450 can.
1353 2371 1381 2436 fi.
1396 2370 1449 2434 ibi:
1462 2368 1500 2432 nt

206 2490 283 2578 quis
298 2489 433 2571 dicerit,
446 2489 698 2559 matrimonium
713 2497 827 2564 rotam
841 2509 907 2554 uon
918 2495 1183 2560 rememoratum
1193 2507 1257 2570 por
1270 2487 1445 2560 solemnem
1456 2502 1502 2548 ro-

209 2607 348 2690 ligionis
359 2605 598 2690 professionem
612 2604 752 2668 ulterius
766 2603 947 2686 eorrjrrgum
960 2621 1026 2664 nort
1040 2600 1165 2689 dirimi,
1181 2599 1427 2672 onollremasr't.

249 2715 430 2778 Plurimum
454 2713 585 2777 interest
610 2713 695 2776 banc
721 2710 893 2774 Ecclesiae
912 2708 1312 2780 definitionem-aeorum
1333 2705 1504 2789 explicaret

206 2826 282 2892 nori
298 2827 394 2904 onim,
410 2843 509 2907 quam
525 2825 660 2888 obscura
675 2825 748 2901 sint,
760 2877 761 2882 ,
774 2833 806 2888 ot
822 2831 1034 2903 peruruupta,
1059 2827 1180 2902 quaes
1198 2820 1315 2888 nestris
1329 2815 1504 2906 immprobi-

207 2933 267 2996 bus
283 2933 314 2996 in
331 2931 393 2996 hnc
419 2951 453 2994 re
467 2929 884 3013 proferuntnrarguruerna.
925 2929 1097 3010 Siqrridsm
1113 2927 1374 3010 vulgo-traditur
1396 2933 1503 2994 anon·
1562 2911 1563 2986 l

141 3074 145 3082 ·
208 3041 316 3121 nulirs,
333 3043 441 3122 magis
464 3039 596 3104 finnom
622 3057 692 3104 esse
717 3041 904 3122 conjuginm
928 3047 1207 3114 corrsnmmrtum,
1227 3051 1331 3116 quam
1348 3034 1503 3096 sitratum

209 3166 345 3233 tautum,
373 3153 465 3235 quusi
482 3161 593 3216 secuta
609 3151 785 3222 traditione,
803 3151 969 3214 utentibus
980 3145 1389 3228 similitudineemptlonis
1400 3140 1506 3206 rendi-

212 3261 306 3324 tienis
322 3257 492 3322 traditione
506 3257 661 3338 firnralae,
677 3277 761 3338 qnae
777 3257 941 3326 difficilius
958 3254 1158 3332 rescinditur,
1172 3271 1276 3334 quem
1287 3247 1506 3336 ¹erationondi-

211 3371 256 3442 tio
270 3368 358 3432 rutdo
382 3367 541 3430 celebrata
556 3383 726 3431 consensu.
770 3366 987 3430 intereavero
1005 3382 1086 3426 etum
1100 3361 1244 3427 sortiunt
1267 3357 1366 3422 facile
1388 3357 1506 3422 densos

212 3471 285 3566 irari
301 3499 403 3564 posse,
419 3479 603 3544 firmitatem
627 3477 747 3540 vinculi
764 3476 943 3560 oertjugelis
958 3476 1028 3538 oriri
1053 3472 1313 3555 potissimumue!
1329 3477 1508 3534 contractus

212 3591 432 3670 celebratione,
458 3589 492 3653 io
508 3605 574 3670 qua
589 3589 835 3654 Sucrurnorrtum
851 3584 1020 3667 perficitor,
1047 3595 1078 3647 et
1093 3583 1385 3665 rrrysterinmtnest
1396 3576 1507 3642 indivi-

213 3703 300 3768 duae
312 3699 548 3784 conjunctionis
561 3697 690 3773 Christi,
714 3707 744 3757 et
761 3694 934 3773 Ecclesiae,
961 3694 1070 3773 rerba,
1085 3703 1121 3756 ut
1138 3709 1248 3754 rorum
1266 3689 1375 3770 fatear,
1398 3703 1507 3767 conge·
1562 3677 1563 3702 ¹

214 3823 288 3876 runt
305 3812 417 3888 corbis,
446 3825 632 3891 germanam
651 3805 817 3870 Ecclesiae
843 3803 1036 3866 sententiaro
1062 3803 1120 3864 rix
1134 3801 1307 3880 attingant,
1331 3793 1508 3881 praesertim
1562 3861 1563 3874 ,

216 3923 247 3986 iu
263 3931 437 4000 conspectu
453 3917 585 4000 capituli
596 3917 630 3977 ὅ.
648 3914 694 3976 tle
708 3931 827 3996 sponsa
841 3912 989 3990 duorum,
1012 3929 1078 3992 quo
1091 3907 1257 3991 uprobnta
1271 3905 1333 3974 fur
1347 3911 1509 3968 cottonelu·
1562 3903 1563 3908 ’

217 4031 259 4094 tio
275 4028 519 4104 Mutinensium,
546 4025 602 4106 qui
626 4023 791 4106 putabunt,
814 4022 1302 4104 corrjugiumeonsummatnm,
1329 4015 1383 4080 ubi
1408 4027 1510 4092 corpo·

218 4159 289 4204 rum
306 4137 433 4200 traditio
447 4134 532 4198 saura
548 4133 720 4209 dieelutur,
736 4129 885 4214 praeduri
901 4127 993 4191 alteri
1006 4125 1156 4209 conjugio
1170 4121 1374 4206 praecedenti
1390 4127 1511 4186 tontum

219 4251 298 4328 rato}
323 4245 415 4329 quusi
432 4244 501 4306 sine
525 4257 692 4322 corporum
707 4239 880 4302 traditione
900 4237 1090 4320 conjugium
1113 4245 1198 4300 esset
1224 4231 1394 4310 infirmius,
1417 4225 1513 4290 allato

221 4361 318 4420 etium
335 4361 508 4419 memorato
533 4349 703 4432 emptionis
728 4347 924 4411 venditionis
937 4342 1095 4426 exemplo.
1134 4339 1213 4404 ¹Nou
1222 4331 1515 4404 terremtatem,

223 4469 278 4552 qni
305 4467 457 4551 mysteria
483 4463 645 4547 mysteriis
670 4469 902 4542 cmnpararem,
927 4469 959 4521 et
977 4457 1081 4520 sacris
1104 4451 1292 4518 enormioris
1314 4438 1516 4549 procurando
