3276 4984
198 391 243 460 lo
629 379 896 448 'nrssnsnssro
918 397 1044 444 rurus.

197 541 252 624 sjo
266 529 425 618 quosdam
442 536 534 591 eettts
549 536 664 609 suapte
678 535 795 589 natura
809 521 943 587 minime
958 531 1075 604 turpes,
1091 516 1171 584 tales
1186 535 1259 582 esse
1273 514 1415 600 coepisse
1430 523 1502 598 post

195 653 368 732 peceatum
378 637 517 722 originis,
532 633 620 718 quod
634 635 816 700 voluntates
830 652 872 696 ex
886 651 924 694 eo
946 647 1081 714 pmnem
1105 630 1140 692 in
1156 626 1282 692 mulum
1304 625 1431 692 lacflius
1446 623 1499 688 de·

198 761 389 837 torquerent,
405 767 444 812 ac
460 756 648 830 premerent;
666 742 753 806 unde
769 753 840 824 post
855 741 983 824 lapsum
999 739 1118 803 Sacrae
1132 737 1259 802 Literae
1280 737 1415 800 Genesis
1430 755 1500 820 cap.

199 865 230 929 3.
246 881 327 926 vers.
343 861 372 925 7.
389 855 528 935 tradunt,
544 855 786 936 Protoperentes
803 849 916 912 secisse
940 849 999 912 sibi
1024 847 1227 931 perizomata,
1252 845 1426 926 dequibus
1441 843 1501 905 sol·

196 972 286 1042 licite
300 987 366 1033 non
382 967 512 1030 fuerent
536 975 619 1038 ante,
627 961 764 1044 lapsum,
781 959 860 1041 quin
886 959 1116 1036 erubescerent,
1143 956 1260 1019 Gensis
1285 973 1357 1037 cap.
1371 955 1402 1017 2.
1418 971 1500 1018 vers

199 1085 256 1149 ult.
301 1082 367 1144 Cur
382 1085 447 1142 non
463 1076 549 1139 idem
564 1073 739 1137 dicendum
755 1073 796 1134 sit
809 1071 849 1133 de
865 1048 1032 1154 corpbrum
1056 1069 1257 1148 comixtione,
1273 1067 1405 1149 quaein
1422 1068 1501 1133 inte·

200 1209 258 1276 gro
271 1191 443 1254 hominum
458 1196 543 1248 statu
560 1203 640 1268 pure
656 1183 795 1259 omnino,
809 1191 840 1242 et
855 1180 924 1241 sine
934 1177 1136 1256 lebesuisset,
1154 1188 1224 1259 post
1238 1183 1367 1259 lapsum
1382 1187 1502 1254 autem,

197 1303 284 1386 quia,
298 1309 335 1364 ut
349 1297 457 1360 scribit
471 1295 504 1359 S.
521 1292 716 1374 Fulgentius
731 1291 764 1352 in
779 1289 870 1370 epist.
888 1289 915 1350 1.
932 1287 975 1350 ad
989 1285 1119 1349 Gallam
1134 1303 1203 1368 cap.
1229 1285 1258 1346 3.
1280 1285 1351 1347 sine
1366 1283 1502 1347 libidine

200 1411 239 1472 in
253 1405 381 1490 corpori
394 1403 512 1466 mortis
525 1402 627 1486 brej'us
641 1399 749 1482 proles
763 1399 915 1461 bitulona
928 1417 995 1459 non
1019 1395 1157 1474 seritur,·
1181 1412 1246 1456 nen
1260 1413 1334 1456 enm
1347 1393 1503 1476 affectunt

200 1515 358 1601 eenjngta
373 1521 473 1590 custo,
484 1510 543 1573 sed
554 1510 702 1585 tolerunt,
714 1505 862 1570 nonnihil
874 1505 983 1571 haberi
992 1505 1103 1586 coepit,
1114 1505 1146 1567 in
1156 1521 1220 1585 quo
1231 1503 1393 1585 turpitudo
1404 1521 1501 1585 quae-

198 1626 276 1689 dem
291 1615 384 1702 inest,
401 1631 474 1684 utut
487 1619 583 1682 venia
598 1616 705 1699 digne,
721 1616 818 1696 quod,
835 1615 881 1677 uti
897 1615 1098 1696 prosequitur
1119 1615 1312 1696 Fulgentius
1328 1613 1361 1676 in
1375 1633 1445 1696 cup.
1460 1612 1500 1694 4.,

198 1739 327 1798 retentu
341 1729 428 1794 litori
440 1727 522 1810 fides
536 1725 704 1790 maculant
718 1723 828 1799 diluit,
854 1741 956 1826 quum
982 1722 1144 1785 contrabit
1169 1721 1350 1804 infirmitas
1372 1725 1501 1787 curuis?

199 1836 705 1921 Idcircopostlapsamniturum,
717 1829 978 1913 quidquidsntea
988 1831 1153 1909 extitisset,
1163 1833 1386 1896 emersitnove
1399 1851 1503 1896 causa
1606 1881 1611 1892 .

198 1948 275 2012 mvi
288 1944 454 2030 praecepti,
469 1963 533 2025 quo
549 1943 646 2021 fieret,
663 1953 699 2004 ut
712 1939 825 2004 fratres
840 1947 861 2005 e
876 1959 1031 2021 sororum,
1043 1941 1178 2006 vitricia
1193 1943 1421 2026 privignorum,
1437 1945 1500 2030 pri·

199 2055 289 2139 vigni
304 2062 325 2120 e
339 2073 551 2120 novercarum
566 2052 695 2134 nuptiis,
723 2061 913 2132 caeteraque
938 2051 1124 2134 hujusmodi
1150 2055 1338 2118 arctioribus
1361 2057 1501 2122 vinculis

94 2241 97 2250 ,
194 2169 326 2251 junctae
338 2181 499 2246 personae,
515 2161 654 2224 invicem
671 2159 875 2222 abstinerent.
912 2159 1017 2222 Immo
1029 2171 1060 2222 et
1074 2179 1116 2222 ex
1130 2159 1192 2222 hoc
1207 2162 1338 2242 gravius
1353 2183 1422 2226 esse
1432 2183 1500 2227 eoe-

199 2271 246 2354 pit
260 2269 424 2352 antiquius
439 2267 519 2331 illud
534 2267 682 2330 naturale
698 2267 913 2349 interdictum,
928 2287 970 2330 ne
996 2279 1143 2350 parentes
1165 2269 1271 2332 liberis
1280 2272 1500 2354 jungerentur.

198 2381 247 2444 Re
262 2379 350 2444 enim
364 2397 440 2440 vera
453 2377 623 2460 copulatus
640 2376 728 2440 filins
743 2377 847 2454 matri,
863 2386 920 2440 aut
934 2375 1003 2440 filia
1017 2379 1106 2460 patri,
1137 2379 1169 2442 in
1195 2399 1256 2444 usu
1282 2383 1430 2465 conjugii,
1445 2403 1500 2466 pu·

199 2497 315 2566 ternae,
331 2495 536 2549 maternaeve
551 2485 673 2568 eulpae,
691 2495 763 2548 utut
778 2486 962 2549 levissimae
983 2488 1102 2550 conscii
1118 2487 1330 2574 redderentuq
1355 2493 1440 2556 uude
1455 2494 1501 2559 ta·

198 2596 295 2660 eilem
309 2595 406 2656 etiam
419 2605 582 2656 sumerent
592 2593 821 2670 occassionem,
834 2595 983 2658 eamdem
994 2595 1098 2677 ipsam
1113 2597 1164 2660 sui
1178 2597 1320 2679 ipsorum
1334 2599 1499 2680 originem,
1553 2587 1561 2602 ’

198 2707 240 2774 ad
255 2725 355 2790 quam
370 2704 464 2768 saeile
480 2704 678 2786 respicerent,
695 2702 977 2784 quemadmodum
998 2703 1216 2768 abominandi.
1259 2707 1358 2776 Quae
1380 2707 1501 2791 prolec-

198 2829 230 2882 to
245 2818 324 2879 ratio
340 2815 447 2878 locum
462 2815 580 2876 habere
596 2833 726 2896 quoque
752 2815 879 2878 videtur
894 2815 928 2876 in
952 2811 1109 2894 fratribus,
1125 2815 1158 2878 in
1174 2815 1340 2896 sororibus,
1356 2816 1389 2880 in
1405 2837 1499 2901 nepo·

196 2929 292 3006 tibus,
308 2927 342 2990 in
357 2925 488 3008 patruis,
505 2926 537 2986 in
554 2924 671 3002 emilie,
697 2923 730 2986 in
756 2925 939 3004 avunculis,
967 2925 1000 2988 in
1025 2927 1211 3002 materteris,
1236 2929 1269 2988 in
1296 2930 1448 3005 noversls,
1464 2927 1495 2990 in

197 3033 324 3109 vitricis,
343 3033 377 3094 in
392 3031 554 3113 privignis,
571 3044 603 3094 et
626 3031 723 3114 hujus
750 3033 875 3114 generis
901 3033 1168 3117 conjunctissimis
1193 3035 1342 3115 personis,
1358 3055 1442 3116 qnae
1457 3037 1499 3100 ob

196 3141 353 3220 intimam,
369 3159 454 3223 quae
468 3159 543 3203 cum
559 3151 655 3223 patre,
679 3141 730 3203 vel
757 3153 858 3204 matre
881 3143 1018 3221 interest,
1045 3141 1321 3224 necessitudinem,
1344 3147 1500 3212 exhibent

196 3252 446 3336 quedammodo,
462 3264 737 3334 praesentemque
752 3254 953 3317 constituunt
968 3265 1134 3336 paternam
1150 3255 1261 3337 ipsam,
1278 3269 1498 3323 maternamve

196 3385 375 3450 personam.
420 3365 594 3428 Formulae
624 3383 787 3428 sacrarum
812 3364 974 3428 literarum
999 3366 1031 3428 in
1057 3385 1126 3450 cap.
1153 3367 1198 3430 18.
1221 3380 1251 3430 et
1266 3369 1317 3432 20.
1362 3369 1498 3435 Levitici

196 3493 377 3559 expressae,
394 3473 426 3537 id
443 3475 555 3558 paucis
581 3453 730 3554 quidem,¹
750 3471 806 3535 sed
836 3473 1001 3555 perspicue
1025 3472 1254 3554 demonstrant,
1281 3495 1385 3557 neque
1410 3477 1496 3540 enim

195 3587 286 3650 aliter
302 3605 361 3669 ego
376 3585 553 3668 intelligere
569 3605 700 3666 possum
716 3605 791 3667 pree
807 3583 940 3647 caeteris
956 3585 1051 3648 verba
1067 3585 1132 3651 illa:
1163 3587 1424 3672 turpitudinem
1434 3611 1495 3676 pu·

195 3697 260 3760 tris
273 3697 354 3774 suis,
370 3705 400 3758 et
415 3695 659 3779 turpitudinem
674 3693 796 3756 matris
810 3701 888 3756 tuoe
902 3715 967 3758 reon
987 3695 1213 3779 discooperies:
1228 3707 1335 3761 mater
1360 3708 1420 3762 tua
1434 3709 1495 3763 est:

194 3825 261 3870 non
275 3805 436 3870 revelabis
451 3805 694 3888 turpitudinem
710 3803 789 3886 ejus.
842 3801 1101 3886 Turpitudinem
1115 3806 1231 3868 uteris
1239 3807 1351 3888 patris
1366 3805 1416 3868 tui
1430 3827 1496 3871 non

194 3917 422 4002 discooperies:
436 3917 571 4000 turpido
587 3917 674 3979 enim
686 3915 800 4000 putris
822 3916 873 3978 tui
899 3923 954 3978 est.
1006 3915 1266 3999 limpitudinem
1279 3918 1401 3980 sororis
1417 3926 1495 3982 tuae

194 4051 236 4094 ee
248 4037 354 4114 petre,
370 4029 439 4091 sive
454 4051 493 4092 ee
509 4036 622 4104 matre,
654 4047 737 4111 qreue
759 4025 856 4104 domi,
874 4027 1021 4110 velseris
1043 4031 1162 4110 genitu
1176 4037 1232 4106 est,
1248 4049 1313 4090 reon
1326 4031 1493 4110 revelabis,

201 4137 464 4223 Turpitudinem
466 4135 563 4218 filiae
568 4133 639 4218 filii
654 4137 713 4212 tui,
729 4137 780 4199 vel
793 4137 904 4220 neptis
926 4135 1050 4218 eufilio
1073 4157 1137 4198 riou
1151 4135 1316 4213 revelabis,
1333 4139 1412 4221 quia
1426 4146 1494 4199 tur-

189 4249 273 4331 pido
290 4255 350 4310 tun
365 4255 414 4308 est
430 4246 489 4328 ebo.
533 4243 671 4312 Quoties
687 4244 728 4306 ed
745 4243 830 4306 hanc
842 4243 994 4307 trutinam
1013 4247 1060 4306 res
1074 4245 1233 4324 exigatur,
1249 4241 1342 4307 facile
1363 4245 1492 4308 correlu·

193 4352 227 4414 di
243 4362 357 4434 posset,
373 4352 504 4434 nuptias
520 4353 704 4433 praesertim
720 4351 802 4414 inter
816 4349 927 4414 fratres
942 4369 981 4413 ac
996 4369 1117 4414 sorores
1139 4351 1327 4432 primigenio
1349 4353 1419 4436 jure
1435 4371 1491 4413 ne·

192 4475 284 4530 turne
299 4471 420 4528 attento
434 4481 500 4526 non
515 4462 615 4526 luisse
631 4461 826 4544 interdictas,
842 4463 941 4525 immo
966 4473 998 4526 et
1023 4461 1084 4526 sub
1110 4461 1237 4528 initium
1253 4463 1365 4532 saltem
1383 4483 1491 4536 prone-
