3276 4984
146 386 194 432 DE
210 385 418 432 contuenda.
435 383 591 444 NATURA,
609 383 822 443 ntsnrtra'rn,
839 383 886 428 tm·
902 379 1138 429 QUAMTATIB·
1154 373 1361 422 URIVERSIS·
1424 352 1451 417 9

142 513 280 595 possint
294 513 442 590 asistere,
468 511 526 576 ati
539 517 570 574 ct
584 529 669 574 uoor
682 509 801 572 mariti
815 527 971 572 munna
982 525 1047 592 pro
1066 505 1142 588 ipso
1154 502 1258 566 morit
1271 499 1452 582 bocfocerc

143 620 260 685 debore
274 622 436 699 videatur,
451 621 537 685 siaiu
552 619 744 684 Aritiocln‘oe
759 619 897 702 suctum
911 637 981 682 esse
991 614 1184 700 perhibetur
1198 620 1273 676 unta
1289 611 1452 694 quiuqua-

142 728 367 812 gintaserme
382 749 486 792 annos
504 728 693 794 Constantii
707 727 915 811 temporibus.
959 725 1030 788 Hoc
1045 723 1078 786 in
1095 722 1163 784 loco
1179 721 1308 800 subjicit
1321 718 1451 800 Angus-

145 833 236 896 tinus
250 833 452 898 historiolam
476 836 647 920 cujusdam
662 835 772 898 uxoris
787 834 901 898 marito
926 834 1144 896 consentiente
1160 830 1301 894 incertis
1317 829 1451 912 adjunc-

146 939 186 1002 tis
210 949 381 1004 straneum
405 960 528 1024 passae,
552 953 624 1026 post
638 963 739 1026 quam
763 943 807 1006 ita
823 941 997 1008 concludit:
1020 941 1116 1006 Nihil
1140 943 1216 1006 binc
1238 943 1276 1003 in
1300 943 1453 1026 aliquam

142 1059 281 1134 partem
295 1051 442 1134 disputo:
467 1051 563 1116 liceat
577 1053 692 1137 cuique
706 1053 891 1130 aestimare,
918 1051 1004 1136 quod
1017 1051 1109 1129 velim
1131 1071 1196 1113 uon
1211 1050 1299 1112 euim
1313 1047 1353 1111 dc
1367 1047 1453 1111 dioi-¹

146 1161 201 1224 nis
217 1161 474 1225 auctoritatibus
488 1162 684 1246 deprompta
697 1161 839 1226 historia
853 1169 916 1240 cst,·
934 1161 992 1224 sed
1007 1167 1118 1222 tomen
1131 1164 1269 1220 narrato
1274 1157 1371 1238 sacto
1385 1173 1452 1218 nort

146 1273 198 1336 itu
211 1273 273 1336 boc
287 1274 418 1358 respuit
430 1295 548 1340 scissim
561 1275 738 1349 humanus,
760 1273 847 1358 qarod
860 1275 898 1336 iu
912 1273 973 1336 itta
986 1271 1125 1334 mrrlicre
1138 1271 1210 1334 viro
1216 1267 1353 1356 jubuatc
1367 1285 1449 1330 corn·
1469 1251 1472 1258 ¹

146 1385 294 1448 mamm
308 1392 363 1463 cst,
391 1384 665 1469 quamodniodum
679 1391 778 1448 anteo
803 1401 879 1446 oum
891 1383 965 1444 sinc
987 1381 1055 1446 ullo
1070 1379 1216 1464 esemplo
1230 1398 1283 1441 res
1306 1377 1382 1460 ipso
1393 1395 1451 1458 po·

147 1497 292 1570 meretur,
315 1491 515 1556 mouimus.
559 1491 701 1572 Utinam,
727 1491 870 1574 inquam,
894 1508 960 1554 non
986 1507 1082 1572 prope
1106 1485 1250 1550 adhaec
1275 1483 1450 1548 accessisse

149 1598 243 1678 visus
257 1599 374 1664 suaset
388 1601 601 1683 Augustinus
618 1619 723 1684 nequa
738 1601 826 1664 anim
840 1611 918 1664 tunc
933 1599 1070 1663 adactus
1085 1595 1205 1678 fuisset,
1231 1605 1268 1660 ut
1282 1595 1451 1658 materiem

150 1709 241 1774 illam
255 1710 440 1794 postulante
455 1709 613 1774 Pollentia
628 1707 671 1772 ad
684 1709 844 1792 puriorem
856 1708 994 1774 formam
1005 1709 1146 1790 exigeret
1161 1707 1194 1769 in
1207 1707 1295 1770 libris
1307 1705 1347 1769 dc
1359 1704 1451 1770 adul·

150 1820 259 1884 terinis
274 1819 442 1905 conjugiis,
467 1839 573 1903 neque
588 1819 679 1884 fateri
693 1819 857 1883 debuisset
872 1819 905 1882 iu
921 1819 989 1881 libr.
1008 1821 1035 1880 1.
1051 1819 1189 1882 Retract.
1204 1836 1274 1899 cap.
1292 1817 1340 1880 19.
1367 1835 1401 1880 sa
1416 1815 1450 1880 in

147 1927 351 2010 expositione
365 1927 521 1990 sermonis
536 1926 669 2000 Domini
683 1926 717 1990 in
729 1937 838 1990 monte
849 1923 1070 2008 scrupulosius
1083 1926 1268 1988 tractavisse
1278 1921 1450 2005 quaedam,

147 2057 237 2122 quaa
250 2037 345 2102 facile
359 2037 568 2102 offensionem
583 2049 737 2121 parerent,
753 2037 907 2142 nisipum
921 2037 1055 2098 caeteris
1070 2043 1137 2102 ase
1151 2035 1233 2098 alias
1248 2033 1370 2096 traditis
1377 2034 1451 2117 jun-

148 2157 310 2230 gerentur.
353 2148 475 2210 Auctor
499 2147 633 2212 canonis
648 2147 677 2211 4.
702 2166 790 2209 caus.
814 2147 865 2210 27.
890 2161 1014 2228 quaest.
1040 2147 1068 2208 2.
1086 2147 1148 2208 sub
1169 2145 1300 2208 nominc
1315 2141 1452 2208 Joannis

148 2259 376 2342 Chrysostomi
390 2259 548 2343 conjugiis
563 2258 822 2322 accommodavit
836 2259 1003 2342 vulgarem
1019 2214 1201 2360 illamtris
1217 2257 1371 2340 regulam,
1387 2277 1453 2322 om·

147 2373 204 2434 riis
228 2389 292 2446 res,
315 2389 613 2454 purpurarumque
628 2373 748 2432 causas
773 2371 932 2447 noscitur,
956 2389 1019 2452 per
1035 2370 1165 2434 easdam
1190 2370 1390 2446 dissolvitur,
1416 2375 1455 2429 ut

112 2461 115 2468 ’
146 2472 366 2554 concluderet,
382 2485 496 2538 mutuo
521 2477 696 2558 conjugum
711 2495 874 2540 consensu
899 2496 993 2560 posse
1008 2479 1216 2542 matrimonia
1229 2477 1344 2557 dirimi,
1360 2496 1454 2560 prop-

147 2593 236 2648 terea
249 2582 339 2666 quod
353 2603 514 2648 consensu
528 2595 642 2650 mutuo
657 2585 897 2668 contrahantur,
925 2605 1009 2667 quaa
1025 2584 1165 2671 proiecto
1180 2597 1289 2650 senten
1295 2587 1338 2648 tia
1352 2586 1454 2650 nerni-

146 2695 181 2759 ni
206 2695 357 2778 placebit,
380 2696 566 2778 pracsertim
591 2697 678 2779 quod
704 2699 774 2762 sins
800 2699 1023 2782 Chrysostomi
1050 2699 1167 2788 injuria
1191 2699 1255 2762 dici
1279 2698 1313 2761 id
1340 2709 1451 2780 potest,

146 2804 283 2888 qnando
298 2823 341 2866 ex
364 2824 458 2887 opere
474 2805 656 2887 imperfecto
682 2806 715 2868 in
730 2807 934 2870 Matthaenm
954 2805 1036 2868 salso
1051 2807 1171 2876 Sancto
1197 2805 1302 2868 eidem
1317 2805 1385 2866 viro
1400 2803 1452 2868 tri·

146 2916 226 2978 buto
241 2931 358 2976 canon.
374 2915 582 2996 depromptus
597 2915 792 2998 agnoscitur.
836 2913 928 2985 naid
939 2933 1113 2976 memorem
1124 2933 1282 2976 canonem
1295 2915 1345 2977 18.
1361 2933 1450 2978 caus.

145 3023 197 3086 32.
212 3033 341 3106 quaest.
356 3024 385 3086 t.
401 3024 435 3086 in
450 3025 543 3106 cujus
557 3035 732 3106 conspectu
754 3043 819 3088 non
834 3014 962 3088 erubuit
976 3026 1152 3088 Gratianus
1167 3026 1309 3105 scribere,
1337 3045 1372 3087 se
1387 3003 1452 3090 non*

147 3133 249 3196 teneri
263 3133 455 3196 auctoritate
471 3133 614 3215 Gregorii
630 3133 805 3213 Pontificis,
828 3137 917 3216 quod
931 3136 999 3219 ejus
1015 3147 1264 3199 monumentum
1278 3138 1384 3199 sacris
1399 3159 1450 3200 co-

144 3245 299 3322 aratus,
313 3245 414 3308 immo
434 3243 666 3328 Euangelicoe,
689 3254 719 3310 at
734 3246 939 3330 Apostolicoc
955 3249 1123 3314 doctrinae
1134 3249 1271 3332 penitus
1285 3249 1459 3314 inuenitur·

145 3353 345 3432 adversum·
358 3337 865 3434 aut'quidmcmoremcauouem
876 3356 906 3418 2.
922 3375 1009 3418 caus.
1026 3355 1077 3416 32.
1093 3365 1216 3437 quaest.
1232 3356 1271 3434 2.,
1282 3375 1348 3436 seu,
1364 3354 1452 3437 quod

146 3463 236 3527 idem
250 3473 307 3542 est,
318 3475 393 3545 cap.
410 3463 438 3524 1.
454 3461 494 3524 do
509 3461 657 3544 despons.
670 3464 800 3547 impub,
824 3466 858 3528 iu
873 3485 939 3547 quo
954 3465 1096 3544 traditur,
1112 3465 1264 3548 puerulos
1279 3471 1299 3530 a
1315 3465 1452 3548 parenti-

146 3573 209 3636 bus
224 3573 259 3635 in
274 3571 518 3636 matrimonium
532 3571 634 3652 datos,
650 3584 724 3636 utut
738 3591 804 3636 non
819 3575 1062 3656 consentientes,
1085 3576 1194 3653 teneri,
1211 3593 1288 3638 cum
1303 3575 1450 3639 adoleve-

148 3682 216 3762 rint,
234 3683 269 3746 in
284 3683 434 3764 conjugio
459 3701 646 3765 permanere
661 3684 757 3746 etiam
773 3685 908 3749 invitos?
951 3685 1026 3748 Duo
1042 3685 1123 3748 haec
1148 3697 1360 3750 monumenta
1381 3689 1452 3770 jam

152 3807 206 3870 ego
219 3788 365 3872 expendi
381 3807 415 3851 m
429 3790 510 3852 meis
532 3789 867 3855 animadversionibus
881 3791 915 3854 iu
931 3793 1136 3856 Gratianum.
1180 3793 1327 3856 Tantum
1343 3793 1451 3856 hocin

152 3897 216 3962 loco
230 3899 377 3983 attigisse
392 3898 538 3978 sufficiat,
556 3909 592 3961 ut
606 3897 883 3980 demonstraretur,
900 3919 967 3963 rem
982 3919 1052 3962 essa
1067 3899 1162 3964 valde
1174 3899 1319 3978 arduam,
1336 3910 1367 3961 at
1381 3919 1449 3981 par-

150 4011 323 4090 difficilam,
346 4010 609 4094 qnandoquidem
626 4011 659 4074 in
675 4011 772 4075 variis
794 4011 985 4076 definiendis
1001 4011 1120 4094 regulis
1134 4011 1311 4074 honestatis
1327 4009 1359 4072 in
1376 4026 1450 4072 con-

143 4125 241 4208 jugiis
256 4122 478 4186 observandae
492 4123 641 4186 homines
652 4123 749 4186 enam
764 4124 901 4186 cultores
917 4125 951 4188 in
966 4125 1074 4186 varias
1089 4123 1259 4186 abiverant
1272 4122 1448 4205 opiniones.

147 4233 239 4304 Quid
253 4231 345 4315 ergol
388 4233 478 4296 Num
500 4233 535 4295 in
550 4232 613 4297 hac
634 4253 667 4296 rc
682 4235 797 4296 crassis
822 4233 903 4296 adeo
918 4235 1056 4298 tenebris
1081 4233 1294 4312 offundemur,
1320 4241 1356 4294 nt
1371 4249 1448 4312 quo

148 4343 237 4408 niam
250 4361 295 4408 cx
309 4361 469 4406 consensu
486 4343 631 4426 gentium
645 4343 878 4423 universarum,
900 4355 931 4406 et
945 4355 1098 4428 perpetua
1114 4357 1292 4427 temporum
1309 4339 1448 4424 discipli-

149 4465 192 4514 na
204 4451 262 4516 rix
276 4449 460 4534 quidquam
475 4449 614 4535 firmum
641 4461 673 4515 et
687 4451 919 4518 inconcussum
933 4453 1082 4602 coll'iIgere
1099 4473 1280 4601 pppsurgus,
1306 4471 1389 4536 quas
1404 4451 1448 4518 le-

1026 4559 1083 4602 ou.
1158 4575 1208 4600 .-
1231 4584 1238 4600 .
