3120 4980
198 398 245 465 et
434 419 525 462 raas
541 417 667 475 sarna,
691 417 936 465 nrssnttrarto
952 416 1124 479 account,
1142 418 1219 464 car.
1235 399 1277 464 Η.

201 541 372 604 reticorutn
387 539 568 622 generibus:
584 539 681 602 modo
695 539 791 618 enim,
808 539 834 602 si
850 539 966 623 ingens
981 541 1309 606 essethaereticorum
1320 539 1483 623 mniti'tndo,

168 729 173 740 ἴ
201 667 239 710 ac
254 645 354 710 veluti
371 646 527 732 colluvies
543 633 706 728 quaedam
722 647 848 710 numeri
863 644 1000 728 majoris,
1016 647 1127 710 mitius
1141 647 1311 730 cumipsis
1323 659 1424 712 actum
1436 663 1481 725 est.

199 763 238 816 ut
254 753 359 816 lenius
375 751 417 815 ad
443 754 602 816 unitatem
618 751 855 834 reducerentur3
883 755 1075 818 econtrario
1090 755 1145 818 ubi
1164 755 1263 838 pauci
1285 769 1398 836 essent,
1412 777 1483 821 sero

201 859 267 924 rius
284 859 508 942 puniebantur,
524 869 561 922 ut
575 859 769 940 quantocius
784 861 977 941 emergentis
992 859 1161 924 haereseos
1177 863 1302 926 semina
1312 863 1483 926 snffocaren·
1551 857 1552 908 l

201 981 263 1034 tur:
289 969 386 1033 modo
412 970 439 1032 si
455 970 535 1032 tales
558 969 711 1034 haeretici
736 982 852 1049 essent,
879 971 936 1052 qiu
962 973 1072 1036 turbas
1097 953 1334 1056 seditionesque
1360 979 1392 1038 in
1406 978 1485 1040 socie
1551 979 1552 984 ’

198 1092 264 1146 tate
290 1090 464 1159 moverent,
490 1092 615 1164 praesto
640 1091 731 1145 erant
756 1071 928 1147 acerrimae
954 1082 1040 1166 leges
1066 1083 1108 1148 ad
1130 1105 1252 1169 poenas
1281 1089 1482 1152 atrocissimas

201 1189 406 1272 infligendas,
430 1189 602 1252 levioribus
618 1187 757 1268 inflictis,
783 1189 809 1252 si
826 1175 976 1253 haeretici
1004 1187 1139 1253 leniores
1165 1193 1293 1254 animos
1303 1193 1485 1256 exhiberent

202 1297 258 1365 Ex
273 1299 325 1361 his
341 1317 446 1361 rerum
472 1295 632 1381 adjunctis
647 1293 741 1360 fluxa
755 1308 822 1360 erat
846 1297 1017 1380 disciplina
1027 1298 1117 1381 juris,
1140 1309 1171 1362 ct
1186 1299 1384 1377 inconstans,
1398 1299 1427 1362 id
1441 1308 1487 1372 est,

201 1415 234 1466 et
249 1405 343 1467 sectis
358 1403 600 1484 haereticorum,
626 1413 659 1470 et
673 1423 808 1468 numero
830 1406 1029 1483 eorumdem,
1057 1419 1088 1469 et
1103 1407 1301 1488 temporibus
1328 1427 1487 1472 accommo

128 1593 130 1598 ,
200 1509 287 1588 data,
303 1510 480 1590 aliquando
505 1512 602 1574 etiam
617 1531 659 1576 ea
674 1513 855 1578 mutatione
869 1513 1055 1600 hujusmodi
1081 1514 1487 1598 adjunctorum·immutata

202 1619 303 1690 Quod
319 1631 355 1682 ut
369 1621 482 1702 paucis
498 1619 632 1700 tradam,
659 1619 777 1684 frustra
792 1623 951 1704 imprimis
973 1623 1231 1704 investigaretur,
1258 1641 1300 1686 an
1317 1635 1392 1688 ante
1405 1623 1487 1686 Gens·

202 1729 372 1792 tantinum.
389 1730 617 1812 Imperatorem
641 1741 745 1796 certae
771 1747 894 1814 poenae
919 1731 1131 1796 inhaereticos
1158 1732 1288 1796 infictae
1315 1729 1438 1812 fiterina
1458 1749 1488 1792 eo

203 1837 289 1898 enim
306 1855 409 1916 nsque
435 1834 587 1898 Ecclesia
600 1837 699 1899 variis
726 1837 951 1902 uexationibus
976 1839 1119 1904 obnoxia
1135 1839 1274 1918 tuitores,
1302 1859 1341 1902 nc
1357 1849 1488 1922 patronos

203 1943 369 2026 Principes
397 1955 518 2028 utpote
545 1947 720 2010 Acthnicos
744 1947 862 2012 hebere
887 1967 951 2012 non
968 1951 1079 2032 potnit.
1125 1949 1252 2013 Deinde
1276 1948 1489 2033 distinguenda

202 2065 281 2118 suut
295 2051 362 2116 dno
377 2071 554 2136 poenarum
564 2073 696 2136 genera,
712 2071 852 2136 quarum
867 2057 952 2118 eliac
962 2058 1037 2140 jura
1051 2053 1233 2140 respiciunt,
1251 2069 1283 2120 et
1298 2059 1387 2122 bona
1398 2059 1491 2121 baere-

206 2159 351 2242 ticorum;
368 2160 450 2222 aliae
466 2161 698 2226 haereticorum
715 2141 876 2245 personas,
891 2183 977 2246 qnae
989 2175 1111 2248 poenae
1126 2167 1281 2250 capitales
1293 2167 1489 2250 appellantur.

204 2269 421 2352 Frequentius
436 2270 519 2350 illae,
536 2271 637 2335 rarius
652 2272 732 2334 istae
748 2273 886 2336 indictae
902 2285 988 2336 sunt.

246 2381 360 2462 Itaque
376 2382 499 2462 primns
523 2381 758 2444 Corratantinus
773 2381 949 2464 Imperator
962 2383 1006 2446 in
1022 2383 1042 2446 l.
1060 2383 1171 2450 1.cou.
1198 2384 1240 2447 de
1253 2385 1376 2448 haeret
1390 2381 1490 2446 consti·

200 2491 270 2570 tuit,
287 2503 323 2552 ut
337 2509 421 2572 quae
436 2491 604 2573 privilegia
619 2490 745 2553 dudum
761 2491 1031 2574 contemplatione
1046 2493 1211 2575 religionis
1224 2495 1356 2558 indulta
1369 2494 1490 2568 stimant,

196 2599 365 2665 haereticis
391 2598 594 2662 nullomodo
616 2610 843 2686 competerent.
887 2599 986 2664 Edita
995 2595 1062 2666 'fuit
1077 2600 1159 2662 haee
1176 2600 1228 2664 lex
1244 2619 1333 2664 anno
1348 2601 1419 2666 326.
1439 2597 1491 2660 Ca·

184 2711 302 2778 'lendis
318 2711 523 2794 Septembris;
552 2709 606 2774 sed
624 2728 710 2772 nono
734 2709 898 2774 calendas
913 2711 1061 2776 Octobris
1086 2711 1229 2796 ejusdem
1246 2715 1327 2777 anni
1348 2713 1443 2776 aliam
1458 2709 1492 2770 lc-

195 2845 271 2908 gem
297 2825 588 2911 edidit,quacum
618 2821 811 2886 Novatianis
836 2823 961 2886 Romae
987 2823 1178 2906 degentibus
1204 2825 1316 2888 mitius
1338 2823 1492 2909 agendum

200 2931 318 3010 sanxit,
337 2941 370 2992 nt
385 2931 507 2992 scilicet
523 2921 588 3011 ipsi
613 2929 777 2991 Ecclesiae
793 2948 869 2994 suas
884 2935 960 2994 c'nm
985 2931 1182 2994 coemeteriis
1194 2930 1323 3014 jamdiu
1341 2947 1493 3011 possm

199 3041 333 3127 pacifice
351 3019 530 3119 retinerent,
547 3039 724 3104 dummodo
741 3059 781 3106 na
796 3041 874 3122 quid
891 3053 1082 3123 netrrparent
1098 3041 1304 3106 dedentibus
1321 3043 1430 3120 sacris,
1445 3050 1494 3100 aut

198 3153 276 3218 locis
295 3151 448 3234 religiosis
459 3149 714 3227 Catholicornm,
733 3149 752 3212 i.
767 3149 797 3212 2.
814 3149 883 3212 cod.
900 3149 1064 3214 Theodos.
1080 3151 1123 3214 de
1134 3152 1253 3215 haeret.
1291 3151 1390 3215 Hanc
1403 3147 1496 3212 voluit

198 3263 375 3344 Imperator
391 3261 547 3322 rationem
573 3257 831 3321 Novatianorum
847 3257 1040 3335 habendam,
1067 3259 1187 3339 quiesi
1203 3273 1278 3320 vera
1302 3269 1438 3320 testatur
1450 3255 1497 3317 So·

198 3384 302 3434 crates
317 3371 384 3432 libr.
401 3371 429 3433 7.
446 3387 518 3448 cap.
539 3367 596 3443 11,
613 3364 789 3432 Novatinni
805 3380 907 3446 usqne
923 3365 965 3426 ad
981 3365 1160 3429 iunocentii
1174 3365 1283 3446 Papae
1297 3375 1436 3426 aetatem
1452 3377 1496 3441 pa·

198 3489 270 3544 eata
285 3477 317 3538 in
335 3476 412 3538 urbo
438 3475 599 3550 vivebant,
627 3469 708 3534 alias
725 3483 833 3536 atttem
860 3453 1062 3556 potissimum
1078 3473 1119 3536 de
1133 3470 1354 3553 tranquilitate
1376 3469 1496 3555 publica

192 3583 356 3648 sollicitus
383 3581 487 3644 luerat
502 3580 746 3646 Constantinus.
790 3579 878 3646 Addi
894 3593 1003 3663 intest,
1020 3603 1140 3648 eorum
1156 3582 1317 3646 haeresim
1339 3603 1383 3646 err
1403 3577 1497 3644 animi

199 3689 395 3766 austeritate,
410 3708 448 3750 ae
464 3688 620 3768 gravitate
637 3689 737 3752 nimia
752 3687 915 3771 prodiisse,
930 3707 1005 3759 curn
1021 3701 1207 3764 assererent,
1230 3689 1339 3772 lapsos
1353 3709 1420 3753 non
1435 3705 1496 3770 pos·

201 3821 236 3868 se
252 3800 319 3862 ulla
336 3801 530 3881 poenitentia
555 3801 688 3864 restitui:
714 3813 911 3864 caeterorum
929 3801 989 3886 viri
1003 3813 1096 3866 erant
1110 3803 1246 3882 virtutis,
1269 3815 1302 3878 et
1316 3797 1498 3885 integritatis

200 3911 304 3975 severi
319 3907 467 3974 cultores.
510 3907 656 3978 Quando
672 3927 747 3972 vero
762 3910 967 3976 Constantini
984 3913 1179 3994 temporibus
1200 3931 1266 3977 non
1282 3914 1347 3977 alia
1362 3908 1497 3977 Oatholi·

200 4035 256 4078 cos
272 4015 412 4078 vexabat
425 4015 667 4094 baereticorum,
694 4025 751 4080 ant
764 4015 1046 4090 ,scidemnticornm
1062 4005 1159 4101 secta,
1184 4039 1284 4104 quarn
1299 4023 1496 4094 Ananornm,

203 4135 235 4188 ot
250 4123 505 4203 idolothitorum,
531 4124 573 4186 ad
588 4143 643 4186 eos
665 4127 868 4207 potissimum
893 4147 932 4190 ea
947 4130 1140 4214 constitutio,
1167 4149 1227 4195 sen
1243 4131 1297 4196 lex
1324 4135 1351 4196 1.
1376 4131 1447 4195 cod.
1461 4129 1496 4190 do

201 4233 322 4302 haeret.
338 4233 523 4316 pertinebat,
550 4231 629 4294 hinc
643 4233 676 4296 in
692 4231 712 4296 l.
730 4235 758 4297 1.
773 4233 843 4300 cod.
860 4235 1016 4300 Theodec
1030 4237 1100 4300 eod.
1127 4237 1172 4302 tit
1189 4235 1338 4321 legimns:
1353 4234 1498 4300 Haerdi·

204 4363 256 4406 eos
271 4348 390 4418 autem,
418 4348 516 4423 atque
530 4340 754 4404 sckhmuticos
779 4360 844 4408 nort
859 4351 992 4414 tontum
1006 4345 1046 4410 ab
1061 4345 1115 4410 itia
1136 4345 1332 4429 privilegiis
1346 4346 1415 4430 da,
1432 4341 1498 4404 licat

176 4459 177 4463 ’
207 4448 241 4512 id
257 4445 367 4510 codice
392 4446 570 4512 iustiniani
592 4447 872 4522 schismaticorum
893 4453 1014 4518 mentio
1028 4454 1155 4542 lumime
1169 4452 1273 4520 luerit.
1316 4449 1497 4535 thuideto
