<?xml version="1.0" encoding="UTF-8"?>
<!DOCTYPE html PUBLIC "-//W3C//DTD XHTML 1.0 Transitional//EN"
    "http://www.w3.org/TR/xhtml1/DTD/xhtml1-transitional.dtd">
<html xmlns="http://www.w3.org/1999/xhtml" xml:lang="en" lang="en">
 <head>
  <title>
</title>
<meta http-equiv="Content-Type" content="text/html;charset=utf-8" />
  <meta name='ocr-system' content='tesseract 3.04.00' />
  <meta name='ocr-capabilities' content='ocr_page ocr_carea ocr_par ocr_line ocrx_word'/>
</head>
<body>
  <div class='ocr_page' id='page_1' title='image "./carolisebastian00beragoog_0484.png"; bbox 0 0 3134 4984; ppageno 0'>
   <div class='ocr_carea' id='block_1_1' title="bbox 283 403 1373 500">
    <p class='ocr_par' dir='ltr' id='par_1_1' title="bbox 283 403 1373 500">
     <span class='ocr_line' id='line_1_1' title="bbox 283 403 1373 500; baseline 0.001 -16"><span class='ocrx_word' id='word_1_1' title='bbox 283 425 331 486; x_wconf 74' lang='lat' dir='ltr'>nt</span> <span class='ocrx_word' id='word_1_2' title='bbox 346 403 549 499; x_wconf 70' lang='lat' dir='ltr'>accurrere,</span> <span class='ocrx_word' id='word_1_3' title='bbox 565 435 803 500; x_wconf 72' lang='lat' dir='ltr'>nerauurms,</span> <span class='ocrx_word' id='word_1_4' title='bbox 819 437 868 484; x_wconf 79' lang='lat' dir='ltr'>nr</span> <span class='ocrx_word' id='word_1_5' title='bbox 883 436 1149 485; x_wconf 75' lang='lat' dir='ltr'>commeruere.</span> <span class='ocrx_word' id='word_1_6' title='bbox 1308 417 1373 486; x_wconf 70' lang='lat'>106</span> 
     </span>
    </p>
   </div>
   <div class='ocr_carea' id='block_1_2' title="bbox 77 559 1373 1304">
    <p class='ocr_par' dir='ltr' id='par_1_2' title="bbox 77 559 1373 1168">
     <span class='ocr_line' id='line_1_2' title="bbox 79 559 1373 645; baseline 0.003 -23"><span class='ocrx_word' id='word_1_7' title='bbox 79 567 152 622; x_wconf 73' lang='lat' dir='ltr'>erret</span> <span class='ocrx_word' id='word_1_8' title='bbox 164 576 270 642; x_wconf 85' lang='lat' dir='ltr'>poena</span> <span class='ocrx_word' id='word_1_9' title='bbox 291 559 500 642; x_wconf 68' lang='lat' dir='ltr'>calamorum,</span> <span class='ocrx_word' id='word_1_10' title='bbox 526 560 651 642; x_wconf 72' lang='lat' dir='ltr'>quoties</span> <span class='ocrx_word' id='word_1_11' title='bbox 666 561 701 624; x_wconf 92' lang='lat' dir='ltr'>iu</span> <span class='ocrx_word' id='word_1_12' title='bbox 716 559 861 642; x_wconf 76' lang='lat' dir='ltr'>utiquam</span> <span class='ocrx_word' id='word_1_13' title='bbox 875 581 918 624; x_wconf 89' lang='lat' dir='ltr'>ex</span> <span class='ocrx_word' id='word_1_14' title='bbox 932 561 1064 645; x_wconf 76' lang='lat' dir='ltr'>ejuratis</span> <span class='ocrx_word' id='word_1_15' title='bbox 1082 559 1280 640; x_wconf 82' lang='lat' dir='ltr'>haeresibus,</span> <span class='ocrx_word' id='word_1_16' title='bbox 1298 571 1373 627; x_wconf 85' lang='lat' dir='ltr'>utut</span> 
     </span>
     <span class='ocr_line' id='line_1_3' title="bbox 79 669 1372 756; baseline 0.002 -22"><span class='ocrx_word' id='word_1_17' title='bbox 79 687 136 734; x_wconf 89' lang='lat' dir='ltr'>non</span> <span class='ocrx_word' id='word_1_18' title='bbox 148 670 306 750; x_wconf 84' lang='lat' dir='ltr'>eamdem,</span> <span class='ocrx_word' id='word_1_19' title='bbox 322 672 356 735; x_wconf 90' lang='lat' dir='ltr'>iu</span> <span class='ocrx_word' id='word_1_20' title='bbox 370 689 470 753; x_wconf 83' lang='lat' dir='ltr'>quam</span> <span class='ocrx_word' id='word_1_21' title='bbox 485 671 597 753; x_wconf 74' lang='lat' dir='ltr'>lapsus</span> <span class='ocrx_word' id='word_1_22' title='bbox 611 671 688 735; x_wconf 91' lang='lat' dir='ltr'>olim</span> <span class='ocrx_word' id='word_1_23' title='bbox 703 669 816 751; x_wconf 77' lang='lat' dir='ltr'>iuerat,</span> <span class='ocrx_word' id='word_1_24' title='bbox 832 672 1013 736; x_wconf 77' lang='lat' dir='ltr'>incidisset:</span> <span class='ocrx_word' id='word_1_25' title='bbox 1051 671 1161 738; x_wconf 77' lang='lat' dir='ltr'>Aiieru</span> <span class='ocrx_word' id='word_1_26' title='bbox 1175 691 1250 756; x_wconf 87' lang='lat' dir='ltr'>pars</span> <span class='ocrx_word' id='word_1_27' title='bbox 1269 674 1372 738; x_wconf 86' lang='lat' dir='ltr'>eonti-</span> 
     </span>
     <span class='ocr_line' id='line_1_4' title="bbox 77 775 1373 861; baseline 0.003 -21"><span class='ocrx_word' id='word_1_28' title='bbox 77 792 143 840; x_wconf 88' lang='lat' dir='ltr'>uere</span> <span class='ocrx_word' id='word_1_29' title='bbox 156 775 250 842; x_wconf 83' lang='lat' dir='ltr'>debet</span> <span class='ocrx_word' id='word_1_30' title='bbox 265 776 455 841; x_wconf 74' lang='lat' dir='ltr'><strong>Catholicae</strong></span> <span class='ocrx_word' id='word_1_31' title='bbox 470 776 547 840; x_wconf 81' lang='lat' dir='ltr'>fidei</span> <span class='ocrx_word' id='word_1_32' title='bbox 562 795 749 859; x_wconf 77' lang='lat' dir='ltr'>expressam</span> <span class='ocrx_word' id='word_1_33' title='bbox 764 777 1005 860; x_wconf 63' lang='lat' dir='ltr'>professionem</span> <span class='ocrx_word' id='word_1_34' title='bbox 1026 779 1236 861; x_wconf 73' lang='lat' dir='ltr'><strong>nequeenim</strong></span> <span class='ocrx_word' id='word_1_35' title='bbox 1251 779 1373 844; x_wconf 85' lang='lat' dir='ltr'>sufficit</span> 
     </span>
     <span class='ocr_line' id='line_1_5' title="bbox 79 881 1373 967; baseline 0.002 -17"><span class='ocrx_word' id='word_1_36' title='bbox 79 885 237 950; x_wconf 70' lang='lat' dir='ltr'>catholieo</span> <span class='ocrx_word' id='word_1_37' title='bbox 251 887 321 949; x_wconf 84' lang='lat' dir='ltr'>riro</span> <span class='ocrx_word' id='word_1_38' title='bbox 345 905 412 950; x_wconf 89' lang='lat' dir='ltr'>nen</span> <span class='ocrx_word' id='word_1_39' title='bbox 426 885 602 952; x_wconf 86' lang='lat' dir='ltr'>adhaerere</span> <span class='ocrx_word' id='word_1_40' title='bbox 625 885 802 967; x_wconf 73' lang='lat' dir='ltr'>hameticis,</span> <span class='ocrx_word' id='word_1_41' title='bbox 829 881 1076 952; x_wconf 73' lang='lat' dir='ltr'>ai&#39;Oatholicem</span> <span class='ocrx_word' id='word_1_42' title='bbox 1102 887 1201 953; x_wconf 83' lang='lat' dir='ltr'>fidem</span> <span class='ocrx_word' id='word_1_43' title='bbox 1223 907 1289 952; x_wconf 89' lang='lat' dir='ltr'>uon</span> <span class='ocrx_word' id='word_1_44' title='bbox 1305 899 1373 953; x_wconf 86' lang='lat' dir='ltr'>am·</span> 
     </span>
     <span class='ocr_line' id='line_1_6' title="bbox 79 993 1372 1079; baseline 0.002 -23"><span class='ocrx_word' id='word_1_45' title='bbox 79 993 236 1077; x_wconf 79' lang='lat' dir='ltr'>plectatur,</span> <span class='ocrx_word' id='word_1_46' title='bbox 250 1015 323 1060; x_wconf 80' lang='lat' dir='ltr'>can.</span> <span class='ocrx_word' id='word_1_47' title='bbox 340 995 412 1060; x_wconf 70' lang='lat'>112</span> <span class='ocrx_word' id='word_1_48' title='bbox 426 1013 516 1061; x_wconf 85' lang='lat' dir='ltr'>caus.</span> <span class='ocrx_word' id='word_1_49' title='bbox 530 995 558 1058; x_wconf 93' lang='lat'>1.</span> <span class='ocrx_word' id='word_1_50' title='bbox 573 1003 698 1079; x_wconf 84' lang='lat' dir='ltr'>quaoet</span> <span class='ocrx_word' id='word_1_51' title='bbox 715 997 756 1076; x_wconf 79' lang='lat'>1,</span> <span class='ocrx_word' id='word_1_52' title='bbox 768 1013 843 1060; x_wconf 85' lang='lat' dir='ltr'>ceu.</span> <span class='ocrx_word' id='word_1_53' title='bbox 857 997 919 1078; x_wconf 70' lang='lat'>20,</span> <span class='ocrx_word' id='word_1_54' title='bbox 934 1007 967 1062; x_wconf 89' lang='lat' dir='ltr'>et</span> <span class='ocrx_word' id='word_1_55' title='bbox 976 997 1028 1060; x_wconf 80' lang='lat' dir='ltr'>tt.</span> <span class='ocrx_word' id='word_1_56' title='bbox 1043 1011 1133 1060; x_wconf 84' lang='lat' dir='ltr'>caus.</span> <span class='ocrx_word' id='word_1_57' title='bbox 1151 996 1179 1059; x_wconf 92' lang='lat' dir='ltr'>l.</span> <span class='ocrx_word' id='word_1_58' title='bbox 1190 1005 1316 1078; x_wconf 85' lang='lat' dir='ltr'>quaest.</span> <span class='ocrx_word' id='word_1_59' title='bbox 1330 996 1372 1075; x_wconf 81' lang='lat'>7,</span> 
     </span>
     <span class='ocr_line' id='line_1_7' title="bbox 79 1101 586 1168; baseline 0 -2"><span class='ocrx_word' id='word_1_60' title='bbox 79 1121 140 1166; x_wconf 83' lang='lat' dir='ltr'>cau.</span> <span class='ocrx_word' id='word_1_61' title='bbox 154 1103 206 1168; x_wconf 75' lang='lat'>42.</span> <span class='ocrx_word' id='word_1_62' title='bbox 221 1103 263 1166; x_wconf 89' lang='lat' dir='ltr'>de</span> <span class='ocrx_word' id='word_1_63' title='bbox 276 1113 451 1168; x_wconf 75' lang='lat' dir='ltr'>coerceret</span> <span class='ocrx_word' id='word_1_64' title='bbox 467 1101 541 1168; x_wconf 89' lang='lat' dir='ltr'>dist.</span> <span class='ocrx_word' id='word_1_65' title='bbox 555 1103 586 1166; x_wconf 78' lang='lat'>2.</span> 
     </span>
    </p>

    <p class='ocr_par' dir='ltr' id='par_1_3' title="bbox 112 1210 1373 1304">
     <span class='ocr_line' id='line_1_8' title="bbox 112 1210 1373 1304; baseline -0.002 -26"><span class='ocrx_word' id='word_1_66' title='bbox 112 1211 204 1278; x_wconf 81' lang='lat' dir='ltr'>Adeo</span> <span class='ocrx_word' id='word_1_67' title='bbox 216 1221 317 1291; x_wconf 84' lang='lat' dir='ltr'>ettox,</span> <span class='ocrx_word' id='word_1_68' title='bbox 332 1221 366 1304; x_wconf 79' lang='lat' dir='ltr'>et</span> <span class='ocrx_word' id='word_1_69' title='bbox 379 1212 524 1276; x_wconf 84' lang='lat' dir='ltr'>immane</span> <span class='ocrx_word' id='word_1_70' title='bbox 538 1224 656 1276; x_wconf 85' lang='lat' dir='ltr'>natura</span> <span class='ocrx_word' id='word_1_71' title='bbox 670 1213 730 1292; x_wconf 88' lang='lat' dir='ltr'>sui,</span> <span class='ocrx_word' id='word_1_72' title='bbox 745 1211 828 1279; x_wconf 86' lang='lat' dir='ltr'>adeo</span> <span class='ocrx_word' id='word_1_73' title='bbox 842 1210 1016 1297; x_wconf 76' lang='lat' dir='ltr'>impietatis</span> <span class='ocrx_word' id='word_1_74' title='bbox 1040 1221 1073 1277; x_wconf 86' lang='lat' dir='ltr'>ct</span> <span class='ocrx_word' id='word_1_75' title='bbox 1087 1211 1223 1298; x_wconf 80' lang='lat' dir='ltr'>iujuriae</span> <span class='ocrx_word' id='word_1_76' title='bbox 1237 1210 1373 1294; x_wconf 87' lang='lat' dir='ltr'>plenum</span> 
     </span>
    </p>
   </div>
   <div class='ocr_carea' id='block_1_3' title="bbox 79 1317 1503 1404">
    <p class='ocr_par' dir='ltr' id='par_1_4' title="bbox 79 1317 1503 1404">
     <span class='ocr_line' id='line_1_9' title="bbox 79 1317 1503 1404; baseline -0.004 -20"><span class='ocrx_word' id='word_1_77' title='bbox 79 1319 228 1384; x_wconf 68' lang='lat' dir='ltr'>adversus</span> <span class='ocrx_word' id='word_1_78' title='bbox 243 1320 361 1401; x_wconf 86' lang='lat' dir='ltr'>Deum,</span> <span class='ocrx_word' id='word_1_79' title='bbox 389 1319 471 1384; x_wconf 87' lang='lat' dir='ltr'>adeo</span> <span class='ocrx_word' id='word_1_80' title='bbox 485 1320 703 1403; x_wconf 84' lang='lat' dir='ltr'>perniciosum</span> <span class='ocrx_word' id='word_1_81' title='bbox 726 1321 762 1386; x_wconf 91' lang='lat' dir='ltr'>iu</span> <span class='ocrx_word' id='word_1_82' title='bbox 777 1319 999 1386; x_wconf 74' lang='lat' dir='ltr'>Christianam</span> <span class='ocrx_word' id='word_1_83' title='bbox 1016 1319 1250 1404; x_wconf 79' lang='lat' dir='ltr'><strong>rempublicam</strong></span> <span class='ocrx_word' id='word_1_84' title='bbox 1264 1317 1374 1380; x_wconf 87' lang='lat' dir='ltr'>heere-</span> <span class='ocrx_word' id='word_1_85' title='bbox 1493 1365 1503 1378; x_wconf 92' lang='lat'><strong>.</strong></span> 
     </span>
    </p>
   </div>
   <div class='ocr_carea' id='block_1_4' title="bbox 4 1411 1374 1731">
    <p class='ocr_par' dir='ltr' id='par_1_5' title="bbox 4 1411 1374 1731">
     <span class='ocr_line' id='line_1_10' title="bbox 4 1411 1374 1530; baseline -0.001 -36"><span class='ocrx_word' id='word_1_86' title='bbox 4 1411 13 1516; x_wconf 30' lang='grc' dir='ltr'>ἰ</span> <span class='ocrx_word' id='word_1_87' title='bbox 79 1418 314 1510; x_wconf 80' lang='lat' dir='ltr'>reoshogitium</span> <span class='ocrx_word' id='word_1_88' title='bbox 336 1439 446 1509; x_wconf 74' lang='lat' dir='ltr'>eet-ut</span> <span class='ocrx_word' id='word_1_89' title='bbox 460 1447 526 1494; x_wconf 89' lang='lat' dir='ltr'>uon</span> <span class='ocrx_word' id='word_1_90' title='bbox 550 1439 679 1494; x_wconf 83' lang='lat' dir='ltr'>tautum</span> <span class='ocrx_word' id='word_1_91' title='bbox 694 1431 807 1530; x_wconf 76' lang='lat' dir='ltr'>ppeuis</span> <span class='ocrx_word' id='word_1_92' title='bbox 831 1425 1000 1494; x_wconf 82' lang='lat' dir='ltr'>coercendi</span> <span class='ocrx_word' id='word_1_93' title='bbox 1016 1429 1079 1494; x_wconf 84' lang='lat' dir='ltr'>visi</span> <span class='ocrx_word' id='word_1_94' title='bbox 1100 1427 1220 1492; x_wconf 83' lang='lat' dir='ltr'>fuerint</span> <span class='ocrx_word' id='word_1_95' title='bbox 1244 1427 1300 1507; x_wconf 87' lang='lat' dir='ltr'>ilii,</span> <span class='ocrx_word' id='word_1_96' title='bbox 1315 1427 1374 1510; x_wconf 90' lang='lat' dir='ltr'>qui</span> 
     </span>
     <span class='ocr_line' id='line_1_11' title="bbox 78 1535 1373 1622; baseline -0.002 -20"><span class='ocrx_word' id='word_1_97' title='bbox 78 1538 193 1622; x_wconf 88' lang='lat' dir='ltr'>proprie</span> <span class='ocrx_word' id='word_1_98' title='bbox 204 1537 358 1602; x_wconf 80' lang='lat' dir='ltr'>haeretici</span> <span class='ocrx_word' id='word_1_99' title='bbox 370 1537 555 1618; x_wconf 72' lang='lat' dir='ltr'>existerent,</span> <span class='ocrx_word' id='word_1_100' title='bbox 570 1557 684 1602; x_wconf 75' lang='lat' dir='ltr'>verum</span> <span class='ocrx_word' id='word_1_101' title='bbox 699 1539 799 1604; x_wconf 83' lang='lat' dir='ltr'>etiarn</span> <span class='ocrx_word' id='word_1_102' title='bbox 813 1539 869 1619; x_wconf 88' lang='lat' dir='ltr'>ilii,</span> <span class='ocrx_word' id='word_1_103' title='bbox 884 1539 941 1622; x_wconf 91' lang='lat' dir='ltr'>qui</span> <span class='ocrx_word' id='word_1_104' title='bbox 966 1539 1018 1602; x_wconf 88' lang='lat' dir='ltr'>vel</span> <span class='ocrx_word' id='word_1_105' title='bbox 1033 1537 1203 1612; x_wconf 77' lang='lat' dir='ltr'>haereticip</span> <span class='ocrx_word' id='word_1_106' title='bbox 1218 1535 1373 1616; x_wconf 78' lang='lat' dir='ltr'>faverent,</span> 
     </span>
     <span class='ocr_line' id='line_1_12' title="bbox 79 1645 1374 1731; baseline 0.002 -24"><span class='ocrx_word' id='word_1_107' title='bbox 79 1645 126 1708; x_wconf 87' lang='lat' dir='ltr'>rel</span> <span class='ocrx_word' id='word_1_108' title='bbox 136 1647 279 1730; x_wconf 81' lang='lat' dir='ltr'>suspecti</span> <span class='ocrx_word' id='word_1_109' title='bbox 291 1645 334 1712; x_wconf 91' lang='lat' dir='ltr'>de</span> <span class='ocrx_word' id='word_1_110' title='bbox 344 1647 472 1714; x_wconf 82' lang='lat' dir='ltr'>haeresi</span> <span class='ocrx_word' id='word_1_111' title='bbox 486 1646 683 1730; x_wconf 77' lang='lat' dir='ltr'>viderentu13</span> <span class='ocrx_word' id='word_1_112' title='bbox 697 1667 900 1731; x_wconf 80' lang='lat' dir='ltr'>quamquam</span> <span class='ocrx_word' id='word_1_113' title='bbox 924 1649 1013 1713; x_wconf 87' lang='lat' dir='ltr'>enim</span> <span class='ocrx_word' id='word_1_114' title='bbox 1028 1649 1081 1712; x_wconf 90' lang='lat' dir='ltr'>isti</span> <span class='ocrx_word' id='word_1_115' title='bbox 1095 1647 1124 1711; x_wconf 82' lang='lat' dir='ltr'>ei</span> <span class='ocrx_word' id='word_1_116' title='bbox 1138 1645 1374 1712; x_wconf 87' lang='lat' dir='ltr'>haereticorum</span> 
     </span>
    </p>
   </div>
   <div class='ocr_carea' id='block_1_5' title="bbox 80 1753 1505 1856">
    <p class='ocr_par' dir='ltr' id='par_1_6' title="bbox 80 1753 1505 1856">
     <span class='ocr_line' id='line_1_13' title="bbox 80 1753 1505 1856; baseline 0.025 -44"><span class='ocrx_word' id='word_1_117' title='bbox 80 1753 237 1816; x_wconf 80' lang='lat' dir='ltr'>sententiis</span> <span class='ocrx_word' id='word_1_118' title='bbox 251 1771 321 1820; x_wconf 79' lang='lat' dir='ltr'>nen</span> <span class='ocrx_word' id='word_1_119' title='bbox 340 1753 548 1834; x_wconf 69' lang='lat' dir='ltr'>adhaereant,</span> <span class='ocrx_word' id='word_1_120' title='bbox 563 1755 716 1828; x_wconf 65' lang='lat' dir='ltr'>haeretiei</span> <span class='ocrx_word' id='word_1_121' title='bbox 737 1755 941 1840; x_wconf 66' lang='lat' dir='ltr'>propiiedit&#39;d</span> <span class='ocrx_word' id='word_1_122' title='bbox 955 1775 1021 1822; x_wconf 73' lang='lat' dir='ltr'>¹1⁰ss</span> <span class='ocrx_word' id='word_1_123' title='bbox 1036 1757 1169 1840; x_wconf 60' lang='lat' dir='ltr'>immi,</span> <span class='ocrx_word' id='word_1_124' title='bbox 1191 1756 1312 1820; x_wconf 58' lang='lat' dir='ltr'>imma</span> <span class='ocrx_word' id='word_1_125' title='bbox 1328 1763 1375 1818; x_wconf 54' lang='grc' dir='ltr'>ω·</span> <span class='ocrx_word' id='word_1_126' title='bbox 1419 1837 1426 1856; x_wconf 81' lang='grc'>,</span> <span class='ocrx_word' id='word_1_127' title='bbox 1499 1765 1505 1774; x_wconf 58' lang='grc'>’</span> 
     </span>
    </p>
   </div>
   <div class='ocr_carea' id='block_1_6' title="bbox 80 1862 1460 2279">
    <p class='ocr_par' dir='ltr' id='par_1_7' title="bbox 80 1862 1460 2279">
     <span class='ocr_line' id='line_1_14' title="bbox 80 1862 1375 1947; baseline 0.003 -23"><span class='ocrx_word' id='word_1_128' title='bbox 80 1877 146 1926; x_wconf 87' lang='lat' dir='ltr'>meu</span> <span class='ocrx_word' id='word_1_129' title='bbox 161 1863 352 1945; x_wconf 79' lang='lat' dir='ltr'>grauissime</span> <span class='ocrx_word' id='word_1_130' title='bbox 377 1862 582 1946; x_wconf 77' lang='lat' dir='ltr'>dehnquuut,</span> <span class='ocrx_word' id='word_1_131' title='bbox 605 1864 694 1946; x_wconf 81' lang='lat' dir='ltr'>quod</span> <span class='ocrx_word' id='word_1_132' title='bbox 715 1865 929 1947; x_wconf 79' lang='lat' dir='ltr'>ethaemses,</span> <span class='ocrx_word' id='word_1_133' title='bbox 952 1875 987 1930; x_wconf 88' lang='lat' dir='ltr'>et</span> <span class='ocrx_word' id='word_1_134' title='bbox 1009 1866 1187 1930; x_wconf 78' lang='lat' dir='ltr'>haereticos</span> <span class='ocrx_word' id='word_1_135' title='bbox 1210 1864 1375 1930; x_wconf 83' lang='lat' dir='ltr'>declinere</span> 
     </span>
     <span class='ocr_line' id='line_1_15' title="bbox 81 1969 1377 2051; baseline 0.001 -19"><span class='ocrx_word' id='word_1_136' title='bbox 81 1969 221 2038; x_wconf 81' lang='lat' dir='ltr'>debeant.</span> <span class='ocrx_word' id='word_1_137' title='bbox 263 1971 339 2038; x_wconf 88' lang='lat' dir='ltr'>Non</span> <span class='ocrx_word' id='word_1_138' title='bbox 353 1971 387 2036; x_wconf 90' lang='lat' dir='ltr'>in</span> <span class='ocrx_word' id='word_1_139' title='bbox 401 1971 576 2036; x_wconf 76' lang='lat' dir='ltr'>individuo</span> <span class='ocrx_word' id='word_1_140' title='bbox 597 1972 850 2038; x_wconf 71' lang='lat' dir='ltr'>coministrum</span> <span class='ocrx_word' id='word_1_141' title='bbox 875 1974 909 2039; x_wconf 90' lang='lat' dir='ltr'>in</span> <span class='ocrx_word' id='word_1_142' title='bbox 925 1975 1103 2038; x_wconf 72' lang='lat' dir='ltr'>haereticos</span> <span class='ocrx_word' id='word_1_143' title='bbox 1127 1971 1302 2051; x_wconf 82' lang='lat' dir='ltr'>exhibitus,</span> <span class='ocrx_word' id='word_1_144' title='bbox 1317 1979 1377 2034; x_wconf 81' lang='lat' dir='ltr'>aut</span> 
     </span>
     <span class='ocr_line' id='line_1_16' title="bbox 81 2081 1375 2171; baseline 0.001 -25"><span class='ocrx_word' id='word_1_145' title='bbox 81 2083 212 2165; x_wconf 73' lang='lat' dir='ltr'>suspicio</span> <span class='ocrx_word' id='word_1_146' title='bbox 226 2083 406 2166; x_wconf 78' lang='lat' dir='ltr'>hemereos3</span> <span class='ocrx_word' id='word_1_147' title='bbox 418 2083 519 2150; x_wconf 88' lang='lat' dir='ltr'>modo</span> <span class='ocrx_word' id='word_1_148' title='bbox 539 2084 626 2150; x_wconf 86' lang='lat' dir='ltr'>euim</span> <span class='ocrx_word' id='word_1_149' title='bbox 642 2087 831 2168; x_wconf 66' lang='lat' dir='ltr'>potestesse</span> <span class='ocrx_word' id='word_1_150' title='bbox 845 2087 880 2151; x_wconf 91' lang='lat' dir='ltr'>iu</span> <span class='ocrx_word' id='word_1_151' title='bbox 894 2087 1005 2169; x_wconf 84' lang='lat' dir='ltr'>aliquo</span> <span class='ocrx_word' id='word_1_152' title='bbox 1016 2085 1127 2171; x_wconf 84' lang='lat' dir='ltr'>major,</span> <span class='ocrx_word' id='word_1_153' title='bbox 1149 2081 1246 2150; x_wconf 85' lang='lat' dir='ltr'>ruodo</span> <span class='ocrx_word' id='word_1_154' title='bbox 1259 2083 1375 2163; x_wconf 87' lang='lat' dir='ltr'>minor,</span> 
     </span>
     <span class='ocr_line' id='line_1_17' title="bbox 81 2189 1460 2279; baseline 0.003 -26"><span class='ocrx_word' id='word_1_155' title='bbox 81 2189 168 2254; x_wconf 86' lang='lat' dir='ltr'>modo</span> <span class='ocrx_word' id='word_1_156' title='bbox 182 2191 364 2273; x_wconf 72' lang='lat' dir='ltr'>impensior,</span> <span class='ocrx_word' id='word_1_157' title='bbox 373 2241 382 2258; x_wconf 92' lang='lat'><strong><em>.</em></strong></span> <span class='ocrx_word' id='word_1_158' title='bbox 391 2191 490 2256; x_wconf 80' lang='lat' dir='ltr'>modo</span> <span class='ocrx_word' id='word_1_159' title='bbox 503 2191 604 2257; x_wconf 85' lang='lat' dir='ltr'>lenior</span> <span class='ocrx_word' id='word_1_160' title='bbox 617 2193 853 2260; x_wconf 85' lang='lat' dir='ltr'>haeretieorum</span> <span class='ocrx_word' id='word_1_161' title='bbox 868 2195 980 2276; x_wconf 83' lang='lat' dir='ltr'>tutela,</span> <span class='ocrx_word' id='word_1_162' title='bbox 1005 2215 1063 2259; x_wconf 81' lang='lat' dir='ltr'>seu</span> <span class='ocrx_word' id='word_1_163' title='bbox 1078 2195 1301 2279; x_wconf 77' lang='lat' dir='ltr'>patrocinium,</span> <span class='ocrx_word' id='word_1_164' title='bbox 1317 2203 1376 2257; x_wconf 90' lang='lat' dir='ltr'>aut</span> <span class='ocrx_word' id='word_1_165' title='bbox 1456 2201 1460 2209; x_wconf 88' lang='lat'><strong><em>‘</em></strong></span> 
     </span>
    </p>
   </div>
   <div class='ocr_carea' id='block_1_7' title="bbox 80 2297 1505 2386">
    <p class='ocr_par' dir='ltr' id='par_1_8' title="bbox 80 2297 1505 2386">
     <span class='ocr_line' id='line_1_18' title="bbox 80 2297 1505 2386; baseline 0.006 -25"><span class='ocrx_word' id='word_1_166' title='bbox 80 2297 240 2368; x_wconf 70' lang='lat' dir='ltr'>haereseos</span> <span class='ocrx_word' id='word_1_167' title='bbox 268 2299 419 2384; x_wconf 81' lang='lat' dir='ltr'>surpieio.</span> <span class='ocrx_word' id='word_1_168' title='bbox 461 2301 746 2372; x_wconf 68' lang='lat' dir='ltr'>marmoreum</span> <span class='ocrx_word' id='word_1_169' title='bbox 773 2303 885 2386; x_wconf 86' lang='lat' dir='ltr'>poeuis</span> <span class='ocrx_word' id='word_1_170' title='bbox 913 2301 1126 2385; x_wconf 84' lang='lat' dir='ltr'>designandis</span> <span class='ocrx_word' id='word_1_171' title='bbox 1154 2311 1240 2366; x_wconf 84' lang='lat' dir='ltr'>certa</span> <span class='ocrx_word' id='word_1_172' title='bbox 1267 2319 1376 2383; x_wconf 88' lang='lat' dir='ltr'>neque</span> <span class='ocrx_word' id='word_1_173' title='bbox 1494 2355 1505 2370; x_wconf 85' lang='lat'><strong>.</strong></span> 
     </span>
    </p>
   </div>
   <div class='ocr_carea' id='block_1_8' title="bbox 78 2407 1391 4133">
    <p class='ocr_par' dir='ltr' id='par_1_9' title="bbox 78 2407 1391 4133">
     <span class='ocr_line' id='line_1_19' title="bbox 79 2407 1375 2495; baseline 0 -21"><span class='ocrx_word' id='word_1_174' title='bbox 79 2409 236 2490; x_wconf 78' lang='lat' dir='ltr'>praestitui</span> <span class='ocrx_word' id='word_1_175' title='bbox 249 2409 372 2492; x_wconf 78' lang='lat' dir='ltr'>regule,</span> <span class='ocrx_word' id='word_1_176' title='bbox 397 2407 587 2495; x_wconf 78' lang='lat' dir='ltr'>seudepenr</span> <span class='ocrx_word' id='word_1_177' title='bbox 600 2409 677 2474; x_wconf 86' lang='lat' dir='ltr'>iiiee</span> <span class='ocrx_word' id='word_1_178' title='bbox 701 2429 744 2474; x_wconf 89' lang='lat' dir='ltr'>ex</span> <span class='ocrx_word' id='word_1_179' title='bbox 767 2411 896 2476; x_wconf 77' lang='lat' dir='ltr'>arbitrio</span> <span class='ocrx_word' id='word_1_180' title='bbox 914 2410 1035 2494; x_wconf 63' lang='lat' dir='ltr'>iudicis</span> <span class='ocrx_word' id='word_1_181' title='bbox 1060 2407 1195 2474; x_wconf 88' lang='lat' dir='ltr'>modum</span> <span class='ocrx_word' id='word_1_182' title='bbox 1220 2411 1375 2494; x_wconf 81' lang='lat' dir='ltr'>aecipere.</span> 
     </span>
     <span class='ocr_line' id='line_1_20' title="bbox 80 2516 1380 2604; baseline 0.002 -22"><span class='ocrx_word' id='word_1_183' title='bbox 80 2516 169 2598; x_wconf 80' lang='lat' dir='ltr'>Sene,</span> <span class='ocrx_word' id='word_1_184' title='bbox 182 2518 309 2601; x_wconf 82' lang='lat' dir='ltr'>quoties</span> <span class='ocrx_word' id='word_1_185' title='bbox 324 2517 425 2602; x_wconf 86' lang='lat' dir='ltr'>liquet</span> <span class='ocrx_word' id='word_1_186' title='bbox 446 2518 590 2600; x_wconf 82' lang='lat' dir='ltr'>ediquem</span> <span class='ocrx_word' id='word_1_187' title='bbox 604 2519 774 2587; x_wconf 72' lang='lat' dir='ltr'>haereticis</span> <span class='ocrx_word' id='word_1_188' title='bbox 789 2517 907 2599; x_wconf 81' lang='lat' dir='ltr'>ferere,</span> <span class='ocrx_word' id='word_1_189' title='bbox 930 2518 965 2584; x_wconf 84' lang='lat' dir='ltr'>id</span> <span class='ocrx_word' id='word_1_190' title='bbox 979 2529 1037 2600; x_wconf 86' lang='lat' dir='ltr'>est,</span> <span class='ocrx_word' id='word_1_191' title='bbox 1051 2517 1125 2584; x_wconf 79' lang='lat' dir='ltr'>ilior</span> <span class='ocrx_word' id='word_1_192' title='bbox 1146 2519 1228 2584; x_wconf 88' lang='lat' dir='ltr'>tueri</span> <span class='ocrx_word' id='word_1_193' title='bbox 1243 2519 1380 2604; x_wconf 83' lang='lat' dir='ltr'>petroci·</span> 
     </span>
     <span class='ocr_line' id='line_1_21' title="bbox 81 2613 1380 2718; baseline 0.001 -26"><span class='ocrx_word' id='word_1_194' title='bbox 81 2628 139 2708; x_wconf 86' lang='lat' dir='ltr'>uio,</span> <span class='ocrx_word' id='word_1_195' title='bbox 148 2613 497 2714; x_wconf 69' lang='lat' dir='ltr'>jeroro‘teeniaubos,</span> <span class='ocrx_word' id='word_1_196' title='bbox 511 2629 653 2718; x_wconf 75' lang='lat' dir='ltr'>resipere</span> <span class='ocrx_word' id='word_1_197' title='bbox 665 2629 819 2713; x_wconf 81' lang='lat' dir='ltr'>hospicio,</span> <span class='ocrx_word' id='word_1_198' title='bbox 834 2629 996 2694; x_wconf 79' lang='lat' dir='ltr'>occultare</span> <span class='ocrx_word' id='word_1_199' title='bbox 1007 2629 1106 2710; x_wconf 82' lang='lat' dir='ltr'>dumi,</span> <span class='ocrx_word' id='word_1_200' title='bbox 1122 2629 1150 2692; x_wconf 87' lang='lat' dir='ltr'>is</span> <span class='ocrx_word' id='word_1_201' title='bbox 1161 2646 1249 2709; x_wconf 82' lang='lat' dir='ltr'>sene,</span> <span class='ocrx_word' id='word_1_202' title='bbox 1264 2630 1293 2694; x_wconf 83' lang='lat' dir='ltr'>ei</span> <span class='ocrx_word' id='word_1_203' title='bbox 1305 2628 1380 2694; x_wconf 80' lang='lat' dir='ltr'>Ole-</span> 
     </span>
     <span class='ocr_line' id='line_1_22' title="bbox 81 2733 1382 2821; baseline 0.005 -23"><span class='ocrx_word' id='word_1_204' title='bbox 81 2733 161 2800; x_wconf 81' lang='lat' dir='ltr'>rieua</span> <span class='ocrx_word' id='word_1_205' title='bbox 174 2736 225 2816; x_wconf 81' lang='lat' dir='ltr'>ait,</span> <span class='ocrx_word' id='word_1_206' title='bbox 239 2736 364 2802; x_wconf 77' lang='lat' dir='ltr'>interce</span> <span class='ocrx_word' id='word_1_207' title='bbox 378 2735 420 2802; x_wconf 86' lang='lat' dir='ltr'>ab</span> <span class='ocrx_word' id='word_1_208' title='bbox 433 2741 524 2802; x_wconf 78' lang='lat' dir='ltr'>omni</span> <span class='ocrx_word' id='word_1_209' title='bbox 538 2735 654 2818; x_wconf 84' lang='lat' dir='ltr'>officio,</span> <span class='ocrx_word' id='word_1_210' title='bbox 668 2748 701 2801; x_wconf 90' lang='lat' dir='ltr'>et</span> <span class='ocrx_word' id='word_1_211' title='bbox 714 2737 873 2802; x_wconf 83' lang='lat' dir='ltr'>beneficio</span> <span class='ocrx_word' id='word_1_212' title='bbox 887 2737 1106 2802; x_wconf 78' lang='lat' dir='ltr'>eeueeieecioo</span> <span class='ocrx_word' id='word_1_213' title='bbox 1119 2738 1217 2821; x_wconf 76' lang='lat' dir='ltr'>cadit3</span> <span class='ocrx_word' id='word_1_214' title='bbox 1233 2739 1260 2804; x_wconf 87' lang='lat' dir='ltr'>ei</span> <span class='ocrx_word' id='word_1_215' title='bbox 1275 2739 1382 2805; x_wconf 79' lang='lat' dir='ltr'>laicus</span> 
     </span>
     <span class='ocr_line' id='line_1_23' title="bbox 82 2843 1380 2926; baseline 0.002 -17"><span class='ocrx_word' id='word_1_216' title='bbox 82 2843 127 2924; x_wconf 80' lang='lat' dir='ltr'>sit,</span> <span class='ocrx_word' id='word_1_217' title='bbox 140 2845 512 2912; x_wconf 75' lang='lat' dir='ltr'>excommunicationem</span> <span class='ocrx_word' id='word_1_218' title='bbox 536 2845 678 2926; x_wconf 84' lang='lat' dir='ltr'>incurrit,</span> <span class='ocrx_word' id='word_1_219' title='bbox 694 2845 742 2910; x_wconf 82' lang='lat' dir='ltr'>ita</span> <span class='ocrx_word' id='word_1_220' title='bbox 765 2857 802 2910; x_wconf 89' lang='lat' dir='ltr'>ut</span> <span class='ocrx_word' id='word_1_221' title='bbox 814 2855 849 2910; x_wconf 86' lang='lat' dir='ltr'>et</span> <span class='ocrx_word' id='word_1_222' title='bbox 873 2845 1009 2912; x_wconf 85' lang='lat' dir='ltr'>cacteris</span> <span class='ocrx_word' id='word_1_223' title='bbox 1023 2846 1121 2910; x_wconf 85' lang='lat' dir='ltr'>etiam</span> <span class='ocrx_word' id='word_1_224' title='bbox 1143 2844 1380 2912; x_wconf 83' lang='lat' dir='ltr'>haereticorum</span> 
     </span>
     <span class='ocr_line' id='line_1_24' title="bbox 80 2951 1379 3036; baseline -0.002 -18"><span class='ocrx_word' id='word_1_225' title='bbox 80 2955 424 3036; x_wconf 63' lang='lat' dir='ltr'>pomeranensem</span> <span class='ocrx_word' id='word_1_226' title='bbox 438 2954 659 3020; x_wconf 81' lang='lat' dir='ltr'>iutmuunum</span> <span class='ocrx_word' id='word_1_227' title='bbox 674 2953 844 3020; x_wconf 75' lang='lat' dir='ltr'>Ecclesiae</span> <span class='ocrx_word' id='word_1_228' title='bbox 859 2973 925 3022; x_wconf 86' lang='lat' dir='ltr'>neu</span> <span class='ocrx_word' id='word_1_229' title='bbox 940 2951 1128 3032; x_wconf 83' lang='lat' dir='ltr'>satisfaciat,</span> <span class='ocrx_word' id='word_1_230' title='bbox 1142 2967 1213 3035; x_wconf 88' lang='lat' dir='ltr'>cap.</span> <span class='ocrx_word' id='word_1_231' title='bbox 1228 2952 1268 3033; x_wconf 84' lang='lat'>8,</span> <span class='ocrx_word' id='word_1_232' title='bbox 1280 2961 1312 3016; x_wconf 89' lang='lat' dir='ltr'>et</span> <span class='ocrx_word' id='word_1_233' title='bbox 1328 2951 1379 3016; x_wconf 86' lang='lat'>13.</span> 
     </span>
     <span class='ocr_line' id='line_1_25' title="bbox 81 3057 1380 3146; baseline -0.002 -22"><span class='ocrx_word' id='word_1_234' title='bbox 81 3081 160 3128; x_wconf 83' lang='lat' dir='ltr'>vera.</span> <span class='ocrx_word' id='word_1_235' title='bbox 176 3064 354 3130; x_wconf 67' lang='lat' dir='ltr'>&amp;adeum</span> <span class='ocrx_word' id='word_1_236' title='bbox 378 3063 419 3128; x_wconf 88' lang='lat' dir='ltr'>de</span> <span class='ocrx_word' id='word_1_237' title='bbox 434 3063 612 3131; x_wconf 73' lang='lat' dir='ltr'>haereticia</span> <span class='ocrx_word' id='word_1_238' title='bbox 655 3064 783 3129; x_wconf 82' lang='lat' dir='ltr'>Revera</span> <span class='ocrx_word' id='word_1_239' title='bbox 796 3065 860 3146; x_wconf 84' lang='lat' dir='ltr'>qui</span> <span class='ocrx_word' id='word_1_240' title='bbox 877 3061 1056 3126; x_wconf 82' lang='lat' dir='ltr'>haereticos</span> <span class='ocrx_word' id='word_1_241' title='bbox 1069 3059 1165 3140; x_wconf 78' lang='lat' dir='ltr'>fovet,</span> <span class='ocrx_word' id='word_1_242' title='bbox 1186 3069 1246 3125; x_wconf 89' lang='lat' dir='ltr'>aut</span> <span class='ocrx_word' id='word_1_243' title='bbox 1258 3057 1380 3143; x_wconf 75' lang='lat' dir='ltr'>recipie</span> 
     </span>
     <span class='ocr_line' id='line_1_26' title="bbox 80 3172 1381 3262; baseline -0.002 -22"><span class='ocrx_word' id='word_1_244' title='bbox 80 3175 189 3262; x_wconf 83' lang='lat' dir='ltr'>incipit</span> <span class='ocrx_word' id='word_1_245' title='bbox 209 3195 282 3240; x_wconf 83' lang='lat' dir='ltr'>esso</span> <span class='ocrx_word' id='word_1_246' title='bbox 295 3175 336 3240; x_wconf 87' lang='lat' dir='ltr'>de</span> <span class='ocrx_word' id='word_1_247' title='bbox 361 3176 487 3240; x_wconf 80' lang='lat' dir='ltr'>haeresi</span> <span class='ocrx_word' id='word_1_248' title='bbox 512 3176 652 3258; x_wconf 80' lang='lat' dir='ltr'>graviter</span> <span class='ocrx_word' id='word_1_249' title='bbox 674 3187 854 3259; x_wconf 87' lang='lat' dir='ltr'>suspectus,</span> <span class='ocrx_word' id='word_1_250' title='bbox 879 3173 1078 3258; x_wconf 83' lang='lat' dir='ltr'>proindeque</span> <span class='ocrx_word' id='word_1_251' title='bbox 1103 3173 1256 3256; x_wconf 80' lang='lat' dir='ltr'>gravibus</span> <span class='ocrx_word' id='word_1_252' title='bbox 1279 3172 1381 3238; x_wconf 85' lang='lat' dir='ltr'>etiam</span> 
     </span>
     <span class='ocr_line' id='line_1_27' title="bbox 81 3281 1380 3366; baseline -0.002 -18"><span class='ocrx_word' id='word_1_253' title='bbox 81 3283 187 3364; x_wconf 79' lang='lat' dir='ltr'>poeuis</span> <span class='ocrx_word' id='word_1_254' title='bbox 212 3283 446 3366; x_wconf 79' lang='lat' dir='ltr'>terreripoteat,</span> <span class='ocrx_word' id='word_1_255' title='bbox 473 3291 509 3346; x_wconf 88' lang='lat' dir='ltr'>ut</span> <span class='ocrx_word' id='word_1_256' title='bbox 519 3281 672 3348; x_wconf 83' lang='lat' dir='ltr'>animum</span> <span class='ocrx_word' id='word_1_257' title='bbox 694 3281 827 3348; x_wconf 81' lang='lat' dir='ltr'>abillis</span> <span class='ocrx_word' id='word_1_258' title='bbox 841 3291 976 3347; x_wconf 77' lang='lat' dir='ltr'>arerent.</span> <span class='ocrx_word' id='word_1_259' title='bbox 1018 3281 1104 3346; x_wconf 87' lang='lat' dir='ltr'>Atei</span> <span class='ocrx_word' id='word_1_260' title='bbox 1126 3297 1329 3364; x_wconf 79' lang='lat' dir='ltr'>perannum</span> <span class='ocrx_word' id='word_1_261' title='bbox 1344 3281 1380 3346; x_wconf 90' lang='lat' dir='ltr'>iu</span> 
     </span>
     <span class='ocr_line' id='line_1_28' title="bbox 79 3387 1382 3476; baseline -0.001 -22"><span class='ocrx_word' id='word_1_262' title='bbox 79 3403 222 3474; x_wconf 80' lang='lat' dir='ltr'>suspecto</span> <span class='ocrx_word' id='word_1_263' title='bbox 245 3391 383 3456; x_wconf 81' lang='lat' dir='ltr'>consilio</span> <span class='ocrx_word' id='word_1_264' title='bbox 405 3401 585 3456; x_wconf 81' lang='lat' dir='ltr'>contumax</span> <span class='ocrx_word' id='word_1_265' title='bbox 611 3402 964 3476; x_wconf 65' lang='lat' dir='ltr'>perseveret‘augetur</span> <span class='ocrx_word' id='word_1_266' title='bbox 989 3391 1139 3475; x_wconf 85' lang='lat' dir='ltr'>suspicio,</span> <span class='ocrx_word' id='word_1_267' title='bbox 1161 3400 1194 3455; x_wconf 89' lang='lat' dir='ltr'>et</span> <span class='ocrx_word' id='word_1_268' title='bbox 1214 3405 1312 3474; x_wconf 89' lang='lat' dir='ltr'>prope</span> <span class='ocrx_word' id='word_1_269' title='bbox 1325 3387 1382 3454; x_wconf 88' lang='lat' dir='ltr'>de·</span> 
     </span>
     <span class='ocr_line' id='line_1_29' title="bbox 81 3481 1382 3584; baseline 0.002 -20"><span class='ocrx_word' id='word_1_270' title='bbox 81 3509 253 3566; x_wconf 68' lang='lat' dir='ltr'>nomento</span> <span class='ocrx_word' id='word_1_271' title='bbox 266 3511 316 3566; x_wconf 86' lang='lat' dir='ltr'>est</span> <span class='ocrx_word' id='word_1_272' title='bbox 340 3481 490 3566; x_wconf 52' lang='lat' dir='ltr'>henosis?</span> <span class='ocrx_word' id='word_1_273' title='bbox 496 3501 597 3566; x_wconf 80' lang='lat' dir='ltr'>etiam</span> <span class='ocrx_word' id='word_1_274' title='bbox 622 3503 657 3566; x_wconf 88' lang='lat' dir='ltr'>iu</span> <span class='ocrx_word' id='word_1_275' title='bbox 671 3501 794 3581; x_wconf 85' lang='lat' dir='ltr'>ecdem,</span> <span class='ocrx_word' id='word_1_276' title='bbox 822 3521 888 3584; x_wconf 85' lang='lat' dir='ltr'>que</span> <span class='ocrx_word' id='word_1_277' title='bbox 903 3503 970 3584; x_wconf 80' lang='lat' dir='ltr'>fiet,</span> <span class='ocrx_word' id='word_1_278' title='bbox 995 3511 1033 3566; x_wconf 81' lang='lat' dir='ltr'>ut</span> <span class='ocrx_word' id='word_1_279' title='bbox 1047 3502 1137 3566; x_wconf 78' lang='lat' dir='ltr'>velut</span> <span class='ocrx_word' id='word_1_280' title='bbox 1151 3501 1334 3567; x_wconf 83' lang='lat' dir='ltr'>haereticus</span> <span class='ocrx_word' id='word_1_281' title='bbox 1348 3507 1382 3566; x_wconf 85' lang='lat' dir='ltr'>et</span> 
     </span>
     <span class='ocr_line' id='line_1_30' title="bbox 80 3601 1381 3696; baseline -0.003 -20"><span class='ocrx_word' id='word_1_282' title='bbox 80 3601 145 3691; x_wconf 75' lang='lat' dir='ltr'>ipss</span> <span class='ocrx_word' id='word_1_283' title='bbox 157 3609 338 3676; x_wconf 81' lang='lat' dir='ltr'>demnettm</span> <span class='ocrx_word' id='word_1_284' title='bbox 380 3610 474 3674; x_wconf 80' lang='lat' dir='ltr'>Haeo</span> <span class='ocrx_word' id='word_1_285' title='bbox 485 3610 558 3696; x_wconf 78' lang='lat' dir='ltr'>ipra</span> <span class='ocrx_word' id='word_1_286' title='bbox 571 3611 653 3676; x_wconf 87' lang='lat' dir='ltr'>ratio</span> <span class='ocrx_word' id='word_1_287' title='bbox 665 3621 725 3692; x_wconf 83' lang='lat' dir='ltr'>est,</span> <span class='ocrx_word' id='word_1_288' title='bbox 744 3629 848 3694; x_wconf 85' lang='lat' dir='ltr'>quare</span> <span class='ocrx_word' id='word_1_289' title='bbox 860 3611 890 3675; x_wconf 87' lang='lat' dir='ltr'>ei</span> <span class='ocrx_word' id='word_1_290' title='bbox 903 3609 979 3694; x_wconf 82' lang='lat' dir='ltr'>qais</span> <span class='ocrx_word' id='word_1_291' title='bbox 993 3609 1029 3674; x_wconf 93' lang='lat' dir='ltr'>iu</span> <span class='ocrx_word' id='word_1_292' title='bbox 1048 3607 1211 3674; x_wconf 75' lang='lat' dir='ltr'>haeresim</span> <span class='ocrx_word' id='word_1_293' title='bbox 1224 3607 1381 3690; x_wconf 84' lang='lat' dir='ltr'>inciderit,</span> 
     </span>
     <span class='ocr_line' id='line_1_31' title="bbox 78 3713 1381 3802; baseline 0 -20"><span class='ocrx_word' id='word_1_294' title='bbox 78 3713 191 3782; x_wconf 80' lang='lat' dir='ltr'>deiude</span> <span class='ocrx_word' id='word_1_295' title='bbox 202 3717 320 3789; x_wconf 84' lang='lat' dir='ltr'>eadem</span> <span class='ocrx_word' id='word_1_296' title='bbox 333 3717 493 3782; x_wconf 74' lang='lat' dir='ltr'>haeresim</span> <span class='ocrx_word' id='word_1_297' title='bbox 509 3717 713 3802; x_wconf 71' lang='lat' dir='ltr'>abjuraverit,</span> <span class='ocrx_word' id='word_1_298' title='bbox 738 3718 856 3785; x_wconf 86' lang='lat' dir='ltr'>iterum</span> <span class='ocrx_word' id='word_1_299' title='bbox 870 3728 981 3784; x_wconf 82' lang='lat' dir='ltr'>autem</span> <span class='ocrx_word' id='word_1_300' title='bbox 1004 3715 1176 3782; x_wconf 81' lang='lat' dir='ltr'>haereticis</span> <span class='ocrx_word' id='word_1_301' title='bbox 1187 3715 1297 3782; x_wconf 82' lang='lat' dir='ltr'>sarcre</span> <span class='ocrx_word' id='word_1_302' title='bbox 1312 3735 1381 3801; x_wconf 84' lang='lat' dir='ltr'>per·</span> 
     </span>
     <span class='ocr_line' id='line_1_32' title="bbox 80 3825 1386 3914; baseline 0.002 -22"><span class='ocrx_word' id='word_1_303' title='bbox 80 3835 140 3906; x_wconf 75' lang='lat' dir='ltr'>get,</span> <span class='ocrx_word' id='word_1_304' title='bbox 154 3827 306 3909; x_wconf 79' lang='lat' dir='ltr'>puniatur</span> <span class='ocrx_word' id='word_1_305' title='bbox 319 3843 425 3910; x_wconf 80' lang='lat' dir='ltr'>poena</span> <span class='ocrx_word' id='word_1_306' title='bbox 437 3826 648 3910; x_wconf 76' lang='lat' dir='ltr'>raiupeurrrrm</span> <span class='ocrx_word' id='word_1_307' title='bbox 669 3845 741 3910; x_wconf 65' lang='lat' dir='ltr'>cap,</span> <span class='ocrx_word' id='word_1_308' title='bbox 756 3829 786 3892; x_wconf 73' lang='lat' dir='ltr'>iit</span> <span class='ocrx_word' id='word_1_309' title='bbox 803 3845 884 3894; x_wconf 79' lang='lat' dir='ltr'>vars.</span> <span class='ocrx_word' id='word_1_310' title='bbox 900 3827 964 3896; x_wconf 82' lang='lat' dir='ltr'>iiis</span> <span class='ocrx_word' id='word_1_311' title='bbox 982 3846 1110 3914; x_wconf 75' lang='lat' dir='ltr'>quoquc</span> <span class='ocrx_word' id='word_1_312' title='bbox 1123 3825 1165 3891; x_wconf 83' lang='lat' dir='ltr'>de</span> <span class='ocrx_word' id='word_1_313' title='bbox 1179 3827 1330 3892; x_wconf 84' lang='lat' dir='ltr'>haeretic.</span> <span class='ocrx_word' id='word_1_314' title='bbox 1344 3826 1386 3894; x_wconf 87' lang='lat' dir='ltr'>iu</span> 
     </span>
     <span class='ocr_line' id='line_1_33' title="bbox 80 3935 1380 4022; baseline -0.001 -22"><span class='ocrx_word' id='word_1_315' title='bbox 80 3935 110 4000; x_wconf 85' lang='lat' dir='ltr'>fi.</span> <span class='ocrx_word' id='word_1_316' title='bbox 123 3937 253 4004; x_wconf 77' lang='lat' dir='ltr'>Etenim</span> <span class='ocrx_word' id='word_1_317' title='bbox 265 3939 473 4022; x_wconf 72' lang='lat' dir='ltr'>subsequens</span> <span class='ocrx_word' id='word_1_318' title='bbox 481 3939 614 4006; x_wconf 83' lang='lat' dir='ltr'>animae</span> <span class='ocrx_word' id='word_1_319' title='bbox 625 3937 760 4004; x_wconf 78' lang='lat' dir='ltr'>ferentii</span> <span class='ocrx_word' id='word_1_320' title='bbox 770 3939 940 4004; x_wconf 77' lang='lat' dir='ltr'>haereticis</span> <span class='ocrx_word' id='word_1_321' title='bbox 950 3939 1084 4022; x_wconf 86' lang='lat' dir='ltr'>junctus</span> <span class='ocrx_word' id='word_1_322' title='bbox 1098 3953 1177 4004; x_wconf 84' lang='lat' dir='ltr'>curu</span> <span class='ocrx_word' id='word_1_323' title='bbox 1187 3935 1380 4021; x_wconf 83' lang='lat' dir='ltr'>praeceden-</span> 
     </span>
     <span class='ocr_line' id='line_1_34' title="bbox 82 4047 1391 4133; baseline 0.002 -25"><span class='ocrx_word' id='word_1_324' title='bbox 82 4053 113 4108; x_wconf 87' lang='lat' dir='ltr'>te</span> <span class='ocrx_word' id='word_1_325' title='bbox 124 4047 246 4114; x_wconf 80' lang='lat' dir='ltr'>haeresi</span> <span class='ocrx_word' id='word_1_326' title='bbox 260 4058 338 4113; x_wconf 87' lang='lat' dir='ltr'>utut</span> <span class='ocrx_word' id='word_1_327' title='bbox 349 4049 507 4133; x_wconf 60' lang='lat' dir='ltr'>abiurata,</span> <span class='ocrx_word' id='word_1_328' title='bbox 520 4049 555 4113; x_wconf 91' lang='lat' dir='ltr'>iu</span> <span class='ocrx_word' id='word_1_329' title='bbox 569 4063 671 4114; x_wconf 82' lang='lat' dir='ltr'>eausa</span> <span class='ocrx_word' id='word_1_330' title='bbox 685 4059 742 4130; x_wconf 80' lang='lat' dir='ltr'>eet,</span> <span class='ocrx_word' id='word_1_331' title='bbox 757 4059 794 4114; x_wconf 90' lang='lat' dir='ltr'>ut</span> <span class='ocrx_word' id='word_1_332' title='bbox 805 4059 1030 4132; x_wconf 65' lang='lat' dir='ltr'>praesumatur</span> <span class='ocrx_word' id='word_1_333' title='bbox 1043 4049 1199 4114; x_wconf 82' lang='lat' dir='ltr'>simulata</span> <span class='ocrx_word' id='word_1_334' title='bbox 1213 4047 1391 4132; x_wconf 64' lang='lat' dir='ltr'>abjuratim</span> 
     </span>
    </p>
   </div>
   <div class='ocr_carea' id='block_1_9' title="bbox 81 4152 1522 4243">
    <p class='ocr_par' dir='ltr' id='par_1_10' title="bbox 81 4152 1522 4243">
     <span class='ocr_line' id='line_1_35' title="bbox 81 4152 1522 4243; baseline 0.004 -23"><span class='ocrx_word' id='word_1_335' title='bbox 81 4160 303 4242; x_wconf 68' lang='lat' dir='ltr'>etperviemia</span> <span class='ocrx_word' id='word_1_336' title='bbox 326 4160 361 4232; x_wconf 81' lang='lat' dir='ltr'>in</span> <span class='ocrx_word' id='word_1_337' title='bbox 374 4159 502 4225; x_wconf 80' lang='lat' dir='ltr'>haeresi</span> <span class='ocrx_word' id='word_1_338' title='bbox 525 4176 610 4243; x_wconf 86' lang='lat' dir='ltr'>pene</span> <span class='ocrx_word' id='word_1_339' title='bbox 620 4159 866 4226; x_wconf 71' lang='lat' dir='ltr'>demonstretur.</span> <span class='ocrx_word' id='word_1_340' title='bbox 909 4157 954 4224; x_wconf 86' lang='lat' dir='ltr'>Ut</span> <span class='ocrx_word' id='word_1_341' title='bbox 974 4159 1148 4224; x_wconf 73' lang='lat' dir='ltr'>haereticis</span> <span class='ocrx_word' id='word_1_342' title='bbox 1164 4155 1380 4243; x_wconf 83' lang='lat' dir='ltr'>patrocinium</span> <span class='ocrx_word' id='word_1_343' title='bbox 1518 4152 1522 4158; x_wconf 77' lang='grc'><strong>’</strong></span> 
     </span>
    </p>
   </div>
   <div class='ocr_carea' id='block_1_10' title="bbox 6 4265 1381 4638">
    <p class='ocr_par' dir='ltr' id='par_1_11' title="bbox 6 4265 1381 4638">
     <span class='ocr_line' id='line_1_36' title="bbox 81 4265 1379 4357; baseline 0.001 -27"><span class='ocrx_word' id='word_1_344' title='bbox 81 4267 750 4352; x_wconf 63' lang='lat' dir='ltr'>omnedeuegarotursjarnearerautolim</span> <span class='ocrx_word' id='word_1_345' title='bbox 763 4267 985 4357; x_wconf 74' lang='lat' dir='ltr'>Imperatores,</span> <span class='ocrx_word' id='word_1_346' title='bbox 1000 4265 1215 4333; x_wconf 79' lang='lat' dir='ltr'>uteeteusore</span> <span class='ocrx_word' id='word_1_347' title='bbox 1227 4265 1379 4332; x_wconf 81' lang='lat' dir='ltr'>destime·</span> 
     </span>
     <span class='ocr_line' id='line_1_37' title="bbox 82 4365 1380 4455; baseline 0.003 -19"><span class='ocrx_word' id='word_1_348' title='bbox 82 4373 229 4455; x_wconf 67' lang='lat' dir='ltr'>remeet</span> <span class='ocrx_word' id='word_1_349' title='bbox 244 4377 274 4440; x_wconf 76' lang='lat' dir='ltr'>ii.</span> <span class='ocrx_word' id='word_1_350' title='bbox 289 4373 419 4441; x_wconf 67' lang='lat' dir='ltr'>cedde</span> <span class='ocrx_word' id='word_1_351' title='bbox 428 4375 551 4440; x_wconf 78' lang='lat' dir='ltr'>haeret.</span> <span class='ocrx_word' id='word_1_352' title='bbox 592 4365 682 4440; x_wconf 79' lang='lat' dir='ltr'>Eum</span> <span class='ocrx_word' id='word_1_353' title='bbox 694 4373 738 4440; x_wconf 88' lang='lat' dir='ltr'>oh</span> <span class='ocrx_word' id='word_1_354' title='bbox 750 4391 819 4440; x_wconf 81' lang='lat' dir='ltr'>rem</span> <span class='ocrx_word' id='word_1_355' title='bbox 833 4375 1124 4442; x_wconf 63' lang='lat' dir='ltr'>&#39;lmoecntiae‘dlh</span> <span class='ocrx_word' id='word_1_356' title='bbox 1145 4373 1331 4451; x_wconf 72' lang='lat' dir='ltr'>Advocatio,</span> <span class='ocrx_word' id='word_1_357' title='bbox 1346 4384 1380 4440; x_wconf 88' lang='lat' dir='ltr'>et</span> 
     </span>
     <span class='ocr_line' id='line_1_38' title="bbox 6 4477 1381 4638; baseline -0.001 -88"><span class='ocrx_word' id='word_1_358' title='bbox 6 4615 12 4626; x_wconf 30' lang='grc' dir='ltr'>Ι</span> <span class='ocrx_word' id='word_1_359' title='bbox 80 4477 258 4552; x_wconf 65' lang='lat' dir='ltr'>Senum</span> <span class='ocrx_word' id='word_1_360' title='bbox 269 4483 661 4576; x_wconf 67' lang='lat' dir='ltr'>maismhemasuir</span> <span class='ocrx_word' id='word_1_361' title='bbox 674 4483 1381 4638; x_wconf 48' lang='lat' dir='ltr'>hauoieoruqupspopipipnlrpeatopcmm</span> 
     </span>
    </p>
   </div>
   <div class='ocr_carea' id='block_1_11' title="bbox 0 0 1575 4984">
    <p class='ocr_par' dir='ltr' id='par_1_12' title="bbox 0 0 1575 4984">
     <span class='ocr_line' id='line_1_39' title="bbox 0 0 1575 4984; baseline 0 0"><span class='ocrx_word' id='word_1_362' title='bbox 0 0 1575 4984; x_wconf 95' lang='lat' dir='ltr'> </span> 
     </span>
    </p>
   </div>
  </div>
 </body>
</html>
