3276 4984
204 367 246 437 66
357 407 372 438 ,-
548 391 791 440 orssarurarro
814 391 989 452 sachunu,
1012 391 1089 438 cae.
1111 369 1204 439 IL·
1283 413 1285 419 ·

202 516 283 598 quin
298 533 419 598 exque
445 515 633 578 contrahere
649 514 718 578 sine
734 513 801 578 ulla
816 512 930 597 injuria
956 515 1144 597 conjugium
1158 523 1289 597 queant,
1316 513 1358 578 ad
1373 533 1507 598 sponsa·

203 621 247 684 lia
268 623 366 684 etiam
393 623 462 684 sine
478 621 544 684 ulla
570 622 686 704 injuria
710 621 932 684 contrahenda
954 623 1174 686 admittantur:
1201 623 1285 686 aliae
1310 611 1376 687 non
1401 642 1505 708 aerque

202 745 279 798 sunt
294 733 428 813 habiles,
446 733 601 802 nimirum
616 733 642 796 si
658 733 901 796 matrimonium
916 733 1119 812 contrahant,
1147 734 1395 814 matrimonium,
1407 736 1504 818 juxta

203 839 389 904 scholarum
413 839 557 922 phrasim
581 839 730 904 validum
753 840 887 922 quidem
912 851 970 918 est,
995 840 1053 904 sed
1079 840 1236 906 illicitum.
1287 841 1409 923 Opinor
1434 861 1504 924 ego,

204 953 352 1018 eamdem
381 973 451 1015 esse
477 953 511 1016 in
537 953 696 1035 proposito
721 963 753 1016 et
775 951 970 1016 matrimonii
1000 961 1032 1014 et
1054 951 1256 1033 sponsalium
1279 950 1504 1031 conditionem,

204 1071 241 1126 ut
256 1070 420 1142 propteroa
441 1059 542 1122 instar
556 1059 759 1138 matrimonii,
784 1059 882 1124 etiam
897 1059 1061 1142 sponsalia
1086 1059 1217 1123 valeant
1241 1059 1284 1122 ad
1299 1061 1505 1124 sustinendos

204 1168 365 1250 quosdam
380 1167 498 1250 publici
508 1168 589 1250 juris
604 1168 746 1249 effectus,
761 1187 843 1250 quos
859 1169 1024 1251 sponsalia
1038 1169 1206 1250 inducunt,
1228 1170 1505 1252 quemadmodum

204 1277 351 1358 superius
366 1275 406 1338 de
431 1275 671 1357 sponsalibuss
694 1275 904 1341 ,filiofamilias
928 1279 998 1340 sine
1020 1290 1152 1361 paterno
1176 1299 1338 1342 consensu
1362 1292 1505 1344 contrac-

205 1389 245 1450 tis
271 1386 475 1450 disserebam.
534 1385 647 1467 Itaque
671 1387 698 1450 si
726 1388 800 1468 quis
828 1387 907 1452 sorte
933 1399 1003 1471 post
1032 1389 1170 1472 simplex
1200 1401 1311 1454 votum
1341 1395 1504 1456 contineu-

204 1497 267 1560 tiae
281 1498 437 1560 emissum
461 1498 625 1580 sponsalia
639 1499 815 1578 contrahat,
840 1511 897 1562 aut
912 1499 966 1562 det
992 1501 1193 1583 sponsalium
1216 1501 1316 1566 fidem
1334 1505 1398 1583 uni,
1420 1515 1502 1586 post-

197 1625 302 1687 quam
327 1605 465 1670 similem
488 1604 587 1668 fidem
610 1604 702 1668 alteri
727 1605 857 1686 dederit,
873 1625 938 1670 non
954 1606 1073 1686 dubito,
1089 1609 1170 1690 quin
1184 1627 1224 1670 ea
1239 1609 1404 1690 sponsalia
1419 1611 1501 1674 vires

201 1714 266 1778 sint
281 1714 439 1795 habitura;
456 1713 541 1794 quod
559 1713 691 1776 minime
706 1725 839 1793 constet,
855 1714 969 1778 eadem
985 1715 1071 1778 rrrita
1086 1713 1211 1805 legibus
1225 1712 1395 1777 declarari.
1439 1715 1501 1778 Ne-

199 1846 263 1908 que
278 1845 430 1908 opponas,
445 1845 519 1887 eam
533 1823 761 1906 obligationem
788 1845 852 1888 non
867 1845 960 1908 posse
976 1823 1157 1903 consistere,
1182 1844 1267 1907 quae
1291 1826 1361 1888 sine
1384 1825 1501 1890 delicto

198 1932 312 2012 nequit
326 1929 368 1993 ad
383 1931 533 1995 effectum
550 1931 689 2012 perduci;
716 1933 836 1996 etenim
861 1933 938 1996 huic
964 1931 1145 1996 difficultati
1155 1935 1225 2016 jam
1240 1935 1389 2016 superius
1402 1935 1500 2000 etiam

200 2038 321 2102 saetam
346 2039 433 2118 satis,
459 2058 536 2102 cum
559 2038 600 2102 de
624 2039 906 2104 filiorumfamilias
935 2041 1140 2124 sponsalibus
1168 2061 1308 2124 agerem.
1351 2043 1501 2108 Tantum

200 2147 272 2210 heic
301 2145 424 2230 adjici0,
454 2157 485 2208 et
514 2147 628 2210 eadem
657 2145 880 2212 drffioultatem
909 2149 943 2212 in
971 2159 1134 2212 contracto
1162 2151 1313 2233 conjugio
1327 2169 1498 2234 occurrere.

198 2258 291 2331 Quid
306 2261 402 2338 enim,
418 2259 445 2322 si
471 2259 527 2341 qui
555 2271 668 2324 votum
694 2261 833 2343 simplex
858 2261 1073 2326 continentiae
1087 2261 1202 2341 emisit,
1217 2261 1406 2345 conjuginm
1420 2262 1500 2327 cele

196 2369 280 2433 breti
324 2369 440 2434 Nonne
455 2368 625 2434 vinculum
641 2369 790 2454 conjugii,
815 2380 848 2433 et
869 2369 1022 2453 obligatio
1046 2368 1292 2434 contrahentem
1307 2379 1401 2449 tenet,
1426 2369 1501 2435 licet

195 2497 318 2542 vovens
335 2477 419 2541 licite
443 2488 583 2560 nequeat
608 2479 725 2543 ductae
747 2478 876 2564 conjugi
899 2477 1114 2541 commisceril
1157 2479 1272 2548 Quam
1295 2479 1497 2559 sententiam

194 2599 227 2652 et
236 2587 554 2674 jurisffidefinitionem
569 2589 701 2672 quando
727 2588 945 2670 explicabunt,
972 2587 1029 2667 qui
1054 2596 1167 2650 contra
1192 2585 1272 2650 forte
1297 2587 1337 2651 de
1366 2587 1498 2671 sponsa'-

197 2697 282 2762 libus
297 2697 461 2777 senserint,
486 2698 635 2761 noverint
656 2697 763 2776 etiam,
789 2693 937 2760 eamdem
953 2695 1217 2778 explanationem
1232 2693 1327 2760 facile
1342 2694 1498 2779 sponsali·

194 2805 256 2869 bus
271 2803 516 2868 accommodari.
560 2803 734 2867 Difficilius
752 2803 812 2866 erit
836 2797 977 2882 delinire,
1002 2819 1046 2866 an
1060 2821 1100 2864 ea
1115 2801 1280 2885 sponsalia
1290 2811 1447 2884 tanquam
1461 2801 1497 2864 il-

194 2911 284 2978 licita
298 2913 363 2976 sint
385 2911 551 2976 habandei
594 2911 639 2975 Et
663 2909 931 2994 distinguendum
956 2927 1073 2972 censeo
1098 2908 1180 2971 inter
1202 2925 1345 2986 causam,
1367 2917 1400 2970 et
1420 2923 1497 2970 can·

193 3041 274 3104 sam,
289 3042 356 3106 qna
369 3021 519 3106 conjugia
533 3020 750 3106 prohibentur,
765 3037 842 3084 cnm
857 3017 923 3081 alia
949 3015 1051 3100 possit
1070 3033 1175 3080 causa
1189 3015 1239 3080 sui
1262 3021 1379 3078 natura
1394 3031 1503 3098 perpe-

192 3151 250 3200 tua
275 3153 355 3216 esse,
384 3133 450 3197 alia
476 3143 561 3198 certo
590 3143 730 3214 tempore
759 3129 902 3210 definita,
932 3148 971 3192 ac
1003 3125 1258 3210 circumscripta,
1280 3125 1346 3192 alia
1360 3124 1503 3210 deniqne

192 3245 228 3310 in
241 3253 365 3308 certum
389 3253 527 3326 tempus,
551 3251 746 3304 eventumve
771 3237 898 3303 collata.
941 3237 1006 3302 Ubi
1031 3255 1134 3300 causa
1150 3233 1345 3320 prohibendi
1361 3235 1503 3320 conjugii

193 3359 346 3434 perpetua
360 3359 417 3429 est,
432 3347 542 3412 illicite
567 3347 731 3438 sponsalia
744 3347 984 3426 contrahentur,
1012 3353 1193 3428 propterea
1208 3342 1294 3426 qnod
1311 3343 1367 3425 qui
1382 3361 1505 3428 sponsa

193 3461 238 3526 lia
252 3474 330 3524 tunc
352 3457 583 3538 contraherent,
609 3459 642 3522 in
668 3469 772 3523 certas
794 3457 952 3542 conjugiis
978 3457 1101 3540 positas
1129 3455 1217 3538 leges
1243 3453 1430 3538 delinquere
1454 3455 1506 3522 in·

191 3568 343 3650 ciperem,
358 3568 434 3630 c'nm
449 3563 490 3628 de
504 3585 538 3629 re
553 3565 652 3630 vetita
665 3567 850 3647 cogitarent.
895 3563 932 3628 ld
959 3563 1071 3626 evenit
1093 3581 1144 3626 ex.
1170 3581 1215 3644 gr.
1242 3559 1275 3626 in
1290 3561 1497 3644 sponsalibus

192 3676 237 3744 ab
265 3695 303 3740 co
332 3673 428 3754 initis,
454 3685 512 3738 aut
533 3673 589 3757 qui
615 3675 729 3744 votum
754 3671 893 3756 simplex
922 3671 1138 3736 continentiae
1163 3670 1270 3735 emisit
1294 3681 1494 3752 perpetuum,

193 3795 252 3854 cut
266 3784 323 3867 qui
333 3785 403 3867 jarn
428 3801 504 3846 cnm
528 3782 629 3846 altera
653 3781 818 3866 sponsalia
842 3781 1011 3860 contraxit,
1036 3795 1122 3863 quae
1147 3763 1288 3860 necdum
1314 3779 1377 3842 siut
1392 3778 1495 3862 legiti-

192 3913 245 3962 me
260 3895 428 3975 dissolutam
444 3911 646 3976 quamquem
660 3894 748 3956 enim
763 3891 963 3975 sponsalium
977 3889 1147 3956 vinculum
1170 3872 1304 3952 dissolvi
1317 3887 1411 3950 certis
1426 3905 1494 3954 mo

188 4008 241 4093 dis
252 4009 323 4091 iure
347 4005 455 4089 possit,
481 4015 597 4086 suapte
626 4015 736 4068 tamen
762 4013 878 4068 natura
900 4003 1049 4087 exemplo
1073 3999 1214 4085 conjugii
1230 4009 1419 4085 perpetuum
1434 4011 1493 4081 est,

186 4139 292 4202 neque
307 4118 381 4182 licet
395 4116 504 4180 animo
518 4117 709 4200 praevenire
723 4135 796 4180 earn
811 4116 1063 4194 dissolutionem,
1078 4134 1120 4180 ne
1144 4112 1248 4178 facilis
1269 4115 1397 4178 occasio
1410 4115 1495 4180 scin·

181 4205 298 4298 dendis
313 4247 512 4314 sponsorum
538 4227 656 4292 animis
678 4230 874 4312 praebeatur,
900 4238 933 4291 et
950 4227 1064 4313 jurgiis
1087 4223 1295 4290 concitandis.
1338 4225 1401 4290 Ubi
1416 4241 1496 4290 cau·

187 4361 229 4428 sa
241 4325 375 4406 vetandi
393 4337 533 4424 conjugii
557 4349 607 4403 ost
630 4348 715 4404 certo
738 4349 878 4421 tempore
891 4335 1138 4418 circumscripta,
1153 4334 1279 4416 qrroties
1293 4333 1375 4400 nihil
1389 4333 1491 4414 aliud,

192 4469 293 4542 quam
308 4459 430 4516 certum
445 4448 532 4516 idem
546 4459 683 4534 tempus,
707 4444 926 4528 conuehendo
950 4442 1154 4510 matrimonio
1179 4441 1271 4525 obsit,
1295 4429 1379 4510 ndito
1394 4459 1491 4527 sporr-
