3210 4990
193 379 256 446 104
508 403 751 448 emanantem
772 403 947 466 saonnnn,
967 404 1120 454 ecanae.
1143 383 1183 450 V.

190 531 237 586 ter
251 519 342 587 aliud
357 521 418 590 sibi
431 525 620 608 eonjugium
634 535 809 606 quaereret,
824 544 890 608 quo
904 536 1015 590 secuto
1029 527 1087 610 qui
1100 526 1299 594 monasticae
1315 526 1402 592 vitae
1415 527 1500 594 obn·

190 627 448 694 studiosissimus
477 629 662 713 adparebat,
691 643 724 695 et
751 634 951 717 aronjngali
966 635 1035 698 vita
1063 635 1199 716 alienus,
1230 635 1343 700 statim
1368 647 1401 700 et
1428 638 1499 721 ipse

191 736 293 800 alium
308 737 369 801 sibi
382 739 554 822 conjugem
574 751 748 820 quaereret,
775 751 808 804 et
834 743 1031 824 propositum
1061 744 1259 809 monasticae
1288 744 1496 828 professionis

190 865 257 911 non
272 857 341 911 tam
368 847 525 932 adjiceret,
554 868 656 931 quam
670 867 705 912 se
721 869 903 931 numquam
931 850 1085 915 habuisse
1105 852 1287 916 manifestis
1301 853 1429 918 indiciis
1444 853 1498 918 de-

190 954 335 1020 clareret
378 957 453 1020 Non
468 957 550 1022 haee
566 968 683 1022 temere
698 956 885 1038 dictasunt,
900 977 962 1022 nec
977 961 1179 1044 conjecturiis
1208 962 1436 1026 tantummodo
1450 963 1499 1027 in-

190 1066 348 1148 nitentum
364 1068 487 1133 etenim
498 1087 628 1132 rursum
642 1067 831 1150 exemplum
845 1067 944 1152 hujus
960 1069 1003 1132 rei
1017 1069 1226 1152 perspicuum
1235 1070 1361 1152 profero
1368 1083 1401 1134 et
1409 1071 1499 1154 apud

189 1175 348 1240 eumdum
361 1176 588 1242 Alexandrum
602 1177 671 1258 111„
686 1183 707 1242 t
721 1178 815 1260 eujus
830 1179 1026 1260 temporibus
1055 1180 1101 1244 ita
1115 1180 1283 1246 suadenda
1299 1191 1388 1248 reeta
1402 1183 1498 1246 inter-

190 1287 367 1368 pretatione
382 1305 448 1350 non
463 1285 586 1367 recedo,
614 1287 650 1350 in
665 1306 735 1370 cap.
752 1287 781 1350 5.
797 1287 855 1369 qui
884 1285 969 1350 Gler.
984 1288 1038 1352 vel
1067 1307 1195 1370 voven,
1211 1291 1267 1356 ubi
1280 1311 1356 1356 enm
1371 1291 1499 1358 mulieri

190 1391 323 1456 cuidam
338 1404 411 1476 post
436 1394 601 1477 sponsalia
629 1404 793 1458 contracta
822 1411 961 1477 sponsus
990 1397 1091 1460 semel
1119 1397 1243 1462 electus
1273 1397 1499 1480 displicuisset,

190 1521 258 1568 non
272 1503 488 1568 continentiae
503 1502 682 1568 servandae
697 1501 865 1583 desiderio,
881 1502 938 1568 sad
953 1522 994 1567 ne
1008 1513 1174 1588 cogeretur
1188 1503 1296 1568 eidem
1305 1522 1424 1586 sponso
1437 1521 1502 1567 uu-

190 1611 273 1690 bere,
289 1612 369 1694 ipsa,
385 1610 419 1674 in
434 1610 590 1676 manibus
607 1611 780 1695 eujusdam
808 1612 960 1676 eremitae
992 1620 1103 1674 votum
1131 1609 1355 1674 continentiae
1381 1607 1501 1688 abnuit,

190 1722 270 1804 quin
286 1733 394 1788 tamen
409 1733 467 1788 ant
481 1721 599 1802 locum,
615 1732 676 1788 aut
689 1733 814 1787 vestem
828 1732 976 1804 mutaret
1007 1731 1238 1804 proptereaque
1265 1739 1345 1786 oum
1372 1720 1425 1784 bis
1440 1731 1504 1784 ter·

186 1829 459 1912 giversationibus
474 1845 632 1911 sponsum
646 1847 684 1891 eo
709 1827 910 1909 adduxisset,
926 1839 962 1892 ut
976 1827 1077 1892 aliam
1091 1827 1152 1892 sibi
1166 1828 1338 1912 conjugem
1353 1827 1499 1907 sociaret,

188 1949 221 2002 et
236 1939 307 2022 ipsa
321 1937 431 2002 statim
445 1937 549 2005 animi
562 1947 722 2002 secretum
742 1936 890 2022 prodidit,
905 1935 1086 2020 postulans,
1115 1946 1151 2000 ut
1180 1934 1262 2000 alias
1291 1945 1422 2018 nuptias
1436 1935 1500 2000 sibi

187 2047 269 2115 inire
283 2046 399 2110 liceret
443 2046 517 2111 Hae
531 2065 610 2114 sane
625 2045 764 2128 fraudes,
780 2047 901 2130 quibus
915 2055 948 2108 et
962 2063 1082 2128 sponso
1106 2043 1242 2112 dimisso
1255 2044 1375 2129 injuria
1387 2044 1498 2124 iamt,

188 2167 222 2224 et
235 2156 380 2221 ementiti
394 2156 614 2226 continentiae
630 2157 697 2220 voti
726 2156 835 2240 gravis
850 2153 1034 2238 emergebat
1048 2154 1181 2234 abusus
1196 2152 1400 2236 religiosique
1429 2171 1502 2236 prr>

187 2265 284 2350 positi
298 2275 510 2348 contemptus,
527 2283 594 2330 non
608 2275 701 2330 eraut
729 2265 798 2330 ullo
813 2262 909 2330 modo
924 2261 1084 2343 ferendae,
1113 2262 1301 2345 praesertim
1329 2261 1386 2328 ubi
1394 2263 1500 2347 jusit»

188 2374 330 2438 randum
351 2373 558 2458 sponsalibus
573 2374 770 2438 accessisset.
822 2373 1050 2444 Quamobrem
1062 2391 1159 2438 nemo
1188 2391 1256 2438 nou
1270 2370 1418 2452 videtin
1445 2370 1502 2436 his

187 2501 366 2568 cansarum
380 2483 541 2567 adjunctis
556 2501 622 2548 non
638 2482 701 2546 nisi
721 2479 971 2564 prudentissime
997 2479 1181 2546 stabilitum
1206 2483 1228 2546 a
1257 2475 1414 2543 Pontifiee
1429 2475 1502 2542 tto

187 2589 277 2654 ximo
289 2587 400 2670 fuisse,
414 2607 501 2669 oum,
516 2589 574 2671 qui
588 2587 827 2654 meditabantur
849 2588 1037 2672 religionem
1050 2585 1184 2670 ingredi,
1199 2585 1385 2671 postulante
1399 2603 1498 2669 spon-

187 2719 225 2764 sa
238 2711 271 2764 et
284 2699 489 2784 sponsalium
501 2715 533 2764 et
541 2697 751 2783 jurisjurandi
787 2697 888 2764 fidem
903 2700 1016 2770 datam
1051 2697 1189 2782 impleri,
1227 2697 1327 2762 teneri
1354 2697 1502 2782 primm

187 2808 231 2874 ad
246 2809 489 2874 matrimonium
503 2805 773 2890 conuehendum,
793 2805 912 2875 deinde
941 2807 969 2872 si
999 2805 1144 2886 voluerit,
1175 2823 1270 2888 posse
1297 2803 1341 2870 sd
1370 2805 1503 2872 Mones

163 2959 164 2964 κ
188 2919 305 2984 terium
320 2921 465 3002 transire3
482 2921 527 2984 ita
540 2921 631 2986 enim
665 2919 771 3000 fiebat,
808 2928 845 2982 ut
870 2935 937 2984 non
951 2917 1079 2984 altore
1113 2917 1323 3002 sponsalibus
1356 2916 1502 2998 resiliret,

187 3032 331 3114 quamsi
346 3049 465 3110 revera,
480 3029 608 3094 et'serio
636 3027 820 3094 monacbus
834 3026 904 3094 fieri
932 3025 1098 3107 volitisset,
1119 3027 1221 3092 immo
1248 3025 1323 3090 etsi
1343 3024 1503 3109 professio

186 3156 253 3202 non
265 3150 450 3222 sequeretur
464 3139 506 3202 ob
517 3137 633 3218 ‘datam
650 3138 722 3223 jam
735 3135 878 3221 conjugii
906 3134 1015 3216 fidem,
1040 3135 1096 3216 illi,
1113 3136 1167 3200 eui
1195 3135 1275 3200 obm
1288 3132 1388 3200 fidem
1402 3152 1502 3200 snam

182 3249 391 3335 jurejurando
405 3249 630 3330 obstrinxerat,
646 3259 678 3313 et
690 3266 759 3314 non
773 3247 827 3312 alii
839 3249 1029 3331 jungeretur
1044 3245 1151 3310 uxori.
1191 3244 1291 3310 Dicat
1310 3261 1400 3310 nnnc
1413 3242 1504 3327 qni}

187 3377 296 3442 quam,
333 3358 388 3422 cui
423 3357 502 3421 satis
537 3355 667 3440 plaeere
699 3374 766 3420 non
801 3355 905 3438 potuit
922 3353 1099 3420 Alexandri
1125 3353 1189 3420 111.
1204 3354 1404 3438 mscriptnrn
1417 3369 1501 3436 pta·

188 3487 330 3550 eumque
354 3477 386 3531 et
410 3466 621 3550 sponsalium,
647 3476 680 3528 et
698 3463 909 3549 jurisjurandi
934 3462 1128 3547 obligatione
1161 3461 1307 3528 solutum
1329 3479 1409 3542 esse,
1440 3460 1503 3544 qni

187 3577 404 3640 monasticam
417 3577 521 3640 uitem
535 3576 641 3658 elegit,
657 3575 814 3656 quoniam
836 3583 869 3638 et
882 3579 903 3638 t
927 3573 1125 3638 matrinronii
1139 3583 1224 3636 esset
1240 3572 1437 3656 obligatione
1451 3591 1505 3637 eo

187 3689 286 3766 lutus,
303 3688 333 3750 si
349 3687 591 3752 matrimonium
609 3685 829 3750 contraxisset
856 3684 948 3768 ‘Ego
962 3703 1124 3768 reponam,
1155 3703 1222 3749 non
1236 3684 1329 3748 aliter
1351 3683 1502 3748 sufficere

189 3793 232 3856 ad
247 3793 443 3857 solutionem
457 3803 640 3858 mntraetae
654 3793 860 3876 obligationis
875 3793 1074 3856 monasticas
1091 3791 1386 3871 vitaealectionem‚
1398 3811 1504 3874 qnam

189 3919 217 3962 ει
231 3919 307 3964 cum
323 3900 439 3964 effectu
454 3901 635 3964 monastica
663 3899 819 3984 professio
833 3900 1058 3982 subsequatur,
1101 3898 1145 3962 At
1174 3898 1301 3980 quoties
1329 3907 1502 3981 praetextu

177 4013 387 4076 monasticae
402 4013 491 4075 vitae
503 4011 672 4093 eligendae
683 4013 758 4094 quis
773 4017 794 4077 t
820 4021 925 4074 vetere
939 4009 1144 4093 sponsalium
1158 4009 1292 4072 vinculo
1306 4009 1450 4074 solutum
1465 4029 1504 4074 ss

188 4131 287 4202 putet,
305 4131 340 4183 ut
354 4121 417 4184 alio
433 4122 663 4204 seobstringat,
680 4139 744 4184 non
760 4129 809 4182 est
824 4125 844 4186 a
859 4119 959 4182 saeris
973 4119 1154 4184 canonibus
1177 4117 1311 4183 ferenda
1333 4119 1504 4204 huJ'uemo·

190 4224 223 4286 di
239 4223 418 4308 disciplina,
433 4246 518 4308 quae
532 4229 566 4291 in
582 4227 646 4292 fide
671 4229 750 4291 data
764 4247 830 4292 non
846 4227 881 4291 in
898 4225 1017 4292 melius
1032 4226 1276 4307 commutanda
1307 4227 1365 4292 sed
1393 4229 1509 4294 verius

188 4356 221 4402 m
237 4335 426 4420 frangenda,
441 4337 660 4421 violandaque
675 4340 839 4402 consistat
863 4363 866 4392 ε
883 4340 1000 4420 Atque,
1016 4347 1052 4402 ut
1077 4336 1188 4402 adhuc
1216 4339 1337 4404 clarius
1367 4350 1506 4422 conda

189 4467 229 4514 ao
242 4459 407 4533 spectasse
422 4459 566 4518 mentem
587 4449 768 4526 Alexandri
781 4451 841 4516 111.
856 4450 891 4516 in
905 4449 995 4516 dieto
1021 4469 1096 4535 cap.
1115 4451 1174 4532 la,
1189 4453 1324 4526 obseram
1338 4452 1513 4538 imprimis,
