3216 4988
215 403 288 486 '212
358 428 364 468 l
456 428 1349 508 arasaarum,nrsseasrrroaaarrr,euelli..

198 565 445 648 -petrsationem
461 567 604 646 obtineri,
630 565 908 650 quemadmodum
926 569 1007 631 inter
1031 583 1173 632 caeteros
1189 583 1326 634 eventus
1348 571 1448 634 maore
1461 569 1503 636 nri·

207 673 317 738 'litum
335 673 497 736 incastris
522 676 767 756 constituturum
786 679 946 755 usuvenit,
962 697 1099 758 qrrorum
1117 669 1228 760 gratia,
1254 679 1280 739 oi
1298 673 1389 740 facilc
1405 677 1441 740 ad
1456 675 1502 739 Ec·

222 785 355 849 alesiam
371 784 523 846 accedere
540 797 712 866 nequeunt,
730 785 898 847 delinitum
916 799 972 862 est,
994 797 1029 848 ut
1044 786 1095 848 vel
1113 785 1251 866 subdio,
1271 787 1319 848 vel
1337 787 1367 848 in
1384 787 1503 848 tentoriis

222 915 313 960 sacra
329 895 537 957 Errebaristia
562 893 759 972 conficiatur,
775 913 846 956 cau.
874 893 923 957 30.
941 894 981 956 de
996 908 1169 958 consecrat.
1195 895 1267 958 dist.
1285 897 1323 970 l.,
1346 881 1456 976 quibus
1468 909 1502 954 ta-

221 1019 296 1069 men
313 1009 346 1066 in
361 1003 491 1067 casibus
517 985 697 1065 ornandum
714 1021 839 1084 semper
853 1013 910 1080 est,
938 1017 973 1066 ut
989 1003 1100 1067 decore
1122 1025 1215 1067 sacra
1231 1005 1392 1088 mysteria,
1413 1002 1502 1086 quoad

135 1139 138 1144 ·
221 1108 292 1176 fleri
306 1113 414 1192 possit,
441 1122 624 1188 tractentur,
652 1110 798 1194 nihilque
814 1110 1010 1190 admittatur,
1033 1113 1065 1174 in
1083 1131 1147 1194 qno
1163 1113 1386 1176 irreverentiae
1407 1113 1436 1174 in
1452 1127 1504 1173 tan·

222 1223 292 1281 tum
308 1221 556 1314 Sacramentum
583 1219 672 1293 locus
688 1218 860 1301 aperiatur3
887 1221 1081 1304 eamqueob
1097 1241 1162 1284 reru
1186 1233 1349 1304 receptum
1365 1233 1418 1297 eat,
1435 1221 1501 1282 utin

220 1331 547 1414 mariuavigantibns
574 1331 706 1392 minime
723 1330 925 1411 permittatur
950 1351 1028 1394 usus
1044 1333 1155 1395 altaris
1172 1335 1336 1417 portatilia,
1360 1334 1390 1395 in
1407 1353 1464 1415 qun
1476 1331 1501 1393 in

220 1439 297 1499 navi
314 1449 416 1520 posito
429 1435 621 1500 conficiatur
640 1435 854 1520 ttrreuariuia}
879 1459 954 1502 cum
970 1442 1098 1503 evenire
1114 1441 1291 1522 aliqnando
1307 1443 1412 1522 possit,
1428 1453 1457 1502 ut
1470 1459 1502 1503 ex

219 1546 315 1610 navis
330 1547 503 1628 agitatione
531 1545 610 1625 inter
626 1547 750 1610 medios
776 1545 895 1609 fluctus
910 1551 1112 1628 constitutae,
1140 1569 1230 1612 sacer
1244 1551 1331 1613 calix
1357 1547 1502 1612 effusionis

218 1652 359 1736 periculo
375 1654 571 1736 subjiciatur.
1105 1659 1106 1664 ’

262 1762 370 1826 Altera
382 1761 562 1826 observatio
572 1763 697 1847 respicit
707 1773 843 1847 tempus,
856 1783 921 1847 quo
931 1781 1021 1828 sacra
1041 1760 1246 1828 Eucharistia
1259 1765 1300 1828 sit
1309 1761 1501 1828 conficienda.

199 1865 306 1959 'Olim
323 1869 355 1930 in
370 1887 567 1951 unaquaque
581 1871 729 1935 Ecclesia
744 1874 841 1936 semel
856 1883 982 1936 tautum
999 1876 1031 1937 in
1047 1875 1099 1936 die
1115 1873 1215 1937 Missa
1229 1873 1450 1950 celebrabatur,
1466 1873 1501 1936 uti

217 1973 313 2038 facile
324 1987 448 2040 constet
463 1997 504 2042 ex
519 1998 590 2042 cau.
608 1981 678 2046 ltt.
693 1979 734 2043 de
746 2001 832 2044 cuns.
845 1983 917 2045 dist.
933 1985 963 2046 2.
976 1985 1068 2066 cnjus
1083 1985 1232 2047 verines
1249 1982 1499 2046 Autissiodoreusi

217 2083 365 2148 Concilio
380 2087 510 2150 saeculo
533 2101 625 2152 sexto
639 2090 800 2153 celebrato
815 2091 961 2154 derivata
978 2095 1021 2155 ita
1033 2107 1109 2156 sunt
1120 2095 1343 2156 describenda:
1360 2093 1428 2158 Nou
1441 2093 1501 2156 licet

216 2196 779 2280 superatioalturiinnnddieduos
791 2199 1044 2265 Missosdiceie:
1054 2201 1251 2278 becellaria,
1261 2196 1319 2263 ubi
1329 2199 1500 2284 Episcopus

218 2307 347 2373 Missas
355 2309 486 2388 dicerit,
495 2317 534 2373 ut
544 2311 723 2394 Presbyter
732 2313 769 2375 in
777 2307 838 2374 itta
847 2313 901 2375 die
912 2311 1041 2375 Missae
1049 2312 1147 2375 dieat.
1162 2309 1499 2394 Hincpraestiunaerat
1543 2385 1548 2398 ·

215 2415 295 2480 hora
309 2417 406 2495 tertia,
419 2417 487 2481 sive
496 2417 582 2498 quod
596 2419 771 2499 rationique
783 2417 823 2481 de
835 2421 951 2502 poprrlo
962 2417 1160 2482 commodior
1169 2415 1339 2493 videretur,
1352 2417 1415 2478 sive
1424 2410 1498 2488 orrod

216 2521 330 2586 eadem
348 2523 428 2586 liora
443 2525 550 2606 aptius
566 2543 615 2587 res
630 2525 785 2589 coleretur
799 2529 954 2589 memoria
970 2523 1200 2590 Crucifixionis
1215 2523 1355 2603 Domini,
1370 2543 1432 2586 cao.
1446 2519 1501 2594 ta,

212 2640 247 2693 'ot
263 2633 312 2695 52
329 2632 472 2695 decons
488 2634 560 2696 dist.
582 2637 615 2709 l,
628 2637 703 2698 itom
719 2635 862 2717 exceptis
877 2633 991 2697 diebus
1001 2633 1122 2718 jejunii,
1147 2631 1265 2714 quibus
1280 2633 1380 2696 Sacra
1393 2629 1501 2694 debant

215 2741 295 2806 itura
306 2761 402 2820 noua,
418 2761 489 2806 ceo.
500 2742 549 2806 50.
561 2743 647 2808 dicto
662 2743 734 2806 dist.
753 2747 790 2822 1.,
806 2745 883 2806 item
898 2742 1042 2824 exceptis
1056 2741 1316 2805 solemnitatibus
1331 2737 1503 2804 Natiuitatis

133 2856 135 2865 ¹
218 2851 357 2931 Domini,
376 2851 554 2931 paschatis,
569 2865 600 2914 et
615 2835 829 2932 Pentecostes,
853 2853 972 2934 quibus
988 2852 1197 2934 praecedente
1220 2864 1313 2914 nocte
1328 2851 1419 2914 Sacra
1431 2845 1504 2908 llere

214 2963 458 3026 concedebatur.
502 2963 593 3028 Haec
619 2963 790 3046 disciplina
815 2963 910 3028 hodic
936 2963 1004 3027 lieri
1031 2963 1181 3044 exolevit;
1212 2963 1330 3026 etenim
1359 2958 1502 3022 solemnia

215 3073 318 3134 noctis
334 3072 511 3158 Paschalis,
537 3083 568 3135 et
584 3071 790 3135 pentecostes
815 3072 856 3134 ad
878 3091 974 3135 maue
999 3071 1259 3154 praecedentium
1286 3067 1502 3132 sabbatbornm

216 3181 372 3244 translata
395 3195 481 3262 sunu
508 3183 691 3244 incaeteris
717 3181 796 3242 hora
813 3181 862 3242 vel
879 3167 1035 3243 noctuina
1062 3180 1095 3242 in
1111 3177 1166 3242 die
1182 3163 1369 3241 Dominicae
1390 3173 1502 3240 Nativi-

151 3289 156 3302 ’
215 3297 298 3372 tatis,
317 3294 366 3356 vel
392 3295 483 3356 tertia
499 3293 681 3356 incaeteris
706 3289 942 3370 festivitatibus,
971 3291 1020 3353 vel
1037 3293 1123 3354 riona
1139 3292 1171 3354 in
1187 3289 1303 3353 diebus
1321 3289 1424 3373 jejunii
1437 3297 1503 3348 tan·

216 3415 284 3471 turn
302 3417 448 3469 servatur
472 3403 514 3468 ad
530 3417 645 3493 veteris
659 3403 851 3488 disciplinae
872 3403 1054 3484 uestigium,
1071 3402 1126 3465 ubi
1142 3413 1255 3484 agatur
1278 3402 1320 3464 de
1336 3401 1434 3466 blissis
1447 3415 1503 3478 pu·

190 3520 194 3531 '
215 3517 316 3591 blicis,
333 3497 606 3578 seusolemnilus
628 3515 670 3576 ab
687 3513 867 3597 Episcopis,
882 3512 1050 3595 Capitulis,
1067 3511 1228 3595 collegiis,
1252 3526 1285 3576 et
1301 3511 1441 3575 Paucbis
1455 3527 1503 3570 ec·

216 3621 388 3684 lebrandis.
432 3619 547 3684 Statim
564 3641 603 3683 ac
627 3619 713 3682 onim
732 3621 837 3682 visum
852 3617 914 3682 'suit
938 3619 1110 3682 commodo
1125 3620 1299 3682 Christiani
1324 3617 1426 3702 populi
1438 3627 1505 3675 stu·

215 3732 290 3795 dere
305 3729 527 3813 multiplicatis
541 3729 752 3794 sacerdotum
768 3727 891 3805 officiis,
907 3739 1040 3790 cautum
1057 3739 1112 3806 est,
1131 3737 1166 3791 ut
1181 3734 1200 3792 a
1217 3747 1347 3790 summo
1361 3743 1448 3790 mane
1464 3719 1504 3784 ad

96 3833 106 3855 ⁸
214 3841 386 3917 meridiem¹
398 3841 586 3907 Sacerdotes
611 3839 726 3904 caeteri
749 3839 953 3918 celebrarent,
982 3849 1016 3903 ut
1031 3837 1133 3902 Missa
1160 3839 1290 3922 publica
1305 3851 1338 3902 et
1362 3835 1507 3902 solemnis

215 3968 307 4015 oratis
323 3951 417 4026 horis,
434 3949 527 4011 tertia
539 3960 571 4010 ot
586 3965 672 4011 nona
687 3967 751 4010 nou
769 3947 955 4023 turbaretur,
971 3963 1043 4008 can.
1060 3947 1110 4008 51.
1126 3945 1166 4008 de
1178 3964 1266 4009 cous,
1282 3945 1356 4010 dist.
1374 3949 1406 4020 1.,
1414 3943 1507 4027 jirrrc·

213 4069 247 4124 to
262 4075 332 4139 cap.
347 4057 378 4121 2.
405 4055 445 4119 de
460 4055 635 4118 Parochiis.
679 4052 730 4116 Ad
748 4053 902 4116 rationem
928 4069 1057 4134 qunque
1083 4054 1233 4133 temporis
1261 4055 1399 4136 pertinet,
1417 4047 1506 4130 qrtod

214 4179 375 4232 statutum
390 4164 538 4248 legimus,
555 4182 618 4226 non
633 4181 724 4245 possa
738 4160 936 4236 Sacerdotem,
954 4159 1015 4222 nisi
1033 4158 1132 4222 semel
1148 4161 1179 4221 in
1197 4158 1257 4238 die,
1275 4154 1510 4221 lincharistiatn

214 4277 382 4354 munnere,
408 4283 542 4354 excepta
558 4272 759 4334 solemnitate
785 4267 912 4333 Natalis
929 4267 1070 4346 Domini,
1096 4285 1161 4348 qua
1179 4277 1225 4328 tor
1250 4263 1512 4328 calcamenes

215 4387 415 4470 permittitur,
432 4401 500 4466 cap.
513 4383 553 4459 3.,
568 4395 600 4445 et
617 4383 664 4445 12.
677 4382 718 4444 de
728 4381 877 4445 celebrat.
895 4379 1030 4456 Missae,
1042 4397 1114 4441 can.
1127 4379 1176 4440 53.
1193 4377 1234 4443 de
1245 4393 1380 4441 conseer.
1394 4369 1470 4434 tter.
1484 4369 1510 4431 l.

214 4493 287 4561 uon
303 4507 353 4556 est
377 4501 485 4556 tamen
501 4490 726 4571 dubitandum,
751 4491 832 4574 quin
847 4491 941 4554 cortis
966 4489 999 4552 in
1017 4487 1096 4553 locis
1110 4491 1258 4555 Paroclto
1285 4489 1374 4554 liceat
1386 4495 1429 4547 ex
1445 4481 1513 4544 sin-
