3216 4988
368 473 427 526 ,ns
444 472 583 522 seuero
598 475 713 518 curru
732 471 1061 528 sacasuuuroaair.
1308 446 1371 512 205

97 595 150 680 byt.
163 613 219 659 aon
235 591 348 678 baptiz.
375 598 496 674 omissa
512 595 640 662 suerunt
666 600 766 667 rerba
781 596 844 674 illa,
869 605 899 662 et
914 616 1032 668 amires,
1058 596 1138 680 quos
1151 597 1251 676 prius
1265 591 1370 677 bapti·

95 703 180 764 sorit.
221 702 261 764 Ut
277 723 386 767 rennu
404 703 512 782 fatear,
539 723 642 767 canon
660 706 740 767 istae
755 705 920 768 derivatus
936 701 1061 766 ridetur
1084 721 1125 764 ex
1143 701 1368 767 poenitentiali

95 810 236 872 'theodori
261 813 514 886 cantuariensis,
558 801 703 876 Observ'o
721 826 830 880 autern
858 809 1024 892 imprimis,
1049 808 1259 894 Theodorum
1287 807 1371 870 Cau·

94 924 264 985 turriensem
282 925 401 986 vixisse
416 945 453 986 eo
470 938 619 1006 tempora,
634 944 698 1005 quo
715 925 858 988 noudum
875 925 1007 986 onmiuo
1029 921 1163 987 delinita
1180 921 1282 985 frtrrut
1297 939 1372 982 eou-

94 1036 225 1094 troversia
240 1032 302 1110 illa,
318 1053 360 1094 au
377 1033 557 1115 baptizatus
572 1033 736 1110 diceretur,
760 1033 814 1112 qui
831 1038 851 1095 a
867 1051 929 1094 uon
948 1031 1107 1112 baptizato
1121 1030 1370 1092 Sacramentum

92 1141 273 1220 baptismatis
287 1143 490 1224 strseepisset3
508 1161 546 1204 ac
562 1154 726 1224 propterea
742 1139 890 1202 debuisse
905 1159 981 1202 enm
996 1159 1154 1202 canonem
1173 1141 1203 1200 iu
1223 1138 1371 1200 recentio-

91 1245 163 1305 ribus
177 1246 414 1324 collectionibus
430 1259 500 1328 post
511 1247 733 1310 definitionem
748 1246 982 1308 controversiae
999 1243 1170 1308 reformari:
1187 1243 1303 1304 deinde
1319 1243 1372 1306 ob·

89 1357 294 1433 annalibus
312 1360 426 1421 tentari
443 1339 770 1438 [ressurrecturum
788 1377 851 1420 uou
869 1375 1048 1420 sermonem
1067 1356 1243 1420 instituisse
1258 1355 1298 1416 de
1315 1356 1370 1418 its·
1436 1431 1442 1442 Ι

89 1463 174 1524 raudo
189 1465 387 1545 baptismatis
412 1466 631 1542 Sacramento,
658 1465 713 1526 sed
731 1467 837 1546 potios
853 1465 893 1528 dc
909 1464 1062 1528 iterandis
1084 1464 1287 1564 baptismatis
1302 1483 1372 1526 cae·

89 1579 228 1654 reuiouiis,
253 1599 338 1660 quas
354 1579 410 1640 rite
436 1580 567 1660 implere
593 1591 795 1661 nonpoterat
818 1579 959 1642 necdum
987 1579 1178 1659 baptizatus.
1222 1577 1258 1640 Id
1276 1575 1371 1640 facila

87 1685 185 1746 suadet
199 1705 316 1768 scopus
343 1685 517 1760 Theodori,
543 1687 598 1768 qui
615 1689 733 1768 agebat
758 1689 789 1748 in
807 1687 1027 1767 poenitentiali
1048 1703 1107 1748 suo
1123 1705 1187 1748 nou
1204 1685 1243 1748 de
1259 1685 1386 1748 Sacra·v

89 1807 180 1854 mento
195 1795 405 1877 baptismatis,
431 1795 486 1858 sed
506 1794 546 1856 de
571 1797 691 1858 ratione
717 1794 936 1858 satisfaciendi
955 1795 1023 1858 Deo
1049 1815 1103 1878 per
1128 1796 1369 1876 poenitentiario

85 1918 164 1963 nenio
178 1915 284 1968 autem
303 1906 436 1987 ignorat,
459 1906 710 1968 cathecumenos
727 1917 801 1966 aute
816 1917 1004 1984 susceptum
1019 1905 1180 1986 baptisma
1204 1905 1300 1968 variis
1314 1923 1370 1968 ex·

85 2010 261 2088 piationibus
287 2031 327 2074 eo
342 2022 482 2094 tempore
504 2014 710 2076 consuevisse
737 2013 872 2095 purgari.
917 2011 955 2074 Id
971 2027 1133 2094 praeterea
1160 2009 1276 2072 suadet
1295 2027 1369 2072 con·
1394 2065 1397 2072 ,

85 2128 176 2182 textus
190 2123 373 2202 verborum
390 2141 467 2184 nam
483 2122 516 2204 iu
531 2141 601 2203 cap.
617 2121 646 2184 2.
664 2119 904 2184 Paenitentialis
926 2119 1014 2201 apud
1030 2119 1170 2182 l'etitom
1186 2119 1230 2180 ita
1245 2118 1371 2199 legium

84 2225 244 2312 Presbyter
249 2233 441 2315 sorrst'eans,
466 2233 498 2295 si
510 2241 688 2316 postquam
712 2239 897 2314 compertus
911 2232 1030 2314 suerit,
1054 2231 1286 2314 baptizaberit,
1313 2230 1370 2292 ite·

81 2355 146 2399 rura
159 2339 371 2423 baptizentur
388 2341 447 2416 itti,
465 2359 544 2424 quos
559 2340 756 2422 baptizavit.
791 2339 832 2402 ur·
848 2341 922 2424 quis
937 2341 1116 2422 Presbyter
1131 2341 1303 2404 ordinatus
1318 2317 1400 2403 deo*

78 2447 237 2525 prehendit
251 2471 289 2512 se
315 2470 381 2512 aon
395 2469 463 2512 esse
488 2448 706 2530 baptizatum,
723 2449 921 2532 baptizetur,
948 2458 978 2512 et
996 2451 1166 2522 ordiretur
1192 2450 1322 2526 iterum,
1337 2455 1371 2513 et

81 2570 185 2630 amaa,
201 2577 283 2638 quas
295 2557 397 2640 prius
412 2556 604 2638 baptibavit.
649 2554 702 2616 Ex
719 2555 770 2618 his
784 2555 890 2636 liquet,
906 2555 1116 2620 Theodorum
1132 2575 1235 2636 aeque
1251 2555 1370 2620 voluis·

78 2661 328 2742 rebaptizandos
343 2682 413 2728 esse
428 2683 491 2742 eos,
506 2665 562 2744 qni
578 2669 600 2726 a
614 2681 677 2726 uon
695 2663 863 2743 baptizato,
888 2684 926 2727 ac
941 2667 996 2746 qui
1012 2671 1032 2730 a
1047 2677 1212 2746 peccatore
1226 2665 1368 2747 baptiza·

78 2770 95 2826 ti
109 2765 247 2835 inissent„
295 2773 338 2835 At
353 2769 445 2834 aliter
470 2791 533 2836 non
551 2791 725 2854 possumus
740 2772 917 2854 intelligere
943 2771 1155 2834 Theodorum
1170 2771 1210 2834 dc
1227 2771 1367 2854 baptiza·

76 2874 139 2941 risa
156 2881 285 2960 publico
313 2893 486 2963 peccatore,
503 2899 602 2961 qttam
628 2873 827 2960 uterederet,
854 2901 924 2944 esse
940 2882 1012 2944 illos
1038 2883 1131 2946 novis
1156 2883 1369 2950 caeremoniis

73 2988 251 3082 expiandos,
268 3010 312 3052 ue
338 2991 487 3051 videatur
501 2989 695 3052 Theodorus
723 2989 833 3072 lapsus
849 2991 881 3052 in
908 2985 1066 3052 haeresini
1087 2989 1214 3073 jatudtu
1231 2991 1366 3052 dotrina-

73 3102 129 3157 tatu
144 3102 317 3162 occasione
343 3099 594 3175 Donatistarum,
620 3111 651 3160 et
667 3099 961 3181 Atrabaptistarutn.
1007 3099 1108 3180 Igitur
1129 3097 1366 3162 endemrntodo
1399 3099 1404 3110 '

71 3210 229 3272 coinnrode
245 3209 460 3274 Theodorum
483 3209 770 3290 interpretabimur,
788 3209 840 3272 ubi
857 3228 1037 3272 sermonem
1054 3209 1191 3272 instituit
1210 3207 1250 3270 de
1265 3209 1365 3292 bapti·

70 3317 141 3378 zatis
156 3323 174 3380 a
191 3337 256 3380 nou
277 3319 445 3400 baptizato.
490 3318 558 3386 Qui
575 3318 668 3399 plura
682 3316 850 3396 desiderat,
873 3337 911 3378 ea
926 3315 1068 3380 inveniet
1083 3315 1115 3378 iu
1133 3316 1212 3378 meis
1232 3314 1365 3376 adnota·
1452 3317 1454 3322 ’

70 3425 199 3490 tionibus
210 3427 461 3522 inflictionem
477 3427 517 3488 ad
536 3426 685 3490 laudatos
699 3447 842 3490 rationes
856 3427 915 3505 59,
930 3439 962 3490 ot
977 3427 1028 3490 60.
1043 3445 1132 3490 cans.
1150 3427 1177 3490 1.
1193 3439 1316 3508 quaest.
1334 3425 1362 3494 l.

442 3681 557 3800 AD
621 3677 986 3796 TITULOS

232 3947 235 3954 ⁴
328 3947 381 4014 De
400 3945 620 4012 Celebratione
636 3945 830 4014 Missurum.
853 3946 921 4009 libr.
938 3947 965 4010 ‘t.
984 3947 1029 4010 tit.
1045 3946 1096 4010 tt.

326 4057 380 4122 De
399 4057 560 4122 Custodia
584 4055 830 4122 Eucharistiae.
855 4055 922 4118 libr.
938 4057 967 4118 3.
984 4055 1030 4117 tit.
1045 4053 1097 4116 tt.

61 4163 124 4376 IN
149 4309 370 4375 sacrosancto
387 4309 614 4374 Eucharistiae
641 4309 850 4373 Sacramenta
865 4305 930 4369 duo
955 4305 1132 4390 singularia
1152 4303 1362 4388 deprehendi

60 4437 137 4484 urus.
182 4424 333 4488 Primum
349 4435 406 4498 est,
433 4421 518 4503 qnod
545 4422 678 4491 caeteris
701 4419 919 4483 Sacroineutis
946 4429 1082 4500 praestet
1108 4417 1263 4500 dignitate
1288 4436 1359 4497 sita,

59 4547 157 4608 quam
172 4551 242 4598 non
260 4529 368 4595 solunt
384 4531 520 4614 gratiani
538 4529 571 4592 ia
587 4527 836 4613 strscipientibns
851 4537 978 4610 augeat,
1005 4528 1060 4592 sed
1077 4529 1173 4591 etiam
1190 4529 1223 4592 iu
1239 4547 1273 4590 se
1287 4544 1360 4596 cau·
