3168 4982
142 443 188 487 aa
212 443 405 504 consuens,
428 445 559 493 aursus
582 439 719 490 osmer·
742 443 989 489 uacessr‘runo
1010 429 1277 487 coeuaarouuir.
1333 416 1394 483 19⁷

101 565 184 646 quod
198 567 283 629 obex
297 567 356 629 iste
370 568 527 650 conjugiis
550 585 714 646 novercae,
729 577 787 629 aut
802 563 905 629 vitrici
931 563 1146 648 praestitutus,
1164 563 1197 626 in
1213 563 1397 644 antiquissi-

103 693 152 736 rno
167 675 387 738 Romanorum
399 677 478 759 jure,
501 674 579 738 forte
594 675 692 738 etiam
718 675 759 736 ad
775 673 1067 757 interpretationem
1077 671 1158 756 juris
1173 670 1327 752 gentium,
1343 689 1398 752 po-

101 782 197 844 situm
221 783 471 848 fundamentum
495 785 600 862 babet,
627 783 647 846 l.
665 785 713 848 15.
740 783 772 846 ff.
796 784 837 846 de
862 783 926 844 ritu
950 781 1088 864 nuptiar.
1134 779 1248 862 Neque
1262 781 1350 842 euim
1365 777 1399 842 in

102 892 220 974 nuptiis
237 905 364 956 tautum
388 893 588 956 considerare
602 902 724 974 oportet
745 891 909 974 generales
924 887 1085 972 quasdam
1095 889 1176 971 juris
1191 886 1296 949 editus
1311 903 1399 968 prae-

100 1003 270 1084 ceptiones,
286 1003 343 1066 sed
368 1005 465 1066 etiam
479 1002 716 1085 inspiciendum
730 1012 787 1078 est,
814 999 901 1082 quod
915 999 1091 1062 honesturn
1113 1000 1163 1077 sit,
1186 1014 1288 1078 quum
1303 1015 1400 1078 quae·

100 1110 176 1176 darn
192 1131 262 1174 esse
278 1111 453 1195 singularia
467 1116 598 1194 possint,
615 1129 699 1192 quae
714 1109 885 1192 effugerint
905 1107 1105 1191 generalium
1119 1107 1229 1189 legum
1246 1120 1400 1184 auctores,

100 1229 128 1278 et
142 1218 187 1280 ad
202 1237 288 1300 quae
312 1237 378 1281 non
393 1217 486 1280 iac-ile
512 1201 669 1300 generalis
685 1217 738 1280 lex
764 1219 915 1304 conjugia
930 1217 1092 1298 quaedam
1115 1217 1303 1297 permittens
1318 1225 1401 1299 pr'or·

101 1326 230 1408 rigatur,
257 1327 278 1389 l.
294 1327 344 1390 42.
371 1327 402 1390 ff.
419 1327 459 1390 de
475 1329 537 1392 ritu
562 1331 758 1410 nuptiarum,
787 1327 805 1389 l.
834 1326 913 1405 144,
930 1338 961 1389 et
977 1327 1047 1389 197.
1074 1325 1106 1387 ff.
1123 1325 1164 1388 de
1189 1327 1289 1408 regul.
1312 1329 1402 1410 juris.

100 1435 198 1498 Recte
213 1437 330 1499 saltem
354 1437 462 1500 dicam
477 1455 553 1500 curu
571 1437 672 1499 Paulo
699 1437 731 1499 in
748 1436 767 1498 l.
786 1435 834 1498 14.
853 1439 874 1503 l.
891 1435 920 1500 3.
937 1436 969 1498 ff.
994 1435 1034 1498 de
1050 1439 1112 1500 ritu
1128 1450 1227 1519 nupt,
1244 1443 1280 1502 in
1295 1461 1331 1504 re
1345 1441 1404 1504 dit-

100 1549 153 1612 bia
167 1549 302 1626 certitas,
319 1556 349 1610 et
373 1547 551 1611 umdestitts
565 1555 621 1625 est,
637 1545 829 1631 bujtmmodi
853 1547 984 1630 nuptiis
1000 1547 1178 1626 abstinere·
1193 1531 1281 1628 quod
1293 1561 1327 1610 et
1342 1559 1405 1611 sta·

101 1666 204 1720 tuerat
220 1655 355 1718 laudata
369 1675 460 1718 sacra
475 1655 689 1737 congregatio
704 1653 792 1735 apud
807 1653 965 1736 Ursajam,
989 1654 1068 1714 dum
1085 1671 1171 1714 anno
1186 1655 1403 1734 praecedente,

99 1763 202 1842 idest,
222 1765 313 1827 1720.
330 1764 382 1826 die
396 1765 426 1826 3.
442 1765 590 1845 Augusti,
606 1763 732 1825 monuit
747 1762 947 1844 Episcopum
966 1759 1197 1838 consulentem,
1214 1771 1249 1822 ut
1264 1773 1405 1824 contrac-

101 1884 188 1935 turos
203 1879 226 1937 ἐ
240 1873 460 1936 contrahendo
484 1871 633 1956 conjugio
654 1869 863 1950 dissuaderet,
891 1871 938 1933 uti
954 1871 1064 1952 legitur
1094 1871 1128 1934 in
1153 1871 1331 1953 appendice
1355 1891 1406 1932 ca-

99 2003 197 2044 suum
222 1963 352 2064 adjecta
373 1983 530 2063 operibus.
574 1981 624 2042 De
647 1979 749 2042 Justis
764 1981 798 2041 in
823 1975 962 2040 editione
987 1978 1128 2040 Luceusi
1144 1995 1217 2060 pag.
1248 1978 1328 2039 mihi
1344 1977 1405 2042 37..

97 2105 302 2168 quamquam
329 2073 523 2151 contrarium
539 2089 732 2170 rescripserit
756 2104 845 2150 auno
861 2088 962 2166 1721,
980 2090 1025 2150 uti
1048 2086 1196 2169 superius
1211 2085 1334 2150 dictum
1350 2089 1407 2169 est',

98 2206 188 2256 mota
202 2193 283 2256 sorte
298 2215 340 2257 ex
355 2195 573 2277 singularibus
588 2193 705 2277 speciei
719 2193 899 2277 propositae
915 2193 1085 2276 adjunctis.

137 2305 258 2384 Itaque
274 2321 387 2366 verum
401 2299 632 2386 est,'exemplo
651 2304 944 2385 consanguinitatis
971 2301 1173 2366 adfinitatem
1199 2305 1408 2369 constitutam

97 2433 177 2494 esse,
195 2431 262 2494 qua
288 2413 492 2476 matrimonia
507 2413 746 2495 impedirentur.
791 2411 923 2476 Exinde
946 2411 1011 2476 duo
1037 2414 1145 2476 statim
1161 2413 1409 2496 proficiscuntur
1432 2431 1433 2434 ’

96 2521 309 2600 consectariau
337 2536 473 2601 quorum
501 2519 642 2602 primum
666 2531 721 2599 est,
748 2521 846 2584 etiam
870 2539 912 2582 ex
927 2520 1044 2602 copula
1070 2519 1182 2584 illicita
1205 2519 1409 2584 adfinitatem

97 2631 200 2709 nasci,
217 2629 357 2691 alterum
381 2641 438 2709 est,
454 2629 656 2692 adfinitatem
682 2629 963 2710 supervenientem
987 2629 1108 2710 nuptiis
1133 2627 1212 2692 olim
1237 2629 1408 2692 contractis

14 2747 16 2828 ζ
97 2739 333 2823 impedimento
362 2759 427 2803 nou
457 2760 535 2802 esse.
592 2741 737 2804 Primum
766 2739 1001 2804 consectarium
1032 2740 1237 2822 perspicuum
1266 2741 1409 2804 redditur

14 2843 15 2866 ³
95 2851 286 2913 observanti
300 2851 616 2930 consanguinitatem
632 2849 753 2930 nuptiis
779 2849 1009 2932 impedimento
1024 2867 1103 2929 esse,
1119 2851 1258 2913 etiamsi
1274 2869 1411 2914 consan-

14 3011 15 3016 ,
96 2958 211 3042 guinei
227 2957 296 3019 nati
311 2975 376 3020 nou
392 2959 456 3020 sint
470 2977 512 3020 ex
528 2959 679 3039 legitimis
693 2957 823 3040 nuptiis,
843 2957 859 3019 Ι.
876 2957 926 3021 64.
949 2955 981 3020 ff.
998 2957 1039 3020 de
1054 2957 1116 3020 ritu
1131 2957 1277 3037 nuptias,
1294 2969 1325 3020 et
1340 2957 1409 3038 qui·

96 3065 174 3129 dem
192 3067 292 3128 etiam
313 3069 384 3149 jure
401 3077 543 3146 naturae,
571 3067 837 3148 quotiescumque
863 3065 905 3129 de
926 3087 963 3129 eo
988 3067 1092 3148 gradu
1116 3067 1408 3150 consanguinitatis

14 3163 15 3166 ¹
97 3191 225 3261 agatur,
244 3179 277 3240 iu
302 3198 368 3260 quo
384 3177 523 3241 naturali
540 3179 613 3262 jure
628 3178 805 3260 prohibitae
828 3189 936 3242 essent
961 3183 1096 3260 nuptiae
1121 3179 1203 3242 iuter
1217 3181 1410 3262 consangui-

97 3308 177 3350 neos
193 3309 237 3349 ex
248 3287 345 3371 J'ustis
360 3286 482 3368 nuptiis
497 3287 686 3369 progenitos.
714 3285 765 3348 Ad
783 3303 849 3349 rem
864 3287 989 3350 Paulus
1011 3287 1031 3350 J
1035 3286 1257 3349 ureoonsultus
1272 3287 1306 3350 in
1320 3287 1340 3349 l.
1359 3287 1412 3359 14..

99 3404 122 3469 i.
138 3403 169 3464 2.
186 3399 220 3464 ff.
238 3401 278 3462 de
296 3401 356 3466 ritu
383 3399 576 3480 nuptiarum,
594 3409 766 3480 postquam
781 3397 912 3461 tradidit
936 3399 1097 3480 quaedam
1114 3398 1154 3460 de
1170 3399 1277 3462 servili
1291 3419 1409 3482 cogna-

98 3511 195 3588 tione,
211 3528 298 3590 quae
320 3527 399 3569 saue
416 3518 462 3570 'ex
473 3508 567 3590 justis
583 3505 704 3587 nuptiis
730 3505 888 3588 proficisci
904 3525 969 3568 non
992 3503 1167 3584 dicebatur,
1182 3517 1214 3567 et
1228 3505 1318 3568 dixit:
1343 3507 1410 3573 Neo

96 3621 202 3703 vulgo
218 3616 526 3704 quaesitamfiliom
537 3623 636 3700 poter
650 3615 820 3679 notrtrolis
830 3621 940 3700 potest
959 3635 1097 3680 acorem
1110 3613 1234 3691 deicere,
1252 3616 1410 3699 quoniam

96 3729 137 3790 in
152 3725 386 3790 contrahendis
411 3723 636 3786 matriamniis
659 3721 815 3786 naturale
831 3723 901 3806 jas,
917 3729 948 3784 et
970 3722 1081 3806 pudor
1110 3723 1339 3805 inspiciendus
1353 3729 1410 3790 esti

98 3845 214 3900 contra
224 3834 392 3918 pudorem
406 3841 454 3895 est
468 3841 586 3909 autem,
594 3832 710 3914 filiam
723 3852 860 3895 oaorem
881 3853 981 3895 sitam
995 3833 1119 3912 ducere,
1136 3833 1305 3918 subjunxit
1320 3851 1411 3914 prae·

98 3955 187 4006 terea
202 3946 237 4007 in
254 3947 276 4010 l.
303 3941 333 4005 3.
382 3939 474 4006 Idem
496 3948 614 4018 tamen,
632 3941 718 4026 quod
731 3943 768 4005 in
793 3941 968 4005 servilibus
983 3945 1235 4025 cognationibus
1256 3945 1411 4008 corstitu-

100 4065 174 4118 tom
188 4063 245 4132 est,
262 4055 366 4116 etiam
380 4051 417 4115 in
430 4051 605 4114 servilibus
620 4049 851 4132 adfinitatibus
861 4051 1063 4114 servandum
1075 4059 1129 4132 esi,
1146 4053 1257 4131 oeltili,
1273 4061 1312 4116 ui
1325 4073 1408 4133 eum,

14 4189 15 4246 j
101 4185 186 4250 oriae
199 4165 238 4227 in
253 4159 461 4227 contubernio
473 4159 587 4244 putris
593 4161 713 4242 fuerit,
730 4161 827 4244 ptiosi
841 4181 1022 4238 novercam,
1038 4181 1104 4224 uon
1115 4162 1224 4244 possit
1238 4159 1362 4238 dacore,
1378 4166 1409 4222 ei

101 4277 223 4348 contra,
240 4289 323 4346 eam,
351 4269 485 4353 quaein
510 4267 716 4331 contubernio
723 4267 920 4350 filiifamit,
932 4275 1067 4352 patrem
1093 4270 1192 4354 quasi
1206 4289 1329 4332 auriam
1344 4291 1411 4334 noa

14 4429 15 4440 .
100 4373 226 4437 ducere.
270 4373 403 4457 AEque
418 4394 474 4436 uec
497 4383 640 4438 matrem
653 4377 733 4461 ejus,
760 4397 862 4464 quom
876 4379 952 4462 quia
967 4380 1002 4442 ia
1031 4381 1187 4442 seruitute
1201 4397 1339 4442 uxorem
1352 4379 1411 4442 Ιια-

14 4483 15 4506 l
102 4485 184 4565 buit,
199 4487 300 4574 quasi
313 4505 458 4566 socrum·
481 4507 556 4550 eum
570 4489 657 4552 euim
673 4489 825 4573 cognatio
847 4491 979 4555 serviis
998 4491 1209 4573 intelligitur,
1227 4509 1410 4576 puerinon
