3134 4984
583 465 632 520 ns
648 466 811 516 ornauit.
1102 479 1107 486 ·
1290 429 1354 508 iil

62 605 127 675 rent,
140 611 179 658 ac
192 592 349 678 puniunt·
387 589 533 664 Quando
548 611 625 656 vero
648 611 723 654 crim
740 591 779 654 iis
794 601 844 653 res
859 577 972 673 agitur,
998 585 1055 670 qui
1070 585 1274 650 definitiones
1290 583 1355 648 Ec·
1371 669 1376 676 υ

62 707 164 770 ctesias
178 719 322 770 temrrere
348 705 479 768 minime
505 703 631 780 debent,
660 703 772 784 paucis
798 699 918 776 dixero,
940 698 1226 783 jamdeclaratum
1250 691 1351 756 fuisse

62 813 272 876 ecclesiasticis
287 811 518 889 sanctionibus
545 811 626 872 haec
641 811 750 874 austria
766 829 838 871 esse
853 810 1010 870 simoniae
1025 802 1154 888 effugia,
1172 823 1210 866 ac
1226 807 1353 886 semper

59 919 86 980 in
100 919 146 981 his
169 914 510 982 omuibus'simoniant
525 917 661 982 admitti.
688 920 724 982 lu
742 937 866 980 catione
890 919 917 980 7.
935 937 1023 979 caris.
1053 918 1080 977 1.
1108 924 1232 996 qriaest.
1261 915 1289 975 3.
1308 913 1353 975 ita

60 1026 169 1108 legitur:
186 1028 227 1092 st
241 1030 318 1113 quis
332 1025 489 1109 obiecerit,
505 1049 569 1119 nou
585 1033 840 1094 consecrationes
855 1031 927 1104 erni,
952 1027 1010 1090 sed
1024 1045 1078 1088 res
1094 1026 1195 1108 ipsas,
1212 1045 1296 1107 queue
1311 1043 1353 1086 eo

59 1139 283 1202 comessatione
304 1127 513 1222 proueniunt,
536 1140 674 1223 pernities
687 1137 835 1221 decipere
846 1137 1021 1221 probatur:
1048 1155 1126 1197 uam
1144 1153 1219 1196 crem
1242 1149 1349 1216 corpo

57 1249 131 1311 ralis
146 1247 304 1326 Ecclesia,
327 1257 389 1312 aut
404 1247 605 1333 Episcopus,
632 1255 693 1310 aul
708 1247 824 1322 Abbas,
852 1253 912 1309 aret
928 1223 994 1307 tale
1015 1243 1145 1327 aliquid
1159 1244 1231 1304 sine
1254 1241 1352 1303 rebus

58 1355 270 1437 corporalibus
295 1357 332 1418 iu
347 1357 442 1423 nulla
456 1357 615 1440 proficiat,
630 1357 718 1420 sicut
731 1377 789 1418 nec
804 1357 920 1418 anima
934 1355 1006 1417 sine
1027 1371 1160 1436 corpore
1175 1351 1350 1435 corporali·

58 1470 100 1525 ter
112 1465 199 1540 uicit,
225 1466 378 1550 qtrisqnis
390 1467 510 1528 bunun
524 1465 669 1546 alterum
682 1467 803 1542 peredit,
830 1467 901 1528 sine
916 1485 979 1548 quo
1000 1485 1057 1526 nec
1081 1463 1224 1526 alterurn
1236 1481 1350 1544 proec-

56 1570 101 1632 uit
122 1579 275 1634 rreutrum
296 1573 510 1638 invenditum
535 1573 741 1660 derelinquit.
785 1575 937 1637 Urbanus
963 1571 1004 1633 Il.
1028 1572 1059 1633 iu
1077 1591 1148 1634 can.
1175 1571 1204 1634 8.
1232 1569 1348 1632 eadem

55 1695 146 1742 caiisa
158 1691 191 1741 et
204 1683 392 1762 quaestione
407 1693 579 1762 postquam
596 1682 772 1760 adnotavit,
790 1699 893 1762 neqtte
905 1681 1012 1761 ipsum
1029 1679 1277 1740 simoniacorum
1293 1693 1348 1756 pu-

55 1801 165 1852 tentem
190 1790 357 1854 Simonem
381 1805 516 1873 magum
542 1792 683 1854 volitisse
708 1791 814 1854 emere
841 1789 1011 1875 Spiritum
1035 1787 1198 1850 Soractem
1210 1793 1350 1870 propter

57 1897 216 1982 sipiritum
231 1897 402 1978 Sotionem,
428 1901 489 1964 sect
500 1901 579 1978 idco,
606 1907 770 1986 potantum
785 1902 821 1964 iu
836 1903 908 1985 ipso
922 1909 1002 1976 erat,
1028 1917 1132 1961 emere
1146 1897 1351 1972 uoluissent

55 2027 90 2072 er
101 2011 285 2074 verditione
297 2011 482 2093 signoruni,
499 2031 657 2096 prosper
672 2011 822 2074 monadem
827 2010 957 2093 fierent,
979 2009 1241 2092 multiplicatam
1252 2027 1349 2090 pecu·

54 2121 139 2183 niam
152 2122 347 2199 lucraretur,
375 2121 545 2185 manifeste
560 2122 678 2201 doctrit,
706 2122 877 2186 simoniam
894 2120 1019 2184 admitti
1046 2137 1254 2202 quocumque
1269 2137 1349 2182 casu

53 2243 86 2286 es
102 2227 289 2306 recidantur,
316 2207 479 2308 emantur,
501 2247 586 2310 quae
601 2247 693 2292 sacra
709 2229 887 2292 ministeria
910 2239 1099 2310 sequuntur.
1145 2227 1246 2288 Erant
1267 2225 1349 2288 haec

49 2333 259 2412 quorumdam
280 2331 402 2418 jntteio
418 2335 595 2416 probabilia
618 2326 955 2419 argumentantibus
983 2335 1157 2396 nitebantur
1179 2331 1349 2394 simoniaci

50 2441 166 2502 aestui
181 2440 354 2518 undecimi,
380 2451 417 2504 ut
432 2439 666 2524 palliocrinren
682 2459 780 2504 sittim
795 2441 987 2523 obtegerent.
1019 2440 1058 2501 lu
1073 2457 1146 2501 cati.
1161 2441 1190 2498 3.
1210 2457 1300 2500 caus.
1315 2431 1347 2500 ’1.

48 2563 168 2629 qttaest.
182 2551 214 2616 2.
228 2552 375 2616 damnati
390 2551 480 2616 luere
496 2563 681 2633 praetextus
695 2551 957 2629 simoniacorum,
980 2549 1100 2630 qtribus
1114 2545 1275 2624 dicebant,
1291 2547 1350 2608 ali·

46 2659 282 2742 qnid-accipere
297 2679 409 2744 sepro
421 2661 521 2744 pallii
535 2661 675 2737 elatioris,
699 2679 755 2741 pro
770 2660 949 2723 traditione
962 2659 1165 2735 obortarum,
1181 2671 1211 2718 et
1227 2675 1283 2737 pro
1298 2641 1357 2734 ea,

45 2781 144 2850 quam
159 2789 244 2832 notra
267 2788 328 2852 per·
342 2769 554 2832 ambitionem
567 2770 740 2832 simulatio
765 2771 944 2846 invenerat,
968 2769 1189 2854 appellatione
1203 2771 1347 2852 pastelli.

43 2875 78 2940 ln
93 2897 222 2942 canone
237 2879 267 2940 i.
282 2877 354 2942 cad.
379 2898 490 2956 cansa,
505 2891 537 2941 et
551 2879 739 2960 quaestione
752 2890 912 2940 statutum
937 2878 1083 2959 legimus,
1108 2889 1141 2940 ut
1161 2897 1224 2940 uon
1241 2879 1347 2942 solum

43 2983 226 3070 Episcopus
251 3005 366 3050 cavere
381 2987 505 3064 debeat,
533 3005 574 3049 nc
590 2965 707 3052 manus
724 2988 960 3070 impositionem
980 2989 1099 3050 relidat
1120 2989 1176 3052 scd
1193 2990 1348 3054 etiamne

40 3096 187 3158 notarius
204 3095 358 3177 Episcopi
380 3105 441 3159 aut
455 3114 562 3160 socam
575 3115 687 3160 ¹suam
700 3097 883 3174 venundet,
911 3105 971 3160 out
985 3098 1164 3160 caloniam.
1206 3097 1349 3176 Alexan·

38 3197 91 3260 der
105 3200 169 3263 111.
185 3201 220 3264 iu
234 3219 305 3282 cap
330 3199 361 3265 4.
376 3200 416 3264 de
431 3203 535 3284 pactis
551 3203 652 3266 velini
676 3205 891 3268 simoniacum
919 3205 1111 3288 improbavit
1128 3217 1267 3287 pacnnn,
1291 3225 1348 3268 seu

37 3311 300 3390 transactionem,
325 3329 391 3394 qua
404 3311 570 3394 litigantes
595 3333 692 3396 super
708 3313 865 3406 inclusio,
892 3316 944 3376 vel
960 3315 1086 3398 capelia
1113 3317 1175 3378 strb
1195 3329 1282 3377 certa
1298 3333 1348 3396 pe·
1421 3311 1423 3316 ’

35 3421 154 3492 cituiae
172 3419 343 3484 traditione
364 3417 454 3484 alite
470 3421 659 3484 recederent.
683 3422 811 3486 Clarius
834 3423 864 3484 in
882 3441 952 3504 cap.
968 3423 989 3485 7
991 3471 998 3485 .
1014 3424 1055 3484 dc
1078 3421 1349 3484 transactionibus

33 3523 153 3586 scribit:
186 3525 299 3610 Super·
313 3547 356 3604 co,
372 3529 458 3612 qrrarl
482 3531 686 3614 quaesivisti,
713 3540 829 3596 utrum
844 3533 884 3596 cle
909 3532 1122 3595 ecclesiastico
1148 3529 1296 3614 berrrpicia
1311 3531 1349 3591 r'n

33 3631 194 3718 litigium
209 3633 347 3704 deducto
367 3641 477 3723 possit
482 3641 564 3724 ficri
589 3645 780 3720 transactio,
808 3646 872 3707 tole
887 3643 1009 3707 damus
1033 3664 1235 3727 responsum,
1260 3641 1347 3727 qnod

31 3747 189 3828 transigi
213 3765 317 3828 super
331 3767 366 3810 re
379 3767 486 3824 sacro,
513 3757 544 3811 et
558 3749 710 3832 litigiosa
734 3771 800 3813 non
822 3759 938 3834 potest,
964 3751 1085 3814 etenim
1106 3771 1159 3812 res
1173 3771 1288 3814 sacrus
1309 3757 1349 3812 ut

25 3851 276 3933 possideantur
301 3852 413 3936 aliquo
427 3854 513 3933 dato,
540 3858 736 3938 velrotento,
751 3881 810 3956 seu
823 3862 997 3942 promisso,
1020 3845 1161 3943 speciem
1182 3859 1349 3922 credimus

26 3963 149 4028 babere
163 3964 341 4028 simonias.
386 3963 483 4030 Alios
496 3971 527 4030 si
538 3972 662 4050 gratis,
684 3981 716 4035 et
730 3973 951 4036 amicabiliter
965 3973 1054 4034 iuter
1074 3991 1108 4033 ss
1123 3971 1298 4051 litigantes
1312 3989 1348 4031 se

26 4085 243 4162 csrnporrant,
268 4078 377 4140 sacris
390 4081 571 4143 sationibus
595 4101 806 4169 trepuaquam
826 4085 970 4148 dicimus
985 4086 1122 4148 obviare.
1170 4081 1278 4164 liujus
1294 4101 1347 4162 ge·

24 4184 109 4244 neris
139 4185 400 4248 transactionem
427 4187 629 4270 improbavit,
656 4191 754 4255 etiam
770 4193 979 4256 Innocentius
1005 4193 1063 4255 ΙΙΙ.
1081 4193 1113 4253 in
1140 4211 1211 4273 cap.
1239 4191 1290 4252 21.
1307 4189 1348 4252 de

23 4289 221 4372 praebend,
243 4311 345 4374 quam
361 4293 525 4376 protessus
551 4311 600 4362 est
615 4319 649 4362 se
664 4281 857 4381 toleraviss'e,
885 4299 1019 4383 quiade
1047 4300 1122 4362 viris
1149 4299 1299 4382 providis,
1315 4309 1348 4360 et

23 4398 182 4484 honestis¹
195 4401 362 4483 agebatur,
389 4403 475 4466 etde
490 4425 530 4470 ea
554 4409 793 4492 compositione,
821 4429 919 4490 quam
938 4427 1001 4470 non
1026 4406 1188 4486 litigantes
1205 4405 1274 4486 ipsi,
1289 4401 1354 4466 sed·

19 4511 168 4606 delegati
190 4511 325 4600 judicas
334 4513 481 4602 jubendo
505 4517 658 4606 kmrann
674 4521 730 4610 „ita
746 4531 865 4602 tamen,
893 4531 930 4586 ut
943 4518 1118 4604 praeusto
1139 4525 1297 4604 moeniae
1309 4513 1349 4584 itt
