3210 4990
236 401 386 450 ennean
411 401 571 447 ausuras
598 401 755 445 marran
780 401 865 444 srnu
891 397 1055 444 annuere
1078 399 1289 444 cenezaeus.
1375 377 1437 440 165

117 541 364 586 consensurum
389 523 639 601 contrahentem,
667 523 694 584 si
710 521 857 584 scivisset
882 521 1082 603 qualitatem,
1107 520 1147 583 de
1169 541 1236 602 qua
1261 520 1375 602 agitur,
1401 519 1436 582 in

117 629 268 709 conjuge
292 628 435 708 delicere,
460 629 588 711 publica
620 643 728 692 tamen
760 629 880 692 utilitas
909 629 1105 712 probabilem
1135 629 1223 694 hunc
1253 629 1437 691 dissensum

117 738 263 818 insuper
276 739 381 816 habet,
398 739 490 821 cujus
506 741 532 801 si
548 741 627 801 ratio
643 741 821 816 haberetur,
834 749 1000 820 praetextu
1012 737 1087 802 boni
1100 737 1236 822 alicujus
1252 737 1369 819 privati
1384 737 1437 798 bo·

116 857 212 910 num
227 865 398 910 commune
412 848 634 929 negligeretur;
652 867 789 928 eamque
799 848 840 910 ob
856 867 922 910 rem
938 847 1101 928 singulare
1114 845 1250 930 alicujus
1266 847 1438 908 detrimen·

117 961 204 1020 tum
221 960 304 1021 bono
319 959 446 1040 publico
467 959 596 1021 abunde
611 960 680 1021 sine
695 959 810 1042 injuria
836 971 1074 1040 compensatur.
1118 957 1232 1038 ltaque
1249 955 1438 1038 generaliter

116 1065 342 1128 statuendum
356 1066 425 1146 fuit,
443 1087 579 1130 errorem
594 1069 627 1130 iu
644 1068 798 1148 qualitate
824 1085 888 1128 non
903 1060 1016 1128 vitiare
1039 1065 1234 1150 eonjugium.
1278 1066 1330 1127 Ad
1347 1085 1437 1145 regu-

117 1174 198 1236 lam
213 1185 323 1237 autern
338 1175 521 1256 generalem
535 1177 659 1258 adjecta
685 1175 746 1238 suit
761 1177 908 1258 exceptio
924 1177 957 1238 in
973 1177 1012 1238 irs
1034 1175 1260 1239 tantummodo
1275 1175 1440 1258 qualitati-

116 1282 200 1358 bus,
217 1299 301 1360 quae
316 1283 477 1362 graviores
500 1295 614 1362 essent,
631 1301 714 1363 quae
730 1294 844 1358 certae,
871 1295 903 1344 et
926 1282 1123 1360 individuae,
1140 1303 1224 1363 quae
1240 1301 1305 1344 non
1322 1283 1437 1366 recipe-

119 1399 204 1452 rent
214 1389 327 1470 magis,
343 1401 374 1452 et
388 1392 504 1468 minus,
517 1409 601 1471 quae
617 1390 719 1452 serent
733 1389 910 1472 expeditae,
926 1409 1010 1472 quae
1026 1393 1135 1454 minus
1151 1391 1351 1472 frequentem
1373 1391 1437 1454 dis·

120 1501 298 1564 solvendis
312 1503 470 1584 conjugiis
484 1521 619 1564 causam
634 1503 828 1583 praeberent,
845 1519 929 1582 quae
944 1501 1084 1586 denique
1100 1503 1180 1564 tales
1195 1515 1310 1581 essent,
1329 1513 1363 1565 ut
1378 1523 1435 1564 eae

122 1633 229 1692 unae,
247 1615 271 1674 si
287 1612 449 1691 deficiant,
465 1613 591 1675 animos
606 1615 830 1676 universorum
846 1614 897 1674 vel
913 1611 955 1675 ad
971 1611 1228 1675 contrahendum
1242 1615 1310 1675 sine
1326 1613 1436 1676 discri-

120 1721 219 1784 mine
244 1720 393 1784 inducere
419 1706 552 1799 soleant,
580 1720 632 1782 vel
655 1727 676 1784 a
701 1717 923 1782 contrahendo
947 1715 1132 1784 distrahere.
1177 1721 1435 1804 Hujusmodiest

119 1833 288 1914 imprimis
302 1833 448 1914 exceptio
463 1831 529 1909 illa,
543 1851 644 1913 quam
657 1831 811 1913 suffragio
826 1851 885 1894 suo
901 1833 1046 1915 probavit
1061 1831 1094 1896 S.
1107 1831 1257 1896 'I'homas
1273 1833 1305 1896 in
1321 1833 1351 1894 4,
1368 1851 1437 1896 sen-

120 1949 207 2002 tent.
224 1939 297 2000 dist.
323 1939 374 2001 30.
390 1949 513 2020 quaest.
535 1941 559 2001 l.
575 1951 632 2001 art.
648 1941 678 2002 2.
701 1939 744 2002 ad
759 1941 788 2002 5.
805 1939 845 2002 de
875 1941 1031 2024 Principe,
1048 1943 1100 2004 cui
1116 1941 1267 2005 ducenda
1282 1962 1439 2026 propona-

120 2061 183 2110 tur
197 2045 267 2109 filia
283 2047 448 2128 Principis,
460 2057 492 2110 et
506 2047 619 2110 haeres
635 2047 749 2129 Regni3
767 2049 794 2110 si
805 2047 892 2111 enlm
907 2047 1060 2131 deceptus
1073 2049 1226 2131 Princeps
1237 2069 1319 2128 eam,
1335 2067 1437 2131 quam
1461 2059 1479 2126 ¹,

122 2157 236 2236 duxit,
253 2157 351 2219 talem
366 2175 433 2219 non
458 2177 527 2218 esse
543 2158 674 2237 neverit,
685 2159 757 2239 jure
772 2157 891 2239 optimo
917 2155 1056 2220 rescindi
1071 2161 1314 2222 matrimonium
1330 2169 1438 2241 postu·

122 2271 219 2334 laret.
264 2269 360 2332 Certa
375 2281 423 2331 est
449 2269 510 2331 ista
524 2269 674 2348 conditio,
701 2279 733 2330 et
748 2264 927 2350 individua,
954 2270 1070 2351 gravis,
1087 2279 1118 2331 et
1141 2289 1225 2351 quae
1249 2271 1438 2352 Principum

121 2380 258 2444 animos
274 2377 326 2440 vel
341 2376 518 2441 distrahere
538 2377 726 2460 generaliter
741 2376 896 2457 solet,'vel
918 2397 1057 2462 movere;
1075 2377 1182 2442 dicam
1197 2381 1346 2461 amplius,
1360 2401 1437 2462 qno·

120 2491 306 2556 dammodo
332 2491 374 2554 ad
390 2509 559 2574 personam
586 2487 725 2553 refertur.
769 2489 875 2552 Simili
890 2491 1011 2552 ratione
1032 2489 1102 2552 ‘dici
1132 2487 1210 2552 sorte
1237 2499 1351 2570 posset,
1368 2489 1439 2552 nul-

122 2607 200 2669 lum
214 2623 287 2666 esse
302 2587 553 2681 matrimonium,
580 2603 607 2664 si
623 2603 696 2683 quis
712 2613 831 2683 putans
846 2601 962 2665 ducere
988 2593 1125 2684 alicujus
1142 2599 1252 2677 liliam,
1269 2621 1353 2681 quae
1368 2601 1439 2662 vul-

124 2733 172 2796 go
188 2713 257 2776 filia
272 2713 418 2796 ejusdem
434 2711 628 2790 credebatur,
653 2709 746 2773 duxit
767 2719 963 2787 extraneam,
991 2707 1018 2771 si
1035 2720 1143 2772 tamen
1159 2709 1329 2791 praecipue
1344 2707 1384 2770 de
1399 2728 1438 2771 ea

123 2823 290 2906 qualitate
305 2831 416 2885 actum
431 2819 592 2904 adpareat,
609 2837 665 2882 seu
681 2819 708 2880 si
723 2837 763 2880 ea
777 2817 918 2898 qualitas
942 2815 1145 2878 matrimonio
1159 2833 1295 2876 causam
1310 2813 1437 2875 dedisse

124 2935 290 3000 videatur:
317 2931 592 3018 quemadmodum
608 2949 658 2993 ex.
685 2949 729 3011 gr.
760 2930 964 3010 contingeret,
982 2929 1008 2990 si
1034 2926 1119 2990 duae
1145 2925 1288 2990 familiae
1314 2925 1437 2989 nobiles

126 3041 255 3106 mutuis
271 3059 306 3101 se
321 3037 403 3101 odiis
418 3040 586 3122 agitantes,
602 3037 751 3120 conjugio
766 3055 879 3119 pacem
904 3037 1028 3116 inirent,
1044 3045 1076 3097 et
1092 3055 1161 3098 sese
1178 3035 1316 3098 invicem
1331 3055 1439 3098 recon-

125 3149 329 3226 ciliarentur,
352 3145 467 3210 deinde
488 3157 656 3225 constaret,
682 3147 853 3227 conjugem
868 3145 1000 3208 ductam
1016 3145 1055 3206 de
1077 3165 1116 3207 ea
1131 3143 1257 3208 familia
1279 3165 1343 3207 non
1359 3165 1437 3222 esse,

128 3275 217 3339 quae
233 3255 307 3318 talis
323 3275 392 3318 esse
409 3255 507 3337 vulgo
522 3255 599 3317 olim
614 3273 715 3317 errore
731 3255 859 3338 publico
885 3254 1080 3318 credebatur.
1125 3255 1235 3318 Altera
1250 3266 1307 3334 est,
1323 3265 1355 3317 et
1371 3255 1439 3318 vul·

131 3369 216 3451 garis
242 3366 398 3448 exceptio,
415 3367 539 3446 quoties
566 3365 606 3428 de
621 3365 719 3428 ducta
745 3366 863 3429 ancilla
893 3376 1015 3448 agatur,
1041 3385 1141 3447 quarn
1157 3367 1279 3430 ducens
1303 3367 1436 3432 liberam

130 3495 201 3539 esse
215 3476 361 3559 putabat,
388 3475 547 3556 siquidem
562 3484 593 3536 et
618 3475 680 3538 ista
694 3473 834 3538 conditio
862 3485 949 3538 certa
972 3487 1028 3556 est,
1045 3475 1223 3557 individua,
1247 3487 1279 3539 et
1293 3477 1437 3540 conside·

129 3587 255 3650 ratione
269 3585 414 3648 maxime
437 3583 545 3666 digna,
568 3584 831 3666 quandoquidem
855 3583 978 3647 servilis
1003 3584 1143 3648 conditio
1168 3606 1209 3648 ex
1235 3597 1435 3652 moraturum

130 3707 279 3782 gemtum
302 3693 474 3776 disciplina
489 3695 654 3758 hominem
679 3693 760 3756 adeo
789 3693 944 3777 deturpat,
962 3705 997 3757 ut
1022 3693 1117 3776 iniis,
1142 3716 1226 3778 quae
1241 3699 1283 3761 ad
1299 3697 1435 3764 familia-

131 3829 203 3873 rum
217 3807 320 3871 decus
336 3807 501 3888 pertinent,
518 3806 610 3883 servi,
626 3815 658 3866 et
673 3803 810 3866 ancillae
825 3823 881 3887 pro
896 3804 995 3867 nullis
1010 3808 1145 3887 reputati
1163 3807 1318 3890 legantur,
1334 3827 1436 3890 quan·

131 3917 238 3999 doque
253 3916 352 3978 etiam
367 3915 467 3978 brutis
483 3912 546 3976 fere
561 3913 771 3995 aequiparati,
788 3913 875 3976 unde
890 3913 1038 3977 Romano
1049 3915 1120 3997 jure
1135 3935 1176 3979 ne
1191 3919 1435 3981 matrimonium

131 4026 264 4108 quidem
281 4023 352 4087 iniri
378 4023 459 4086 inter
474 4041 582 4085 servos
608 4023 750 4104 potuisse
765 4043 859 4086 nemo
883 4023 1016 4106 ignorat,
1033 4027 1090 4092 vix
1116 4027 1190 4090 dato
1218 4027 1344 4091 illorum
1360 4049 1435 4092 con·

126 4134 349 4218 junctionibus
364 4135 494 4196 nomine
508 4133 716 4211 contubernii,
742 4132 760 4194 l.
777 4133 806 4195 3.
823 4131 891 4196 eod.
908 4133 948 4197 de
969 4136 1107 4216 incestis,
1123 4147 1155 4199 et
1170 4137 1337 4202 inutilibus
1353 4158 1434 4222 nup-

131 4243 190 4304 tiis.
235 4237 404 4318 Aduenis,
431 4240 528 4302 talem
543 4257 678 4302 errorem
705 4257 782 4316 csse,
807 4242 863 4321 qui
885 4251 1030 4304 versatur
1045 4243 1077 4305 in
1101 4264 1141 4322 re,
1166 4263 1249 4326 quae
1275 4243 1317 4305 ad
1343 4245 1434 4308 subs-

131 4351 277 4426 tantiam,
294 4359 352 4410 aut
363 4347 476 4411 saltem
502 4345 544 4409 ad
560 4357 709 4410 naturam
724 4348 865 4432 conjugii
889 4349 1020 4432 accedit;
1038 4349 1190 4412 nimirum
1206 4347 1305 4411 afficit
1329 4350 1433 4434 ipsam

129 4455 312 4520 communis
327 4455 413 4518 altae
427 4453 508 4518 iuter
521 4455 636 4536 virum,
652 4465 684 4520 et
698 4473 833 4521 uxorem
848 4458 1009 4523 ineundae
1018 4457 1293 4523 consuetudinem.
1338 4461 1429 4531 Quo
