3134 4984
581 461 633 511 nn
649 464 810 511 ιιιιοιιιι.
1186 501 1192 513 ,
1287 439 1350 512 iffi

70 577 152 648 laede
163 603 327 668 agnovero,
342 586 609 668 quotiescumque
625 589 754 650 nornine
763 586 846 670 juris
867 585 1076 650 ecclesiastici
1095 584 1175 650 iliud
1191 581 1358 670 intellige·¹

74 701 121 769 tor,
135 693 213 776 quod
238 695 486 760 fundamentum
502 695 601 758 hebet
626 695 657 758 in
669 697 740 779 jure
757 697 826 777 ipso
841 695 960 772 divino,
988 713 1053 758 non
1070 714 1144 758 vero
1158 697 1286 776 quoties
1302 694 1351 758 in·

72 801 212 884 telligatur
227 803 315 882 iilud,
329 787 417 885 qnod
434 811 519 868 mere
534 803 705 886 positivam
721 805 981 868 constitutionem
998 802 1199 887 praeseferat,
1220 815 1252 866 et
1266 821 1352 886 quan

70 927 116 992 per
129 913 352 978 ecclesiastices
377 927 551 997 potestates
567 916 666 997 possit
680 915 793 978 eodem
809 913 905 978 modo
932 915 1087 1000 abrogari,
1104 935 1168 998 quo
1184 914 1244 980 luit
1258 936 1349 982 cons·

70 1019 157 1082 titnta.
197 1023 365 1106 Siquidem
390 1043 507 1086 censeo
526 1024 688 1086 simoniae
713 1025 819 1086 omnis
848 1023 1102 1105 prohibitionem,
1133 1022 1220 1106 illius
1242 1025 1350 1106 etiam,

69 1143 139 1204 quae
153 1127 181 1189 io
197 1130 380 1194 obtinendis
400 1131 622 1214 pensionibus,
639 1143 695 1194 aut
711 1131 898 1196 monasticis
922 1131 1084 1196 alimentis
1106 1132 1293 1212 admittitor,
1309 1153 1351 1196 ex

65 1233 124 1316 jore
138 1238 201 1320 ipso
225 1240 345 1316 divino,
362 1242 461 1304 immo
475 1253 506 1303 et
531 1262 573 1304 ex
589 1248 659 1324 ipsa
675 1261 789 1322 rernm,
812 1241 852 1304 de
868 1243 985 1322 quibus
1001 1241 1115 1323 agitur,
1138 1253 1256 1304 natura
1271 1241 1352 1305 deri·

67 1361 137 1408 vara.
178 1350 278 1418 erod
295 1362 330 1414 ut
344 1351 529 1434 explicetur,
553 1350 791 1414 observandum
807 1361 863 1430 ast,
881 1350 993 1412 divina
1014 1364 1184 1434 praecepta
1199 1351 1264 1413 alia
1280 1339 1352 1414 esse

67 1451 135 1516 adeo
149 1473 307 1540 perpetua,
323 1473 418 1538 certa,
434 1472 465 1523 et
479 1461 627 1524 humano
641 1462 836 1542 cuicumque
851 1462 937 1523 actui
961 1459 1214 1539 accommodata,
1233 1475 1266 1526 ut
1281 1461 1352 1528 nul·

67 1558 121 1624 lam
136 1565 422 1650 interpretationem
443 1571 639 1650 .dcsiderent;
656 1569 722 1631 alia
738 1589 812 1632 vero
828 1571 860 1632 iu
876 1589 992 1652 genere
1007 1569 1137 1651 quidem
1161 1591 1221 1634 sno
1235 1571 1352 1634 conell·

62 1679 130 1746 tnta,
145 1674 252 1740 adhoc
268 1690 376 1742 temen
392 1679 457 1742 late
479 1678 659 1740 admodum
677 1663 898 1759 patientiaita,
916 1691 951 1740 nt
966 1680 1036 1741 sine
1052 1679 1183 1764 speciali
1204 1681 1353 1766 designa·

66 1779 136 1842 tione
153 1781 327 1866 Ecclesiae,
344 1787 385 1848 ad
400 1807 499 1869 quem
516 1797 640 1868 spectat
654 1785 766 1878 divine
781 1787 912 1849 oracula
927 1786 1132 1868 interpretari,
1155 1798 1223 1850 tute
1238 1787 1353 1850 defini-

65 1909 92 1952 re
106 1895 246 1974 privatus
262 1899 436 1980 quisquam
452 1909 592 1981 nequeat
607 1898 730 1984 species
745 1917 857 1960 omnes
874 1897 914 1960 ad
932 1917 1031 1961 unam
1056 1917 1167 1979 usqne,
1185 1899 1216 1961 in
1233 1901 1352 1982 quibus

60 1999 197 2086 obligentj
213 2008 397 2090 cuiusmodi
413 2005 546 2089 indicari
559 1987 666 2090 potest
678 2021 885 2094 praeceptum
893 2009 1019 2092 jejunii,
1035 2009 1225 2086 orationum,
1240 2021 1272 2074 el
1285 2011 1353 2080 alia

64 2108 131 2176 bene
146 2117 258 2181 multa.
300 2118 418 2198 ltaque
435 2115 575 2180 venditio
602 2137 707 2180 rernm
725 2136 809 2180 mere
835 2137 1001 2182 sacrarum
1026 2120 1205 2185 simoniaca
1227 2139 1354 2204 semper

64 2216 216 2288 habebitur
230 2226 347 2290 divino
366 2227 439 2310 jure
454 2225 536 2288 eden
549 2239 643 2308 certo,
661 2236 697 2288 nt
712 2225 804 2288 nulle
830 2228 909 2288 ratio
925 2224 1103 2290 subducere
1117 2232 1353 2309 qttetnqnamd

62 2333 233 2416 lgenerali,
250 2346 284 2398 ct
297 2335 474 2423 certissima
497 2333 607 2418 regula
622 2335 731 2418 possit.
775 2333 819 2396 At
833 2331 976 2396 venditio
992 2333 1216 2416 temporalium
1237 2351 1351 2430 rernm,

60 2451 131 2516 qnae
144 2443 164 2504 e
179 2441 282 2504 saetis
293 2439 446 2523 pendent,
463 2441 604 2504 sacriste
614 2440 807 2525 junguntur,
833 2437 880 2501 nti
895 2449 971 2502 sunt
984 2439 1168 2522 pensiones,
1183 2439 1259 2504 item
1274 2459 1352 2504 ven·

59 2534 126 2604 ditio
139 2545 279 2635 iliorum,
304 2567 389 2630 quae
404 2555 424 2613 a
431 2516 589 2652 religiose
614 2547 899 2642 administratione,
926 2547 978 2610 vel
994 2548 1141 2634 religioso
1163 2547 1268 2618 officio
1282 2569 1352 2639 pro,-⁸

56 2645 160 2733 linunt,
176 2655 222 2720 nti
250 2657 413 2740 sarrrtjtua
434 2657 697 2722 alimentorum
691 2675 723 2719 ιιι
752 2630 964 2738 Monasteriis,
987 2641 1195 2740 generalibus
1217 2659 1351 2741 quidem

56 2759 228 2838 prohibetur
243 2765 365 2829 divinis
388 2766 516 2850 regulis,
543 2785 627 2848 quae
642 2763 790 2864 suadent,
813 2767 979 2863 neminem
990 2755 1041 2828 ita
1056 2765 1090 2846 in
1113 2784 1145 2828 re
1160 2763 1350 2830 ecclesiasti·

52 2887 95 2952 ce,
109 2887 164 2940 aut
187 2877 449 2999 religiosaposse
475 2880 604 2958 versari,
630 2897 744 2962 rosque
769 2853 919 2940 eedem'
911 2893 956 2941 rte
971 2888 1113 2960 tractare,
1140 2877 1235 2966 quasi
1251 2877 1352 2946 resin

54 2979 169 3068 vulgari
184 2983 381 3085 commercio
395 2988 525 3073 positam
544 3005 655 3050 rernm
669 2985 790 3050 interea
804 2987 877 3070 quis
892 2980 1063 3070 denegabit
1079 2971 1255 3070 Ecclesiae,
1271 3003 1349 3068 quo-

53 3093 152 3176 minus
165 3098 200 3174 in
214 3097 313 3162 certis
326 3117 500 3188 causarum
513 3095 675 3184 acijunctis
690 3093 893 3183 disciplinam
907 3093 1072 3176 paulisper
1087 3093 1216 3170 relaxet,
1232 3113 1289 3156 seu
1306 3110 1348 3156 ex

51 3195 104 3266 Det
119 3218 228 3289 mente
243 3180 312 3304 uqa
326 3205 469 3290 obtinere
483 3203 634 3306 declaret,
655 3222 719 3268 nou
735 3199 867 3286 quidem
880 3197 1060 3286 probando
1068 3193 1192 3268 s'actum
1207 3199 1346 3280 illorum,

50 3306 99 3385 qui
113 3309 235 3376 vellent
249 3285 301 3376 r'cs
305 3279 495 3402 religiosas·
497 3311 699 3393 commerciis
720 3309 882 3398 subjicere,
897 3304 985 3392 qnod
1002 3305 1086 3372 idern
1103 3321 1196 3388 esset,
1209 3329 1251 3373 ae
1265 3309 1347 3374 divi·

48 3429 102 3478 ιιι
116 3421 248 3506 regulas
263 3421 454 3508 subvertere,
468 3417 524 3484 sed
539 3419 705 3512 prebendo
720 3415 841 3482 lactum
857 3413 993 3496 illorum,
1009 3417 1065 3500 qui
1080 3430 1183 3481 certas
1204 3439 1252 3482 res
1268 3430 1347 3485 tem

49 3528 163 3606 pontes
177 3531 352 3627 (mannua
372 3548 485 3636 rentur
496 3521 738 3634 eligiosarurn
731 3504 910 3634 conferrent
931 3541 1033 3588 carisa
1047 3497 1308 3634 quorumdam'
1282 3543 1346 3592 sm-

46 3635 206 3738 gadarium
225 3603 483 3740 adjunctorum
469 3610 562 3702 ¹extra
586 3639 821 3738 cujuscumque
845 3618 1029 3702 commercii
1043 3655 1190 3720 calisam,
1212 3637 1256 3700 ita
1271 3625 1346 3703 stra·
1411 3709 1412 3712 J

47 3737 156 3810 dente·
145 3767 222 3866 {¹¹³²
247 3767 360 3858 Jertun
369 3749 594 3843 religiosarum
619 3726 770 3810 utilitate?
813 3747 905 3818 Quid
921 3739 1008 3812 enim
1025 3759 1060 3811 ut
1081 3744 1230 3834 exempla
1244 3743 1360 3843 prole,

46 3865 117 3932 ram,
131 3874 166 3945 ιι
151 3844 448 3949 Μιιιιιιιιιιιιιιιιιι
436 3873 533 3945 mops
546 3851 726 3947 admodum
747 3853 798 3934 sit,
815 3873 920 3938 neque
946 3851 1027 3918 alias
1042 3851 1348 3945 sanctimonialibus
1435 3879 1442 3890 ¹

43 3934 209 4063 professis·¹
214 3964 340 4054 pceurri
355 3973 471 4046 posset,
493 3981 598 4057 quarn
612 3976 771 4028 certarum
797 3960 921 4026 dotirrm
945 3957 1116 4028 collatione
1130 3961 1216 4028 facta
1239 3957 1348 4052 apro¹

45 4040 209 4165 sessurisl
218 4034 365 4140 Qr'rtd
340 4089 367 4133 st
383 4070 573 4168 rerqsinriiis
566 4071 735 4167 capiatur
752 4071 943 4158 conjectura,
959 4057 1114 4152 loturum,
1131 4081 1167 4134 ut
1182 4065 1348 4168 blonastess

41 4153 127 4253 rium,
137 4151 237 4244 licet
252 4151 487 4274 sufficientibus
501 4157 686 4271 redditibus
710 4200 776 4246 non
799 4181 1001 4264 destitutum,
1026 4160 1153 4246 alendis
1168 4161 1347 4272 sanctime

42 4281 177 4373 niolibtta
179 4285 416 4384 aliquando
407 4261 510 4381 ιιιιιιιι
534 4272 661 4392 eredat,
689 4279 752 4353 niel
779 4285 969 4398 idemtidem
992 4289 1143 4354 subsidiis
1169 4263 1342 4376 augeatur!

38 4391 117 4458 Sunt
132 4398 230 4493 baeu
246 4397 504 4502 praepetamus
519 4379 720 4484 argumenta,
734 4401 853 4490 quibus
868 4401 970 4491 utitor
990 4393 1185 4466 Benedictus
1200 4399 1316 4468 XIV!
1308 4389 1340 4468 m'

33 4497 102 4571 libr
118 4507 171 4599 ll,
197 4509 325 4614 φρι6.
332 4509 375 4596 de
387 4505 522 4599 Synodo
546 4509 756 4608 Dieecesane,
784 4522 820 4576 ut
823 4495 1052 4634 demonstret,
1057 4511 1158 4625 hodie
1167 4495 1353 4628 ειιιιοιιιιιιι
