3120 4980
172 391 216 459 86
404 413 494 460 sans
512 411 639 475 aaran,
655 412 895 462 oresuarrrro
910 416 1083 478 sueonos,
1103 415 1182 462 cao.
1198 397 1240 462 tt.

172 533 359 618 puniuntur,
375 553 459 618 quae
484 537 642 600 adversus
657 535 907 604 detestabiliores
933 537 1110 602 haereticos
1124 549 1205 603 sunt
1223 539 1433 622 praestitutae,
1445 539 1464 604 1.
1551 613 1552 620 ἵ

174 649 201 714 1.
217 649 246 711 2.
263 649 302 727 3.,
325 651 360 712 ¹et
374 650 404 713 4.
420 648 489 714 cod.
516 649 557 712 de
572 651 735 733 apostatis,
761 669 833 734 cap.
850 649 899 714 13.
926 651 967 714 de
981 651 1151 714 haereticis
1166 651 1199 714 in
1215 652 1244 714 6.
1288 651 1379 722 Quid
1393 672 1465 716 vero
1551 683 1552 720 3

172 753 213 818 de
228 755 267 818 iis
281 754 457 818 dicendum
471 767 528 834 est,
554 756 610 836 qui
626 775 701 820 cum
718 757 760 818 ab
781 767 954 823 extraneae
970 757 1131 839 religionis
1156 757 1343 822 homiuibus
1356 759 1466 840 captivi
1551 771 1552 848 ξ

173 868 205 931 vi
221 885 386 930 armorum
411 877 499 930 metu
515 863 625 950 adepti
651 866 947 948 deprehenduntur,
973 875 1009 929 ut
1024 867 1245 932 Christianam
1268 867 1467 932 fidemahne-
1551 883 1552 950 t

173 977 300 1061 gerenti
333 975 445 1040 Mitius
458 955 547 1038 enim
563 975 690 1040 videtur
705 975 880 1058 agendum,
895 964 1143 1057 qaasicum'iis,
1159 978 1215 1058 qui
1231 975 1467 1040 voluntatenon
1551 951 1552 1008 l

170 1069 307 1149 omnino
330 1085 438 1164 libera,
465 1097 497 1148 et
511 1083 662 1168 expedita
687 1085 729 1148 ab
754 1085 904 1148 Ecclesia
929 1083 1122 1166 defecerunt,
1137 1107 1209 1150 can.
1237 1087 1287 1150 52.
1308 1086 1348 1148 de
1365 1086 1468 1169 poenit.
1551 1071 1552 1092 l

173 1195 246 1262 dist.
264 1199 291 1262 1.
335 1195 393 1260 Isti
409 1215 488 1260 sane
513 1196 540 1259 si
556 1207 668 1278 sponte
683 1193 725 1258 ad
749 1193 934 1258 Ecclesiam
950 1205 1162 1272 revertantur,
1189 1191 1407 1275 interrogandi
1420 1193 1469 1253 im·

174 1298 286 1388 primis
300 1282 402 1382 erunt,
419 1321 461 1366 an
476 1323 518 1366 ex
533 1304 644 1366 animo
659 1303 757 1367 fidem
776 1303 956 1388 abjecerint,
983 1321 1026 1365 en
1042 1309 1171 1366 tantum
1187 1299 1286 1364 fide'm
1302 1319 1337 1362 se
1353 1298 1470 1383 abjecis-
1551 1337 1552 1346 κ

174 1415 458 1493 assimulaverint,
477 1427 513 1478 nt
526 1416 689 1479 cruciatus
704 1415 900 1478 'evaderent'
931 1415 1049 1484 Qttum
1064 1413 1281 1496 profiteantur,
1302 1431 1336 1475 se
1354 1423 1469 1474 tanum
1493 1418 1505 1446 ⁴

174 1523 399 1588 infidelitatem
424 1523 637 1603 simulavisse,
666 1533 736 1588 turn
752 1523 1109 1602 reconciliandi-erunt,
1137 1534 1295 1604 tanquam
1311 1522 1342 1601 ii,
1359 1521 1399 1584 de
1411 1521 1471 1602 qoi-

175 1635 236 1699 bus
251 1637 359 1717 gravis
375 1651 469 1696 verae
484 1634 664 1714 apostasiae
679 1633 821 1715 suspicio
837 1633 967 1697 suborta
980 1619 1084 1711 inerit,
1102 1631 1305 1713 poenitentiis
1320 1628 1469 1713 impositis
1551 1639 1552 1662 l

176 1739 379 1819 salutaribus,
396 1742 483 1803 unde
500 1741 571 1803 Deo
592 1749 624 1804 et
639 1738 805 1802 Ecclesiae
820 1757 886 1803 uon
902 1739 1012 1803 leviter
1027 1739 1124 1816 laesis
1146 1739 1293 1818 satisfiat,
1309 1738 1419 1802 habita
1433 1755 1472 1798 ra·

178 1849 261 1912 tione
277 1857 495 1932 personarum,
521 1857 616 1932 prout
631 1846 774 1911 rudiores
799 1853 894 1926 sunt,³
911 1863 969 1909 seu
985 1845 1208 1910 imbecilliores
1231 1847 1284 1910 vel
1299 1849 1413 1924 aetate,
1428 1843 1471 1906 vel

176 1973 268 2036 sexu,
283 1969 342 2018 out
366 1955 517 2020 cultiores
531 1955 686 2037 doctrina,
713 1957 766 2020 vel
780 1957 904 2019 viribus
920 1955 1085 2018 firmiores.
1111 1949 1116 2006 ’-
1130 1956 1173 2019 At
1187 1965 1294 2038 quatu
1312 1955 1472 2039 profitean·

176 2076 237 2143 tur,
254 2083 288 2127 se
303 2067 451 2129 animum
466 2066 650 2149 abnegandi
666 2065 764 2130 fidem
778 2066 942 2145 habuisse,
967 2075 1036 2129 tam
1052 2066 1165 2131 eodem
1179 2067 1278 2130 niodo
1293 2067 1474 2150 recipientur
1551 2121 1552 2142 ,

176 2177 219 2240 ab
234 2161 392 2256 Ecclesia,
407 2195 472 2260 quo
488 2177 632 2261 insigues
647 2179 799 2242 haeretici
814 2171 1073 2253 reconciliantur,
1085 2180 1288 2262 gravissima,
1303 2192 1334 2242 et
1350 2179 1475 2264 asperti·

177 2305 232 2351 ma
247 2285 590 2369 poerttrenneindica.
633 2287 734 2358 Quod
749 2289 777 2352 si
792 2296 905 2372 sponte
920 2305 986 2350 non
1000 2305 1072 2350 sese
1083 2288 1116 2350 iu
1133 2285 1282 2350 Ecclesia
1298 2287 1410 2350 sistere
1423 2284 1474 2352 tes-

178 2395 360 2476 timuerint,
381 2415 458 2460 oum
473 2397 613 2481 suspicio
628 2405 726 2460 verae
746 2399 926 2481 apostasiae
942 2408 1107 2479 augeatur,
1132 2397 1269 2478 torqueri
1285 2411 1344 2479 per
1355 2385 1474 2478 eompa-

178 2511 298 2564 tentem
309 2503 453 2586 judicem
480 2515 661 2588 potuerunt,
688 2519 722 2570 ut
737 2505 845 2588 qualis
870 2507 903 2570 in
919 2489 1053 2570 externa
1067 2505 1271 2570 abdicatione
1292 2505 1373 2570 fidei
1387 2503 1475 2571 fuerit

177 2609 306 2674 illorum
331 2615 461 2677 animus
476 2613 631 2678 eliciatur.
674 2616 888 2698 Quamquam
904 2617 991 2680 enim
1016 2617 1043 2680 si
1058 2635 1093 2678 se
1107 2635 1149 2680 ex
1164 2618 1273 2693 auimo
1299 2615 1402 2680 fidem
1413 2633 1472 2678 non

178 2717 391 2800 abnegavisse
406 2733 590 2784 constanter
604 2721 784 2804 adfirment,
800 2723 842 2788 ad
858 2724 1071 2809 abjurandam
1086 2725 1293 2808 apostasiam,
1321 2733 1473 2808 tanquam

178 2847 266 2894 more
281 2831 490 2895 vehementer
513 2819 736 2916 suspectorum
751 2833 791 2897 de
806 2835 978 2920 apostasia,
1002 2835 1153 2917 imposita
1168 2833 1304 2898 saluam
1319 2835 1475 2917 poeniten·

179 2941 224 3006 tia
239 2943 461 3026 admittantttr;
488 2943 516 3008 si
532 2951 639 3008 tamen
656 2941 826 3024 fateantur,
852 2963 887 3006 se
903 2943 1018 3008 misere
1033 2944 1143 3009 animo
1159 2941 1266 3026 lapsos
1289 2944 1400 3024 fuisse,
1416 2961 1475 3006 nott

180 3053 241 3117 nisi
258 3071 294 3118 ut
308 3055 375 3118 veri
401 3065 567 3138 apostatae
583 3055 788 3138 recipiuntur,
815 3053 944 3118 arbitrio
954 3051 1075 3137 judicis
1100 3051 1266 3136 puniendi,
1282 3049 1480 3116 considerate

137 3223 141 3236 ‚
180 3147 439 3243 delinquentium
464 3164 656 3244 conditione,
681 3175 713 3227 et
728 3172 835 3228 metus
856 3161 937 3226 olim
963 3163 1085 3226 incussi
1106 3163 1272 3244 qualitate,
1297 3164 1348 3226 oti
1362 3163 1478 3246 passim

181 3263 378 3348 Pragmatioi
392 3269 519 3334 docent.
563 3273 671 3354 Atque
686 3271 732 3335 ita
746 3270 1005 3354 interpretandos
1020 3279 1068 3334 est
1083 3271 1272 3334 Ambrosius
1288 3271 1320 3336 iu
1333 3271 1421 3336 dioto
1434 3291 1479 3335 oa·

181 3394 267 3442 none
282 3379 332 3443 52.
348 3380 389 3442 de
404 3383 520 3463 poenit.
537 3379 610 3444 dist.
627 3373 726 3460 ·l.,'in
741 3399 807 3463 quo
831 3399 911 3444 sane
926 3381 1050 3446 attendi
1074 3391 1196 3464 oportet
1210 3383 1322 3446 Sancti
1341 3383 1404 3446 viri
1419 3399 1479 3443 sce

182 3507 271 3574 pum,
297 3490 404 3570 quiin
420 3490 507 3554 libris
532 3489 572 3554 de
587 3489 784 3575 poenitentia
809 3499 896 3558 totus
919 3501 987 3574 erat
1011 3489 1169 3554 adversus
1194 3487 1407 3568 Novatianoe,
1429 3485 1480 3568 qui

182 3583 353 3682 peceatum
378 3597 558 3680 apostasiae
573 3605 594 3664 a
609 3597 680 3661 Deo
702 3615 874 3680 nunquam
899 3599 1070 3662 remissum
1095 3597 1133 3661 iri
1148 3595 1387 3680 praedicabant3
1406 3613 1480 3678 qua·

183 3707 328 3771 mobrem
352 3707 440 3790 quod
465 3707 585 3772 ibidem
611 3707 756 3788 traditur,
783 3705 871 3789 apud
896 3707 1017 3770 Gentes
1041 3707 1146 3769 victos
1171 3701 1321 3768 Athletas
1343 3698 1480 3765 amoueri

183 3815 283 3880 etiam
297 3819 513 3899 consuevisse,
539 3837 578 3882 eo
591 3818 736 3902 pertinet,
763 3825 800 3882 ut
814 3817 890 3880 inde
905 3813 1033 3880 inferret
1058 3813 1258 3890 Ambrosius,
1285 3829 1351 3874 non
1372 3827 1480 3892 poena,

185 3934 243 3986 aut
257 3925 453 4008 poenitentia
479 3899 641 3989 immunes
656 3943 736 4004 csse,
751 3926 808 4008 qui
823 3923 899 3988 victl
925 3915 1121 3988 cruciatibus
1138 3921 1237 3985 fidem
1253 3919 1375 3984 Christi
1388 3929 1480 3982 orete-

186 4048 250 4098 ttus
265 4033 524 4117 abnegavissent,
550 4035 608 4097 sed
622 4053 678 4097 eos
693 4034 799 4113 venia,
824 4053 863 4096 ac
888 4013 1059 4098 clernetttia
1085 4029 1295 4115 excipiendos
1310 4049 1387 4108 esse,
1411 4047 1482 4092 curu

187 4145 306 4210 reversi
321 4143 364 4208 ad
390 4143 575 4208 Ecclesiam
588 4141 716 4225 irretiat,
741 4143 818 4206 data
833 4159 890 4228 spe
915 4140 1111 4206 remissionis
1126 4151 1200 4222 post
1223 4147 1372 4202 exactam
1388 4133 1482 4218 legiti-

187 4275 276 4325 tnam
292 4257 533 4342 poenitentiam.
968 4245 969 4248 ¹

230 4371 416 4452 Antequam
431 4367 626 4452 explicanda
649 4367 690 4432 sit
703 4365 883 4451 disciplina,
898 4383 984 4448 quae
998 4363 1189 4448 generaliter
1209 4361 1366 4426 adversus
1378 4358 1485 4421 haerc-

190 4479 270 4544 ticos
284 4481 319 4544 iu
334 4479 483 4544 Ecclesia
497 4479 627 4560 obtinet,
642 4489 867 4564 opportunum,
884 4478 981 4558 atque
997 4473 1075 4541 utile
1089 4473 1190 4538 videri
1205 4483 1322 4556 posset,
1335 4464 1486 4549 singulas,
