3276 4984
201 411 244 502 3'4
445 505 450 514 Ι
537 421 780 476 arescentem
802 416 929 475 earne,
951 413 1103 464 coenent
1124 389 1193 458 11...
1213 419 1225 450 .·
1289 421 1292 447 ι

248 573 307 639 aiis
323 569 356 633 in
377 565 660 634 sacramentorum
689 550 791 610 torma
818 543 997 622 requiritur,
1027 549 1087 600 aut
1114 553 1184 597 esse
1214 531 1302 596 solet:
1332 529 1432 594 immo
1447 524 1502 590 illa

311 689 378 756 unt,
393 669 503 756 qualia
518 664 560 727 ab
589 655 741 722 Ethnicis
755 651 833 734 ipsis
849 650 883 712 in
904 645 1063 730 conjugiis
1078 640 1337 726 pronuntiantur:
1353 637 1434 700 alias
1448 653 1502 697 ve·

200 801 240 866 ro'
249 797 284 868 in
298 779 515 856 Sacramentis
529 769 681 836 omnibus
709 764 782 825 licet
795 757 930 822 materia
945 755 985 816 sit
1001 773 1049 816 ree
1065 753 1175 833 aliqua
1189 747 1356 824 naturalia,
1372 754 1502 826 atquae

201 914 298 971 antea
313 900 346 961 in
365 893 527 957 humanos
542 895 622 942 usus
647 871 782 936 conferri
797 866 906 942 soleat,
934 861 1039 926 forma
1068 872 1176 924 nmen
1190 852 1447 939 supernaturalis
1461 849 1503 913 sit

201 1015 331 1102 oportet,
346 999 440 1082 cujus
454 988 575 1054 scilicet
589 985 648 1062 vie,
678 993 710 1042 et
724 974 917 1060 significatio
931 989 997 1034 non
1012 975 1033 1035 e
1061 981 1187 1044 natura,
1202 963 1257 1028 aad
1274 970 1410 1029 eeeusa
1424 977 1504 1043 qua.

202 1119 282 1182 dam
310 1105 473 1192 superiore
497 1095 625 1159 oriatur.
652 1089 756 1153 ¹Nam
785 1085 1004 1159 Sacramenta,
1033 1077 1081 1142 uti
1111 1077 1144 1138 in
1173 1073 1313 1138 Scholae
1337 1067 1504 1154 proverbio

203 1238 261 1304 est,
291 1217 444 1290 efficiunt,
461 1205 547 1290 quod
577 1203 729 1283 figurant,
747 1189 941 1276 significatio
970 1196 1080 1252 cirtem
1109 1179 1312 1248 Sacramenti
1342 1180 1376 1242 in
1399 1176 1504 1242 forma

164 1326 169 1383 ἶ
204 1313 547 1404 vetmaximeetuxer.
591 1311 693 1384 Quod
722 1309 749 1371 si
779 1305 918 1368 invicem
933 1307 1158 1380 comparentur
1187 1295 1294 1371 verba,
1323 1303 1356 1354 et
1384 1293 1503 1372 quoae

490 1439 619 1507 atquae
634 1429 655 1486 e
677 1415 846 1482 Sacerdote
863 1410 1065 1493 proferuntur
1079 1407 1113 1470 itt
1143 1404 1263 1486 nuptiis
1292 1399 1501 1478 celebrandis,

200 555 245 664 'qu

183 705 186 710 '
200 687 279 756 tatia
292 704 309 746 s

203 1435 474 1511 contrahentibuS,

148 1631 151 1638 ,
203 1539 298 1621 facile
313 1543 518 1630 dignoscitur,
548 1527 807 1598 contrahentium
836 1521 934 1584 verba
963 1515 1106 1598 undique
1122 1513 1281 1577 naturalia
1309 1529 1389 1587 esse,
1405 1521 1503 1590 atque

205 1661 355 1728 omnibus
385 1631 539 1733 usurpata
575 1639 732 1724 gentibus,
770 1639 789 1696 e
825 1628 982 1692 contrario
1012 1626 1109 1688 verba
1144 1621 1357 1688 Sacerdotem
1393 1637 1502 1682 sacrae

204 1778 249 1842 rei
264 1767 457 1856 symbolum,
487 1771 520 1824 et
547 1755 697 1818 effectum
722 1741 921 1830 praeseferre.
966 1739 1133 1826 Praeterea
1161 1733 1293 1818 quando
1323 1733 1421 1798 verba
1446 1731 1505 1794 ali·

204 1876 477 1980 quaeuntforma
502 1857 711 1936 sacrementi,
728 1856 754 1918 si
784 1848 959 1930 numeral
987 1850 1151 1930 scriptura,
1183 1845 1235 1908 vel
1264 1842 1356 1908 aliud
1386 1857 1503 1906 unum.

179 1993 357 2081 'quodque
373 1989 502 2070 signum
528 1959 931 2040 e01=um.tocoverborcm
961 1959 1174 2035 substituitur,
1205 1955 1312 2018 inanis
1333 1955 1416 2016 actio
1445 1961 1503 2017 est:

95 2166 98 2174 .
151 2113 153 2120 '
204 2090 289 2175 atsi
318 2100 541 2192 contrahentes
570 2089 641 2151 loco
665 2081 854 2154 verborum,
874 2083 982 2152 nutus,
1009 2070 1060 2134 vel
1090 2069 1280 2150 scripturam
1310 2071 1502 2143 supponent,

203 2214 307 2300 aeque
323 2209 507 2287 ,conficiunt
522 2190 772 2264 matrimonium,
810 2205 850 2245 ae
884 2182 911 2243 si
948 2179 1119 2243 vernorum
1156 2173 1299 2238 millibus
1330 2177 1504 2233 uterentur.

202 2323 308 2405 Quod·
331 2316 470 2406 profecto
500 2310 527 2371 si
541 2305 614 2388 quis
630 2312 713 2364 recta
728 2291 914 2368 consideret,
947 2285 1099 2369 nonleve
1128 2291 1356 2366 argumentum
1375 2287 1431 2354 est,
1447 2293 1505 2338 cur

201 2431 302 2514 verba
315 2418 573 2492 contrahentium
603 2403 801 2482 sacramenti
828 2398 935 2482 potius
965 2415 1035 2458 cese
1063 2393 1198 2456 materia
1226 2387 1504 2464 videantrrr31ffim

90 2610 91 2613 ,
177 2517 697 2626 'praeterquamquodmateriam
725 2504 925 2573 sacrament
955 2503 991 2578 ie,
1020 2499 1076 2581 qui
1107 2495 1249 2578 suscipit,
1280 2493 1505 2566 administrare

178 2661 182 2667 '
202 2654 314 2732 potest,
330 2641 467 2704 formam
482 2649 547 2694 non
576 2633 689 2708 potest3
707 2636 783 2694 corn
812 2617 845 2678 in
862 2612 947 2678 idern
976 2609 1057 2677 forte
1070 2609 1319 2672 Sacramentum
1351 2601 1448 2665 verba
1463 2598 1506 2660 ta

129 2783 132 2790 ·
202 2757 244 2826 co'
266 2749 427 2825 materiae,
456 2739 641 2816 formaeque
665 2732 845 2804 reen‘rnunt,
875 2737 931 2804 pro
962 2716 1076 2794 verbis,
1105 2730 1189 2795 quae
1217 2706 1371 2772 materiae
1401 2704 1504 2766 vicem

178 2865 333 2950 '‘habent,
353 2862 462 2934 natue,
492 2851 621 2928 aliaque
650 2841 744 2921 sigua
765 2833 858 2916 -poui'
876 2838 1020 2912 possunt,
1049 2842 1105 2906 pro
1135 2819 1240 2882 verbis
1270 2825 1390 2892 autem,
1421 2829 1507 2894 quae

179 2977 331 3058 ‘fonnae'
354 2975 425 3032 vice
444 2971 539 3037 ¹sunt,
568 2952 645 3038 poni
670 2967 735 3010 non
763 2950 906 3026 ροεειιηῑ,
935 2929 1215 3017 quemadmodum
1242 2928 1275 2992 in
1292 2921 1506 3006 poenitentiae

206 3083 414 3146 Sacramenta
439 3066 532 3134 facile
555 3061 701 3124 cernitur.
746 3031 897 3136 Denique
926 3022 1105 3116 obearaant,
1135 3055 1235 3118 quam
1264 3033 1425 3114 absonum
1453 3028 1506 3125 sit,

205 3199 244 3260 ut
258 3184 356 3248 iidem
372 3181 618 3243 Sacramentum
644 3163 738 3227 simul
770 3154 991 3230 etconierant,
1005 3158 1037 3212 et
1052 3145 1239 3228 suscipiant,
1257 3152 1370 3224 'atque
1384 3142 1419 3205 in
1434 3155 1507 3217 utro,

208 3283 386 3375 codemque
401 3289 610 3352 Sacramento
625 3269 818 3337 conserendo
832 3266 898 3332 dno
928 3258 1065 3326 ministri
1080 3253 1260 3319 necessario
1273 3271 1344 3315 csse
1359 3248 1507 3326 debeant,

208 3409 296 3495 quod
310 3401 442 3482 omnino
466 3393 629 3476 singulare
644 3395 736 3466 esset3
753 3385 817 3446 ate
847 3385 1046 3441 caeterorum
1075 3369 1355 3436 sacramentorum
1371 3359 1510 3443 discipli.

211 3539 254 3585 na
271 3513 424 3581 alienum.

240 3605 339 3712 *Suae
354 3589 482 3702 quodue
495 3623 573 3678 non¹
591 3594 853 3672 contemnendae,
883 3601 914 3655 et
942 3578 1273 3672 prudentissimorum
1295 3577 1435 3640 vir-orum
1459 3575 1512 3657 ju.

133 3791 137 3808 ,
213 3736 298 3801 dicio
313 3747 414 3812 aeque
430 3718 610 3808 probabiles
625 3717 1018 3794 argumentortrmzcauses
1046 3679 1177 3770 habent,
1193 3690 1376 3776 quiflcontra¹
1405 3705 1511 3750 sense.

213 3857 297 3918 runt,
341 3837 472 3903 Etenim
487 3817 560 3912 ipsi'
572 3825 824 3887 observaverunt
848 3809 1012 3892 imprimis,
1029 3800 1209 3870 verosimile
1238 3796 1414 3864 admodum
1430 3815 1510 3874 csse,

160 3961 164 3968 ⁴
215 3957 382 4042 Christum
397 3945 575 4013 Dominum
589 3938 624 4000 in
644 3925 844 4002 sacramenti
872 3917 1067 3987 matrimonii
1096 3911 1295 3978 institutione
1321 3908 1512 3972 Sacramen.

117 4079 126 4092 “
186 4073 190 4080 ’
214 4072 285 4136 tum
301 4066 407 4148 ipsum
421 4066 556 4120 naturae
582 4039 776 4110 matrimonii
805 4017 1110 4119 accommodavisse,
1142 4031 1176 4084 ut
1189 4029 1354 4106 propterea
1369 4015 1391 4078 ii
1407 4015 1514 4078 matri-

215 4179 316 4246 monii
330 4176 575 4239 Sacramentum
605 4155 806 4228 conficerent,
829 4146 886 4228 qui
915 4135 1112 4205 matrimonii
1138 4141 1337 4194 contractum
1360 4127 1513 4194 'conficie-

321 4277 512 4364 eamqueob
531 4269 603 4336 'rem
619 4268 735 4329 mirum
764 4247 836 4325 esse
850 4273 916 4318 non
930 4251 1053 4323 debere,
1083 4245 1111 4306 ai
1140 4238 1301 4323 quaedam
1331 4237 1364 4300 in
1379 4237 1441 4298 hoe
1456 4236 1514 4300 Sa.

401 4379 584 4470 ¹singularia
612 4375 813 4456 recipiantur,
842 4381 928 4446 qaae
955 4359 988 4420 in
1016 4351 1149 4417 caeteris
1178 4339 1514 4412 Sacramentiemini-

449 4477 575 4561 Deinde
591 4497 623 4550 et
636 4491 781 4549 veterum
792 4487 968 4550 canonum,
979 4477 1015 4558 ,φῖ
1028 4455 1212 4527 Tridentini
1227 4451 1361 4522 Concita
1379 4448 1515 4514 sanctio

187 4281 304 4370 '.b'ant;

126 4485 131 4492 ,
165 4401 167 4409 “
191 4477 194 4482 ,
215 4405 380 4465 cremento

158 4503 168 4518 ⁸
199 4515 267 4579 ''ute
277 4483 428 4574 obtinent.
