3146 4980
352 427 400 478 an
412 423 667 488 cruentamur
682 421 776 470 aran
792 419 879 471 erar
894 417 1078 470 cccrum.
1297 393 1361 464 w

87 548 408 638 unmacbehendae
431 547 552 618 asbol'n
566 556 714 634 parentes
728 545 815 630 ipsos
839 548 861 614 a
875 541 1095 612 concubinatu
1108 537 1153 608 ad
1166 537 1299 624 nupuaa
1312 538 1361 606 ic·

85 665 217 743 rihmot,
235 658 512 746 quemadmodum
526 657 676 742 nuperius
688 654 897 735 ιάιιοιιιιιιιιι,
922 672 984 720 nec
996 671 1070 720 cese
1083 661 1206 736 poterat
1227 659 1294 717 tam
1309 649 1361 714 be

84 771 168 854 ngat
189 769 373 852 liriacipurn
395 765 547 832 voluntas
560 763 796 842 adversusaoo,
821 761 879 844 qui
893 779 981 844 vaga
1005 760 1052 824 ita
1062 757 1203 824 diauim
1227 755 1363 822 libidine

83 877 160 944 docti
170 877 260 945 modo
273 875 464 944 concinnus
478 871 707 950 adhaerebant,
722 869 819 936 medo
833 869 1029 954 adjiciebant
1049 867 1118 932 alia
1131 864 1365 950 superinducta

83 983 328 1067 legiu'mauxnre,
353 981 451 1051 modo
464 980 509 1048 ad
531 979 664 1047 ωάιιιιι
678 978 817 1044 maritali
842 977 1017 1044 adiectioni
1041 977 1149 1058 tertiis,
1175 976 1221 1040 ita
1245 975 1363 1056 duent,

83 1093 185 1176 nupu'is
199 1089 445 1156 revertebsntru.
487 1087 631 1160 Quodsi
646 1085 690 1152 ad
710 1087 951 1171 hanccpecienr
964 1086 1101 1150 minima
1123 1085 1278 1170 peru'nere
1291 1103 1364 1168 pos·

83 1207 145 1262 suut
157 1195 313 1269 musicis
322 1194 528 1266 naturalibus
542 1183 649 1268 liberis
662 1195 867 1263 iustinianeo
873 1197 948 1280 jure
961 1213 1126 1276 concmea,
1149 1194 1228 1277 qnid
1243 1212 1364 1260 caum

80 1325 137 1374 ene
149 1318 330 1392 petest-,cur
343 1327 383 1375 ea
396 1306 556 1384 beneficia
575 1307 795 1375 concedantur
808 1307 843 1372 in
858 1325 924 1372 uon
938 1305 1090 1374 disn'mili
1111 1307 1216 1390 specie
1230 1305 1308 1372 filile
1321 1317 1365 1372 ex

81 1431 177 1503 stupro
188 1420 319 1504 genitis,
328 1437 406 1516 ¹‹crttn
420 1415 631 1485 intomediae
645 1417 730 1484 aliea
743 1419 877 1502 nunnae
890 1417 1127 1502 proponunturl
1162 1415 1365 1492 lleueiicium

80 1524 176 1595 datam
188 1523 302 1594 libens
316 1520 368 1595 ,ax
381 1533 492 1608 stupro
515 1524 633 1608 genitis
658 1523 843 1593 traductam
866 1521 929 1590 fuit
944 1523 1116 1588 recentiore
1129 1531 1244 1604 aetate,
1269 1523 1365 1604 quan
1478 1541 1481 1548 ’

79 1621 153 1702 aee
161 1636 375 1716 siaailitrtdine
394 1639 544 1722 quadam
556 1657 601 1703 ex
625 1635 752 1719 aequali
767 1633 925 1700 beneficio
949 1649 1104 1698 concesso
1128 1631 1207 1696 olim
1213 1633 1287 1716 jure
1302 1629 1366 1698 Ro·

78 1762 162 1810 uano
174 1746 251 1813 liliis
263 1748 468 1814 naturalibus
480 1766 526 1813 ex
539 1746 721 1812 concubina
736 1744 905 1829 susceptis.
948 1743 992 1808 At
1006 1741 1201 1811 beneficium
1215 1741 1366 1826 interpre-

78 1851 181 1923 tatione
203 1857 288 1939 legis
301 1856 344 1922 ad
369 1857 563 1923 ιιιοιιιιιιιιι
587 1854 781 1938 proclianum
805 1853 851 1916 ita
875 1850 992 1918 ιιιῑιειιι
1015 1847 1230 1917 coercendum
1244 1855 1301 1925 eat,
1328 1854 1366 1910 ut

77 1963 254 2047 meismet
268 1963 407 2030 iorrnam
421 1971 443 2030 n
455 1965 526 2049 lege
541 1963 741 2047 inexpresso
755 1979 837 2026 casu
851 1960 1056 2046 designatam
1070 1959 1203 2024 minime
1218 1953 1364 2023 excedat

108 2071 166 2138 Est
178 2073 262 2140 alter
274 2071 402 2152 modus,
426 2091 492 2156 quo
506 2072 566 2138 filii
581 2071 717 2156 legitimi
730 2069 821 2151 fient,
846 2071 1002 2137 nimirum
1015 2089 1058 2138 ex
1079 2070 1230 2154 rescripto
1244 2068 1367 2134 Princi·
1388 2092 1390 2098 ·
1419 2093 1422 2104 ι

75 2181 123 2264 pis
162 2181 312 2248 Primum
326 2179 421 2246 refert
442 2180 637 2246 Anastasius
660 2179 838 2262 Imperator
852 2180 886 2244 in
912 2178 1110 2246 ininius
1124 2177 1195 2246 cod
1215 2177 1365 2246 denatu-
1439 2195 1445 2208 ·

75 2289 122 2356 rrl.
135 2291 222 2358 lrbec.
246 2289 424 2372 mulcta,
447 2288 656 2362 consuevisse
670 2305 713 2355 err
728 2287 902 2372 Principali
925 2289 1077 2374 rmriptc
1092 2287 1256 2354 naturales
1281 2287 1366 2354 lilios

74 2401 207 2486 abrogari
221 2401 362 2480 nPatre,
384 2415 488 2482 eaqrre
502 2397 624 2465 ndens
649 2395 809 2480 legitimos
822 2396 916 2464 effici.
960 2395 1027 2462 Sed
1040 2396 1122 2481 haec
1147 2393 1365 2480 abrogationis

73 2509 163 2581 barna
175 2529 267 2580 anno
280 2511 352 2576 519.
377 2507 543 2594 displicuit
556 2507 744 2590 lrrperatnri
768 2507 906 2587 Juatino,
931 2506 998 2576 lt.
1016 2501 1087 2572 c'od.
1101 2504 1173 2572 eod.
1195 2506 1251 2584 dt,
1267 2518 1304 2574 ut
1317 2507 1366 2576 sic

74 2619 202 2704 eiueape
216 2617 384 2702 lq'rtirnae
407 2615 528 2682 sobolis
541 2616 564 2682 ii
577 2625 694 2698 essem,
718 2615 867 2700 quicum
890 2625 1023 2700 pascent
1040 2616 1172 2700 nuptiae
1195 2614 1367 2697 celebrare,

72 2723 332 2792 inconcubinatu
357 2724 464 2809 potius
478 2743 609 2790 manere
633 2725 795 2794 volebant
836 2724 986 2809 ldipsuru
1001 2725 1091 2792 risus
1105 2737 1154 2790 est
1172 2724 1365 2794 confirmare

72 2829 239 2916 imperator
255 2831 460 2906 Jrretinianus
484 2832 521 2900 in
533 2833 617 2900 Nos.
632 2833 683 2898 89.
698 2853 769 2919 cap.
786 2835 826 2918 7.,
851 2836 910 2920 qui
922 2845 1033 2902 umen
1059 2837 1263 2913 miseratione
1284 2858 1365 2922 qua·

71 2941 148 3024 dam,
160 2956 194 3010 et
207 2942 383 3012 clementia
402 2943 583 3008 concitatus
597 2943 632 3008 in
651 2963 723 3028 cap.
738 2946 768 3010 9.
783 2944 929 3029 permisit
941 2945 1033 3028 patri,
1056 2955 1093 3010 ut
1105 2945 1257 3030 rescripto
1273 2946 1365 3014 Prin·

68 3055 140 3138 cipis
151 3055 321 3122 naturales
345 3053 461 3122 liberos
475 3053 630 3136 abrogare
654 3053 785 3134 voleret,
812 3073 878 3138 quo
892 3055 926 3118 in
942 3073 1031 3134 canu,
1058 3065 1091 3118 ct
1112 3053 1202 3120 libari
1226 3053 1363 3142 legitimi

68 3166 141 3232 nulli
154 3167 340 3246 etiami,
364 3175 397 3230 et
412 3164 464 3228 vel
478 3181 519 3228 ea
542 3162 825 3243 concubinaioret,
851 3183 937 3247 quae
961 3165 1095 3230 honeste
1119 3163 1155 3230 in
1176 3166 1365 3250 conjugium

68 3275 199 3342 adscisci
211 3293 282 3342 nnn
295 3283 411 3358 potest,-
435 3272 488 3340 cel
500 3291 551 3338 res
566 3271 721 3338 incideret
744 3273 778 3338 in
793 3291 871 3342 eurn
884 3293 1009 3355 casum,
1033 3293 1100 3358 quo
1120 3275 1365 3343 matrimonium

67 3383 245 3461 connlstere,
257 3391 318 3449 aut
330 3379 503 3464 instarrtari
523 3397 590 3447 nen
607 3379 736 3462 valeret,
750 3401 813 3448 cau
826 3382 855 3448 si
868 3392 958 3464 pater
983 3383 1085 3450 moris
1100 3382 1269 3450 Ecclesiae
1282 3381 1365 3450 crdi-

66 3492 155 3558 nibus
178 3491 369 3572 initiaretur,
395 3499 453 3554 aut
467 3489 649 3560 concubina
671 3487 827 3554 defuncta
850 3501 944 3571 esset,
969 3502 1027 3556 aut
1040 3475 1156 3556 eadem
1181 3493 1365 3558 concubina

63 3598 298 3667 confluentiam
320 3595 391 3664 Deo
406 3597 556 3664 vovisset
598 3597 639 3662 ln
652 3609 826 3682 conspectu
852 3599 971 3668 barum
986 3599 1097 3684 legum
1122 3617 1219 3666 nemo
1234 3621 1300 3668 non
1317 3602 1364 3668 vi-
1475 3641 1478 3650 ·

65 3707 121 3791 det,
133 3711 225 3781 banc
233 3707 317 3794 juris
328 3707 472 3782 ¹Rotnani
487 3705 693 3794 disciplinam
707 3709 816 3773 locum
832 3709 1057 3776 tautummodo
1071 3710 1224 3776 habuisse
1238 3715 1273 3778 ln
1287 3711 1364 3776 filiis

64 3815 277 3882 naturabbus.
317 3813 384 3878 Sed
408 3815 612 3880 successione
637 3828 817 3902 temporum
839 3818 986 3900 obtinuit,
1012 3830 1048 3884 ut
1074 3819 1282 3886 interdicente
1299 3841 1364 3886 res·

63 3925 156 4008 cripte
172 3924 336 4008 Principia
350 3921 441 3991 liberi
464 3943 578 3999 omnes
592 3925 664 3988 sine
678 3923 863 3993 discrimine
884 3947 926 3992 ex
940 3947 1148 4014 quacumque
1162 3931 1274 3996 illicite
1288 3949 1364 3996 con·

58 4035 223 4118 junctione
234 4033 378 4116 suscepti
404 4031 540 4118 legitimi
553 4029 677 4115 fierent,
691 4045 758 4098 tota
773 4054 805 4098 re
820 4035 854 4100 in
870 4035 1029 4120 Principis
1049 4037 1215 4102 arbitrium
1229 4035 1364 4118 colloca·

63 4155 100 4228 ta,
113 4165 193 4231 cap„
202 4145 255 4212 13.
269 4145 329 4227 qni
340 4143 402 4208 filii
414 4143 481 4208 sint
494 4143 637 4226 legitimi,
651 4145 735 4226 quin
749 4144 873 4220 reserat,
887 4165 931 4210 an
953 4157 1063 4228 mater,
1072 4167 1124 4212 an
1137 4159 1227 4232 pater
1242 4149 1363 4228 vivant,

62 4273 102 4320 au
115 4254 236 4320 mortni
251 4254 324 4334 emt,
340 4271 383 4318 au
399 4272 476 4320 curu
490 4253 611 4334 vivant,
627 4253 815 4334 ascendant,
832 4253 882 4318 rel
898 4253 1100 4336 dissentiant,
1115 4276 1159 4320 an
1173 4256 1363 4340 rescriptum

61 4377 186 4448 petatur
209 4371 347 4449 apatrc,
372 4363 424 4430 vel
449 4371 596 4448 amatre,
622 4365 710 4438 vela
735 4366 853 4432 liberis.
893 4369 1033 4439 ereties
1057 4367 1098 4434 de
1124 4369 1363 4451 Ecclesiasticis

57 4476 480 4569 tomtitcttiouibttaagstru,
504 4475 624 4560 quibus
638 4475 740 4562 spurii
764 4477 895 4546 acerna
912 4477 1026 4544 officiis
1040 4490 1197 4565 arcentur,
1223 4479 1364 4549 obtinuit
1467 4535 1478 4548 .
