3276 4984
188 409 231 475 38
323 398 338 411 ”
519 429 759 473 nrssnnrnrro
782 393 907 491 ratur,
931 409 1079 476 aornar.
1101 405 1161 474 ΙΙΙ.
1201 405 1203 412 ’

191 553 250 640 qni
264 551 430 638 coniugia,
446 574 530 640 qaae
544 553 624 616 solis
638 553 775 617 nntilnts
790 553 1037 631 contrabantur,
1052 560 1156 636 negat
1171 573 1240 616 esse
1255 551 1493 618 Sacramenta?

191 663 245 742 At,
261 664 330 726 nisi
343 684 395 728 noe
410 663 512 746 fallit
526 663 670 734 animos,
697 671 788 734 recte¹
805 669 917 744 negot.
962 659 1102 726 Etenim
1115 683 1180 726 non
1207 659 1384 746 Magister,
1401 668 1431 726 et
1446 655 1491 726 D.

197 773 460 854 litomasmotlo,
475 774 707 836 verumetiam
725 770 910 836 Concilium
937 769 1169 836 Florentinum
1183 769 1280 848 docet,
1305 771 1416 834 omnia
1432 767 1493 832 Sa»

136 888 143 900 '
190 892 360 948 craenenta
375 884 483 946 aaron
497 891 652 960 constare,
669 902 754 966 qttoe
768 881 799 943 si
813 880 929 959 desint,
952 879 1085 944 nnllam
1099 881 1232 944 ontrtino
1245 879 1359 962 confici
1372 875 1491 942 Socra·

188 996 346 1051 mentam.
391 987 544 1052 Tandem
558 999 629 1072 post
641 987 803 1069 quaedam
815 987 975 1071 proposita
986 987 1136 1071 exempla
1151 987 1195 1052 ita
1207 987 1380 1050 concludit:
1410 983 1493 1060 Qui-

190 1097 251 1164 loe
266 1121 306 1164 ea
329 1101 427 1165 redas
451 1101 590 1164 breviter
615 1100 800 1186 disputatis
825 1101 973 1183 intelligi
985 1107 1100 1184 potest,
1124 1119 1189 1164 non
1214 1101 1321 1164 solnm
1344 1095 1410 1164 non
1424 1119 1494 1164 esse

188 1205 313 1288 dogna
317 1204 410 1290 fider
426 1228 519 1270 ontne
524 1205 622 1292 fide
609 1229 681 1270 tum
688 1207 942 1271 matrimonium
958 1205 1214 1270 Sacramentum
1225 1225 1302 1286 csse,
1318 1207 1493 1271 sedetiam

188 1315 392 1380 contrariom
406 1317 537 1379 omnino
551 1321 747 1379 senterttt'am
761 1315 1019 1402 probabiliorem
1032 1333 1109 1378 esse.
1152 1306 1351 1377 Addendum
1363 1309 1417 1376 his
1432 1309 1501 1375 esti

158 1453 162 1462 ·
189 1423 278 1505 quod
304 1421 473 1486 adnotavit
488 1404 671 1486 cardinalis
696 1421 940 1487 Pallavieinus'
933 1438 966 1486 tn
990 1413 1132 1488 Historia
1154 1399 1338 1486 Tridentini
1354 1401 1492 1514 Obncilii

189 1535 258 1600 libr.
274 1536 324 1600 23.
340 1557 410 1620 cap.
425 1535 678 1618 ascribentur
694 1513 839 1630 Oducilio
854 1535 1024 1600 definitum
1050 1533 1182 1600 minime
1196 1533 1305 1614 fuisse,
1320 1523 1493 1598 clandesti-

188 1662 233 1708 na
248 1655 393 1722 veterum
408 1645 613 1712 matrimonia
623 1647 694 1730 jure
709 1620 991 1740 sacramentorum
1006 1645 1136 1726 censeri,
1161 1645 1362 1732 quamquam
1357 1638 1492 1709 defini·
1497 1639 1500 1648 ’

189 1759 259 1816 tum
274 1749 377 1831 fuerit,
393 1753 508 1824 eadem
521 1749 622 1815 fuisse
638 1751 740 1832 firma,
757 1773 795 1816 ac
810 1761 888 1832 rata,
904 1751 986 1817 adeo
1001 1763 1036 1816 ut
1051 1763 1250 1835 praestantes
1265 1749 1369 1842 aliqui
1381 1741 1493 1846 ‘lireo-

185 1857 252 1942 logi
266 1880 332 1926 non
347 1858 565 1927 dubitaverint
580 1861 636 1924 illa
659 1861 792 1944 quidem
806 1871 978 1946 agnoscere
992 1859 1094 1925 veluti
1114 1871 1296 1950 contractus
1321 1881 1385 1925 non
1402 1839 1493 1926 velu—
1506 1870 1509 1878 '

186 1963 455 2054 tiSacramenta.
487 1967 585 2033 Non
577 1969 674 2053 igitur
698 1982 815 2034 temere
841 1967 1059 2050 affirmabitur,
1086 1989 1179 2052 posse
1205 1963 1328 2053 aliquot
1342 1959 1488 2086 fidelitim

184 2073 334 2160 conjugia
349 2077 529 2159 subsistere,
545 2077 626 2160 quin
641 2079 706 2142 sint
728 2079 947 2144 Sacramenta.

225 2185 309 2248 Rern
324 2185 581 2250 demonstremus
596 2183 763 2271 exemplis.
807 2185 953 2252 Primum
968 2197 1023 2266 est,
1046 2183 1134 2268 quod
1149 2184 1295 2268 prorrigit
1309 2171 1490 2266 disciplina

153 2273 158 2284 ⁵
183 2312 268 2377 quae
283 2303 357 2357 ante
381 2277 566 2358 Concilium
580 2295 811 2360 Tridentinum
827 2297 964 2380 vigebat3
991 2297 1145 2360 nimirum
1167 2295 1201 2358 in
1215 2289 1426 2358 matrimoniis
1442 2296 1491 2354 tass

181 2401 262 2482 citis,
278 2422 336 2466 sau
350 2405 575 2486 praesumptis,
592 2415 628 2468 ut
643 2405 677 2468 in
692 2403 797 2486 specie
812 2425 882 2488 cap.
901 2407 948 2470 15.
965 2407 1025 2487 21,
1036 2408 1149 2490 jttncto
1165 2403 1223 2487 tt,
1239 2423 1309 2490 cap.
1325 2397 1375 2466 30.
1390 2414 1423 2466 et
1435 2399 1490 2465 32·

182 2505 224 2571 de
238 2509 487 2592 sponsabilibus;
504 2511 532 2574 si
557 2513 645 2575 enim
660 2512 721 2588 ista
746 2513 950 2595 potissimum
974 2515 1180 2596 emergebant
1201 2533 1243 2576 ex
1269 2511 1422 2576 diuturna
1436 2531 1489 2575 co·

182 2615 380 2687 habitatione
394 2639 513 2701 eorum,
528 2621 584 2703 qui
600 2629 714 2684 mutuo
729 2640 799 2684 sese
814 2621 970 2708 haberent
992 2620 1279 2705 tanquam'virum,
1295 2631 1327 2686 ot
1342 2639 1489 2704 uxorem,

182 2743 278 2789 nemo
293 2723 387 2788 facile
416 2727 558 2809 percipit,
575 2727 745 2809 quomodo,
769 2719 823 2790 vei
836 2746 901 2810 quo
916 2725 1057 2810 tempore
1082 2729 1330 2794 Sacramentum
1346 2737 1404 2793 aut
1418 2747 1489 2792 sos-

180 2833 346 2918 ciperetur,
363 2844 420 2898 aut
434 2835 675 2917 ministraretur,
691 2838 877 2920 praesertim
892 2837 926 2901 in
941 2849 1115 2921 conspectu
1136 2837 1270 2930 canonis
1284 2837 1314 2900 4.
1330 2855 1418 2901 caus.
1434 2823 1491 2920 32J

180 2953 304 3027 quaest.
319 2945 358 3022 2.,
375 2953 472 3028 atque
497 2945 549 3008 his
558 2945 655 3030 jungi
669 2937 768 3010 etiam
779 3023 781 3028 Ι
793 2955 924 3030 possent
949 2947 1098 3030 conjugia
1123 2943 1189 3026 illa,
1205 2963 1290 3028 quae
1303 2959 1361 3030 per
1374 2955 1484 3023 nutus,

180 3061 213 3116 et
227 3051 297 3116 sine
322 3053 428 3118 verbis
452 3055 692 3134 contrahantur,
708 3051 795 3139 quae
820 3046 1030 3120 Sacramenta
1055 3069 1125 3118 esse
1150 3053 1314 3120 inficiatus
1335 3055 1413 3119 olim
1432 3041 1487 3116 ¹est

178 3161 304 3242 Scotus,
320 3161 597 3246 quemadmodum
611 3163 707 3228 modo
717 3169 763 3228 'err'
783 3159 957 3228 Melchiore
972 3163 1063 3228 Cano
1077 3161 1261 3229 referebam.

222 3268 298 3332 Atia
313 3280 475 3353 praeterea
500 3259 648 3355 exempla
679 3263 924 3356 suppeditantur
938 3283 1010 3357 post
1034 3251 1218 3338 Tridentini
1241 3273 1377 3338 Ooncilii
1392 3283 1486 3337 sauc-

181 3375 292 3441 tiones.
336 3377 429 3448 Quid
444 3367 531 3443 enim
556 3398 606 3443 ex.
633 3399 688 3463 gr,
715 3381 743 3444 si
767 3382 832 3445 duo
853 3379 972 3472 ¹fuerint
998 3359 1144 3444 infideles
1169 3379 1311 3463 legitimo
1334 3369 1488 3463 conjugio

177 3487 291 3572 juncti,
315 3498 449 3572 uterque
464 3487 580 3554 deinde
605 3509 661 3572 per
685 3483 883 3574 baptismum
899 3487 1076 3554 'Ecclesiae
1101 3487 1315 3554 adscribetur?
1357 3483 1499 3554 Hormir'

181 3619 261 3663 sane
275 3599 463 3685 conjugium
489 3603 586 3664 etiam
615 3611 688 3684 post
709 3577 915 3690 baptismum,
942 3601 1189 3666 Sacramentum
1214 3598 1484 3678 minimedirero,

180 3708 244 3773 uisi
259 3719 330 3794 tum
344 3709 431 3791 torte,
446 3707 534 3793 quod
563 3709 712 3799 nonnulli
728 3709 930 3795 scripserunt,
957 3691 1033 3775 cum
1048 3711 1144 3774 ambo
1159 3709 1193 3772 in
1210 3719 1384 3792 conspectu
1400 3707 1485 3772 saet‘i

181 3821 363 3887 administri
388 3815 584 3904 consensum
609 3815 841 3904 renovaveiint,
868 3833 900 3887 et
919 3838 1043 3887 sacram
1070 3822 1268 3904 susceperint
1292 3807 1484 3884 benedictin

177 3946 278 4009 uem;¹
294 3927 380 4011 quod
409 3927 586 4012 plurimum
611 3949 785 4016 congruere
813 3929 948 4010 videtur,
979 3940 1015 3992 ut
1030 3947 1068 3991 ea
1092 3929 1214 3992 ratione
1230 3927 1350 3990 Christi
1379 3921 1483 4008 mutia

180 4039 370 4123 conjugibus
385 4039 419 4102 in
434 4051 471 4102 e'o
486 4039 695 4124 Sacramenta
718 4051 906 4126 praeparata
920 4059 985 4105 non
1006 4041 1221 4124 negligantur.
1265 4039 1391 4103 Interea
1405 4055 1486 4102 vero

180 4165 325 4228 quosque
348 4163 542 4212 consensum
557 4149 590 4214 in
616 4163 790 4234 conspeetu
814 4147 982 4213 Ecclesiae
1008 4167 1073 4213 non
1098 4159 1261 4227 renovent,
1284 4167 1349 4212 non
1375 4149 1483 4230 video,

175 4253 341 4338 quomodo
352 4257 408 4340 qui
423 4267 490 4320 erat
505 4259 642 4340 simplex
657 4257 852 4348 matrimonii
866 4254 1057 4338 contractus,
1074 4278 1129 4341 per
1139 4241 1484 4340 baptismum'tr‘ansire

180 4363 313 4446 incipiat
335 4364 369 4428 in
394 4363 650 4432 Sacramentum.
693 4367 768 4432 Non
784 4369 901 4450 ignoro,
929 4365 1054 4452 aliquos
1070 4389 1111 4432 ex
1137 4357 1252 4432 nostris
1267 4370 1482 4454 Scriptoribus

180 4475 359 4562 tradidisse,
374 4487 405 4543 et
419 4479 482 4544 hoc
503 4480 744 4544 matrimonium
759 4480 1005 4546 Sacramentum
1032 4479 1101 4545 fieri
1116 4479 1234 4566 inipso
1252 4481 1391 4566 suscepti
1406 4481 1484 4565 bap
