3168 4982
176 429 239 488 !lo
620 447 862 494 nissaa'rsrro
883 448 1034 496 cotnra.

174 582 265 646 uxor,
281 565 338 630 sed
352 567 541 647 concubina,
569 568 678 632 uxoris
695 579 763 632 trrrn
778 567 958 633 honestiore
984 569 1115 632 nomine
1129 565 1292 646 donanda,
1308 585 1383 630 cum
1401 581 1478 632 asu·

175 673 267 762 capio
281 673 442 755 complete
465 671 586 736 suisset.
630 675 730 745 erod
748 687 783 738 ut
796 677 915 740 clarius
942 677 1139 759 percipiatur,
1156 676 1336 740 notandum
1351 687 1407 753 est,
1425 675 1477 737 tri·

175 777 250 859 plex
277 779 365 860 apud
392 780 556 842 Romnum
581 793 703 844 veteres
729 781 828 846 fnisse
854 785 1107 848 concubinarum
1125 803 1237 865 genus.
1281 783 1375 848 Aliae
1389 783 1482 848 euim

173 895 264 948 eraut
278 887 433 948 honestae
448 903 610 967 personae,
636 907 713 950 eum
728 889 847 969 quibus
864 901 1026 972 propterea
1051 909 1115 954 non
1130 889 1318 952 indecorum
1332 899 1401 951 erat
1417 899 1478 950 tes·

172 995 326 1062 attonem
343 995 514 1058 liberorum
539 995 814 1076 suscipiendorum
831 997 957 1078 habere,
985 1007 1083 1078 atque
1098 996 1177 1058 istac
1194 991 1285 1058 finito
1308 993 1478 1074 usucapio-

172 1107 223 1168 nis
238 1123 325 1166 artno
340 1105 502 1186 legitimae
529 1121 643 1166 trxores
660 1103 856 1181 dicebantur,
882 1105 999 1184 quibus
1015 1103 1091 1166 olim
1120 1099 1160 1166 n'e
1177 1103 1258 1166 tales
1277 1101 1479 1184 appellaren-

173 1221 231 1288 tur,
247 1207 338 1272 alind
353 1229 418 1272 non
433 1211 549 1288 aberat,
566 1227 664 1290 quatu
681 1211 812 1272 antissio
828 1209 878 1272 vel
894 1207 1164 1288 confarreationis,
1189 1207 1239 1272 vel
1254 1207 1476 1289 coemptionis.

178 1319 267 1382 Aliae
283 1328 374 1380 eraut
388 1318 587 1380 concubinae
603 1318 711 1380 minus
728 1318 892 1396 honestae,
908 1317 1022 1398 quales
1038 1316 1240 1378 habebantur
1261 1311 1398 1376 ancillae
1414 1331 1479 1374 res·

175 1443 267 1513 pecto
285 1431 509 1512 ingenuorum,
526 1431 710 1510 peregrinae
726 1441 869 1510 respectu
886 1429 1017 1505 civium,
1032 1423 1199 1488 libertinae
1215 1435 1361 1508 respectu
1375 1425 1478 1486 Sena-

185 1553 290 1618 orum,
303 1539 515 1620 provinciales
540 1548 681 1619 respectu
698 1537 951 1613 [inmorantem
969 1534 1167 1612 Praesident,
1192 1532 1278 1598 uude
1294 1531 1481 1612 inaequalis

175 1649 354 1732 conjunctio
370 1649 603 1710 concubinatus
619 1647 804 1730 lmjrrsmodi
825 1645 998 1725 dicebatur,
1016 1643 1035 1706 l.
1052 1643 1080 1705 3.
1098 1663 1177 1704 vers.
1221 1643 1321 1714 erad
1333 1642 1364 1704 si
1380 1642 1481 1704 nuer-

173 1767 293 1836 utram,
309 1757 378 1820 cod.
395 1757 434 1818 de
462 1756 598 1820 natural.
616 1755 711 1833 laben,
738 1753 758 1816 Ι.
777 1757 802 1816 l.
819 1753 888 1816 cod.
906 1753 1069 1816 Tlrcodos.
1096 1753 1135 1814 de
1158 1751 1323 1832 Collegiat.
1368 1751 1482 1830 Atque

171 1867 229 1930 iste
247 1886 426 1946 numquam
453 1883 590 1927 uxorum
607 1864 735 1924 nornine
753 1863 807 1940 uti,
833 1881 870 1924 ac
888 1861 1044 1936 dignitate
1059 1861 1120 1924 suri
1147 1871 1298 1941 poterant,
1318 1877 1492 1939 quacum,

171 1989 234 2052 que
261 1969 458 2050 usucapione
475 1989 539 2032 non
566 1971 721 2049 obstante,
747 1957 822 2030 cum
838 1969 923 2032 enim
951 1967 1014 2032 tion
1033 1969 1275 2032 admitterentur
1301 1965 1477 2044 camisiis,

171 2076 265 2157 quast
282 2089 392 2138 contra
408 2075 516 2154 decus,
532 2075 699 2164 faciendae
715 2075 863 2158 publicae
879 2079 1071 2155 testationes,
1089 2087 1278 2158 argumento
1293 2074 1313 2137 l.
1331 2077 1359 2136 l.
1375 2074 1482 2156 princ.

174 2185 203 2248 ff.
220 2187 260 2248 tle
274 2187 471 2266 concubinis,
499 2185 564 2248 etl.
581 2187 631 2250 2i.
647 2186 678 2250 ff.
707 2187 746 2250 de
764 2188 825 2249 ritu
841 2199 989 2269 nrrptrar,
1015 2187 1123 2249 deerat
1144 2188 1253 2268 justus
1280 2185 1403 2263 titulus,
1419 2190 1481 2268 qui

172 2298 361 2378 usucapioni
386 2317 520 2361 causam
537 2299 707 2379 praeberet.
751 2299 806 2362 Sic
822 2299 977 2380 Apuleius
994 2297 1026 2362 in
1043 2297 1110 2362 libr.
1127 2301 1159 2360 5.
1184 2297 1225 2360 de
1249 2297 1352 2360 Asino
1367 2292 1495 2362 Aureo'

173 2401 216 2464 ita
233 2403 397 2468 scribebat:
437 2403 588 2488 [inpares
602 2407 748 2490 ineptiae,
766 2403 804 2470 ac
815 2415 993 2490 propterea
1007 2409 1044 2470 in
1058 2407 1149 2488 villu,
1164 2409 1235 2470 sinc
1249 2407 1394 2488 testibus,
1415 2419 1481 2473 aut
1573 2453 1574 2456 =

171 2522 268 2596 patre
282 2535 348 2576 reon
361 2515 577 2578 consentiente
593 2517 718 2597 sactae,
745 2515 894 2598 legitime
909 2537 973 2580 non
984 2523 1128 2598 possunt
1150 2515 1264 2594 videri,
1287 2537 1326 2580 nc
1337 2537 1400 2600 per
1415 2518 1483 2581 Irae

173 2625 314 2708 spurius
335 2626 397 2686 iste
411 2631 579 2703 nanceium
602 2635 634 2684 et
649 2622 836 2691 Marcianas
862 2623 895 2684 in
921 2621 987 2698 libr.
1005 2623 1034 2684 3.
1051 2619 1083 2684 ff.
1110 2619 1151 2684 de
1164 2620 1335 2684 concubia.
1358 2621 1480 2703 ajebat:

173 2727 214 2794 ln
228 2731 444 2794 concubinatu
456 2738 563 2814 potest
578 2751 646 2794 csse
672 2739 701 2794 et
717 2731 828 2794 atiena
842 2729 967 2808 liberta,
992 2737 1023 2792 et
1037 2731 1196 2812 ingenua,
1222 2737 1254 2792 ct
1266 2731 1414 2794 manime
1427 2751 1482 2808 ea,

171 2859 255 2924 quae
270 2839 401 2904 absarro
417 2840 482 2906 loco
496 2847 578 2903 nata
592 2847 650 2916 est,
664 2839 715 2903 uel
725 2847 896 2923 peruentum
912 2859 1045 2922 corpore
1049 2839 1150 2921 secit;
1160 2839 1306 2922 alloquin
1320 2839 1352 2900 si
1365 2837 1484 2903 tanes-

172 2955 225 3009 tae
240 2947 335 3023 vitae
364 2955 394 3010 et
409 2947 593 3029 iirgenuanr
608 2949 780 3012 naulicrcna
797 2950 833 3010 in
848 2947 1098 3010 correubinctnm
1111 2947 1228 3010 labne
1249 2948 1417 3026 maluerit,
1433 2951 1482 3012 si-

172 3076 215 3119 ne
240 3037 410 3120 testatione
432 3055 490 3120 trac
514 3057 731 3141 omnisesturn
754 3077 819 3120 nan
843 3055 1043 3134 conceditur,·
1067 3055 1126 3118 scd
1149 3075 1275 3118 necesse
1296 3055 1397 3134 estet,
1426 3057 1486 3123 vet

173 3184 310 3228 ornarem
334 3165 553 3243 comitabere,
576 3165 629 3228 vel
651 3165 708 3228 lica
734 3173 939 3229 recusantem
964 3174 1123 3248 stuprum
1145 3185 1220 3228 cum
1243 3185 1283 3228 ea
1299 3165 1486 3248 emrtittere,·

174 3291 248 3336 cum
265 3292 329 3356 quo
344 3285 500 3336 consonat
527 3271 727 3337 Modestinus
743 3270 884 3336 scribens
899 3273 931 3335 io
948 3269 967 3335 l.
982 3271 1033 3336 at.
1050 3273 1082 3336 ff.
1098 3271 1141 3336 ad
1157 3271 1217 3356 leg.
1233 3275 1252 3338 J
1256 3273 1297 3338 ul.
1312 3271 1352 3336 de
1366 3271 1487 3358 adult,

175 3393 323 3466 stuprum
345 3385 530 3448 commitere
556 3401 641 3464 eum,
667 3385 725 3469 qui
750 3383 886 3448 liberum
910 3385 1084 3450 mittierern
1098 3385 1344 3451 consuetudinis
1364 3407 1487 3476 causa,

174 3511 241 3556 nora
265 3493 472 3557 matrimonii
496 3483 644 3570 continet,
671 3500 804 3576 excepta
829 3491 978 3556 videlicet
1003 3493 1196 3572 concubium·
1224 3491 1319 3573 quasi
1349 3490 1490 3574 duent,

175 3577 300 3687 praeter
315 3599 582 3664 consuctrulinem
606 3597 673 3662 fiori
690 3599 869 3662 necessario
883 3597 1033 3663 debuisse
1048 3599 1258 3677 testationem,
1282 3610 1318 3662 ut
1333 3601 1408 3680 <ruis
1424 3600 1490 3664 cri·

176 3705 265 3770 mine
281 3707 435 3770 immanis
451 3718 541 3786 esset,
568 3717 703 3789 excepta
717 3725 764 3786 ea,
790 3725 874 3788 quae
889 3707 998 3771 minus
1012 3705 1149 3772 honesta
1164 3717 1255 3788 esset,
1277 3717 1309 3770 et
1322 3725 1401 3772 cum
1414 3724 1492 3792 qua

176 3811 287 3876 testari
301 3811 428 3894 publice
443 3833 507 3876 non
523 3813 656 3894 deceret,
672 3834 771 3896 quam
787 3825 952 3898 propterea
966 3815 1181 3878 concubinam
1196 3814 1356 3898 apellavit.
1401 3815 1491 3884 Ter·

179 3923 262 3988 tium
275 3924 527 3987 concubinarum
554 3943 658 4007 genus
672 3937 737 3988 crat
753 3945 875 4002 earum,
898 3927 1062 4009 quaejam
1088 3935 1256 4008 provectae
1281 3933 1388 3988 aetate
1406 3925 1494 3991 suis·

180 4046 262 4116 sent,
277 4045 334 4100 citt
347 4034 452 4098 dictae
467 4037 568 4114 abeo,
585 4036 641 4116 qui
656 4037 749 4118 inops
764 4045 857 4114 esset,
873 4037 983 4119 etjam
998 4055 1039 4100 ex
1055 4035 1263 4118 praecedente
1278 4035 1494 4104 matrimonio

181 4141 351 4204 liberorum
376 4159 510 4205 nurnero
536 4151 698 4224 gravatus.
743 4143 782 4206 ln
811 4141 879 4206 istis
904 4153 1013 4208 autem
1039 4144 1205 4226 speciebus
1233 4143 1332 4206 etiam
1358 4151 1495 4212 testatio
1569 4179 1570 4182 ¹

180 4245 395 4328 omittebatur;
419 4245 580 4328 siquidem
596 4259 739 4331 respectu
755 4251 1008 4314 concubinarum
1024 4260 1129 4314 aetate
1151 4261 1383 4333 provectarum,
1398 4265 1433 4316 et
1449 4255 1497 4319 de

181 4359 299 4441 quibus
315 4359 406 4422 nulla
421 4359 524 4442 proles
547 4359 664 4442 sperari
682 4373 812 4444 poterat,
828 4381 893 4425 nou
916 4361 977 4426 uisi
993 4361 1053 4424 rita
1070 4373 1206 4444 excepta
1229 4359 1401 4428 liberorum
1417 4383 1497 4430 sus-

183 4467 404 4549 cipiendorum
418 4469 603 4552 protestatio
614 4467 737 4552 fuisses
755 4479 900 4550 respectu
915 4471 1023 4534 autem
1038 4489 1157 4550 eorum,
1173 4469 1228 4552 qui
1240 4469 1415 4536 liberorum
1429 4491 1498 4540 nu-
