3216 4988
363 411 367 422 .
398 369 448 428 tn
461 372 537 421 rin.
553 372 600 429 ea
615 369 894 423 capessamus
913 369 1112 436 praesepii.
1344 347 1412 416 ΞΠ

25 499 27 578 ξ
125 491 450 578 gndbusdlacipliua.
494 493 660 578 Equidem
672 493 750 561 oliui
773 513 866 561 moia
880 493 1003 561 fiebam
1025 513 1081 576 pro
1096 491 1266 574 defunctis,
1288 492 1339 556 rel
1355 492 1412 558 die

25 597 27 618 ³
125 607 212 683 tertio,
228 605 275 668 rel
289 606 432 687 semino,
460 605 512 678 rel
528 607 703 688 trigesimo,
715 604 766 668 rol
781 602 1032 690 quadragesime
1051 603 1092 666 ab
1106 600 1293 670 eorumdem
1308 603 1408 681 obitu,

25 793 27 800 Ι
124 717 344 800 postulantibus
358 715 559 796 haeredibus,
585 730 644 782 aut
657 720 704 780 ita
720 716 901 798 postulante
926 715 1082 796 singulari
1097 715 1131 778 iu
1157 716 1316 797 quosdam
1333 714 1407 778 fide-

25 807 27 850 *
123 829 192 894 lium
207 831 327 910 pietate,
344 839 535 914 ergiuiiento
547 827 855 895 canonicalem.
873 827 921 892 13.
938 838 1061 920 quaest.
1085 828 1125 908 2.,
1141 828 1197 910 qui
1213 839 1261 890 est
1275 827 1410 892 Ambro-

25 919 26 1014 ᾗ
122 939 163 1002 sii.
184 937 243 1004 Sed
258 940 320 1004 boe
335 942 457 1006 Minae
473 951 644 1026 perpetum
659 959 725 1004 nou
740 950 840 1015 erant,
864 949 978 1019 utpote
992 957 1075 1018 quae
1092 937 1191 1002 semel
1206 937 1408 1002 celebraban-

122 1061 172 1114 tur.
191 1052 389 1135 Regularitei
414 1051 742 1136 imprecationes
767 1051 891 1114 institui
907 1061 1155 1126 eorisiieverimt¹
1175 1049 1246 1112 sive
1259 1050 1303 1112 ad
1318 1049 1409 1112 erini-

25 1205 27 1242 3
121 1161 256 1240 remmia,
282 1164 350 1226 'sire
365 1162 408 1226 ad
423 1175 597 1239 menstrua
624 1162 694 1224 sire
708 1160 751 1222 ed
777 1159 1041 1238 hebdomadaria,
1066 1161 1135 1222 sire
1151 1159 1192 1224 ad
1218 1137 1409 1240 quotidiana

25 1349 26 1354 ἵ
120 1267 267 1352 suffugia.
312 1271 356 1334 Et
369 1270 501 1352 quidem
516 1271 664 1334 solebant
688 1270 767 1334 oliui
781 1271 1000 1334 anniversaria
1023 1269 1075 1332 die
1090 1269 1268 1334 oblationes
1285 1268 1352 1332 lieri
1368 1267 1410 1332 ab

25 1369 26 1372 '
119 1373 297 1442 haeredibus
322 1382 356 1444 iu
372 1397 550 1462 pauperum
578 1397 666 1454 imur,
693 1377 869 1442 incultum
897 1377 1129 1456 Ecclesiaruui,
1151 1379 1182 1442 iu
1207 1379 1409 1440 sustentatio·
1503 1363 1504 1367 ¹

118 1503 183 1548 uem
195 1487 403 1570 Gloi'icornm3
430 1487 547 1550 deiude
562 1507 603 1550 ex
628 1487 820 1568 praescripto
835 1487 993 1551 testatoris
1009 1485 1077 1548 lieri
1092 1487 1204 1568 coepit,
1229 1498 1263 1551 ut
1277 1486 1409 1548 oblatio

117 1613 167 1657 nes
180 1595 290 1662 eodem
306 1611 447 1678 ternpore
463 1597 596 1660 Clericie
611 1595 733 1672 beraut,
750 1595 801 1656 vol
819 1594 953 1659 Missam
969 1594 1217 1674 celebrantibus,
1243 1595 1291 1656 vel
1309 1597 1410 1658 seriis

116 1683 270 1772 solemniis
284 1709 499 1786 arietantibus,
521 1727 662 1789 quarum
677 1709 800 1770 tuentio
813 1706 848 1770 lii
866 1709 898 1770 iu
914 1709 991 1789 cap?
1008 1727 1063 1770 iun
1078 1706 1122 1770 de
1134 1709 1217 1771 Olea
1234 1727 1300 1769 uou
1317 1706 1409 1772 resid.

116 1807 143 1874 in
157 1813 183 1875 6.
221 1813 318 1881 Porro
333 1817 489 1879 institutis
502 1814 679 1880 lioumaiiis
695 1815 869 1878 uissaiiiin
888 1816 1095 1896 privatarum,
1111 1817 1152 1878 ad
1171 1817 1285 1879 linium
1301 1837 1407 1880 exem-

115 1921 195 2004 plum
212 1927 262 1990 ,ad
277 1939 364 1990 certa
389 1945 519 2008 quoqne
545 1927 715 1992 hoiioraiia
743 1927 890 1990 redactae
916 1941 993 1990 siiiit
1017 1930 1205 1992 carumdem
1234 1931 1409 1995 Missurum

114 2047 330 2113 perpetuarum
356 2035 542 2113 oblationes,
567 2035 653 2098 sieut
666 2047 697 2100 at
714 2035 860 2100 instituta
889 2051 1041 2118 perpetua
1057 2037 1176 2118 blissae
1198 2037 1409 2100 celebrandae

113 2141 254 2224 obligatio
265 2143 496 2206 ecelesiasticis
509 2145 792 2206 constitutionibus
808 2144 1007 2220 condunato,
1023 2164 1094 2226 cap
1111 2145 1158 2208 ll.
1175 2142 1412 2226 depraehensi,

111 2267 169 2330 qua
184 2263 291 2318 teman
318 2253 352 2316 iu
368 2255 473 2336 specio
491 2253 596 2316 licebit
622 2253 786 2318 Sacerdoti
802 2265 936 2336 gravate
952 2255 1041 2318 alteri
1068 2254 1314 2316 celebrationem
1335 2255 1410 2316 ulie

111 2365 338 2443 anamundaro,
365 2363 543 2428 dummodo
570 2363 686 2426 saltem
709 2381 783 2427 eam
809 2363 1051 2444 eleemosynarii
1080 2364 1281 2426 mamiatario
1304 2365 1408 2440 cariat,

110 2485 184 2549 quae
200 2474 232 2536 iu
250 2495 314 2537 usu
329 2487 376 2536 est
393 2475 425 2540 iri
440 2493 480 2536 ea
497 2471 675 2548 Proviucia
704 2473 735 2534 iii
752 2491 818 2552 qua
836 2471 1036 2550 beneficium,
1055 2492 1111 2534 eeu
1129 2471 1341 2554 cappellania
1357 2483 1408 2534 est
1479 2470 1480 2474 ’
1508 2512 1510 2514 -

109 2589 211 2658 emota²
238 2581 319 2661 qiiiu
338 2593 484 2642 terreatur
501 2581 658 2661 integram
685 2579 868 2644 reddituum
896 2581 1071 2662 portionem
1098 2581 1283 2658 concedere,
1306 2600 1410 2661 <piam

108 2677 285 2766 lucraretur,
314 2689 341 2749 ei
359 2689 495 2770 ipseper
521 2705 555 2748 sc
570 2687 751 2764 celebraret,
780 2689 1005 2774 praesertimsi
1031 2687 1260 2770 Oiippollauus,
1282 2709 1339 2752 seu
1357 2689 1410 2752 be

107 2792 285 2859 oidelerius
302 2796 378 2858 aliis
389 2798 539 2860 oneribus
555 2798 584 2858 ri
602 2795 758 2873 beneficii,
775 2817 833 2860 scu
850 2797 1081 2880 Oeppcllanieo
1097 2807 1291 2879 giauaretur.
1321 2795 1407 2878 letae

106 2901 308 2970 solidationes
324 2908 503 2971 recentibus
530 2907 669 2991 saeculis
684 2906 766 2970 eden
781 2919 1001 2985 excreverunt,
1025 2921 1061 2972 ut
1076 2905 1252 2988 aliquando
1267 2907 1409 2985 contige·

105 3015 139 3078 rit
153 3019 279 3102 impleri
295 3041 410 3084 omues
422 3019 556 3082 omuino
570 3039 635 3082 nou
653 3039 755 3101 posse,
778 3021 847 3081 sive
862 3021 951 3100 quod
965 3019 1121 3101 peirlatim
1139 3019 1406 3082 iuiiiiiuuoieutur

104 3124 242 3190 redditus
269 3136 289 3200 a
317 3127 488 3190 soledetate
512 3129 681 3211 designati,
708 3131 777 3190 eive
797 3128 884 3209 quod
911 3129 1171 3190 excrescentibus
1197 3127 1411 3192 uiauiialibus.

103 3227 315 3320 eleemosynis
332 3257 389 3320 par
404 3257 468 3300 nou
484 3250 569 3299 esset
591 3257 745 3301 immarus
760 3237 980 3302 Sacerdotem.
1026 3237 1112 3301 Hiuc
1128 3237 1337 3302 saluberrime
1353 3240 1406 3300 ilc-

101 3358 196 3409 crerrt
212 3347 399 3412 Concilium
425 3347 659 3411 Trideiitiimm
673 3367 750 3410 sess,
777 3349 831 3414 25„
844 3368 913 3430 cap.
931 3345 959 3409 d.
977 3347 1017 3409 de
1039 3347 1190 3422 Reform,
1215 3361 1252 3410 ut
1267 3345 1406 3410 facultas

101 3465 181 3515 esset
196 3441 371 3536 Episcopis
398 3453 431 3522 in
446 3453 581 3538 syuodo
607 3455 815 3533 Dioecesaua,
843 3459 919 3519 item
935 3457 1124 3537 Abbaiibus,
1146 3471 1177 3520 et
1192 3457 1410 3519 Generalibua

101 3557 262 3626 Ordiuum
278 3563 310 3626 iu
328 3565 487 3646 Capitulis
513 3566 728 3649 generalibus,
743 3587 775 3630 rc
789 3565 960 3649 diligenter
977 3582 1140 3650 perspecta
1165 3587 1222 3650 pro
1237 3587 1299 3630 sua
1314 3585 1405 3630 cous

100 3669 213 3736 olentia
229 3676 264 3738 in
283 3659 440 3739 Ecclesiis
465 3676 523 3740 sibi
541 3668 704 3760 siibjectia'
724 3699 808 3762 qiias
822 3697 906 3742 nova
923 3679 1103 3762 provisione
1129 3679 1272 3762 indigere
1288 3699 1405 3764 cogno.-

101 3779 199 3843 rariiit
214 3781 382 3846 atatiieudi
408 3783 492 3846 cirea
507 3803 565 3862 ee,
580 3781 740 3867 quidquid
755 3786 862 3868 magis
887 3785 931 3847 ad
948 3786 1008 3848 Dei
1035 3786 1189 3850 lionorem
1215 3798 1246 3850 et
1268 3787 1407 3867 cultum,

99 3896 192 3969 atque
209 3891 434 3955 Ecclesiaruui
451 3893 621 3957 utilitatem
639 3885 775 3958 videi-uli
789 3889 951 3982 expedire.
981 3897 1086 3962 Hodie
1102 3899 1137 3961 iu
1148 3899 1293 3982 pluribus
1311 3899 1406 3961 liioe-

97 4001 223 4066 ceribus
251 4013 377 4086 recepte
393 4015 441 4065 est
465 4004 645 4086 discipline,
673 4017 708 4068 ut
724 4007 886 4092 Pipiiseopu,
914 4020 971 4072 aut
998 4010 1139 4073 Abbatea
1165 4011 1228 4074 hac
1252 4009 1411 4076 iaciiltate

96 4109 326 4196 destituantur,
342 4117 447 4199 sitque
461 4137 544 4200 opus
560 4118 602 4182 ed
618 4137 691 4182 eam
707 4140 774 4183 rem
790 4119 963 4206 confugere
983 4123 1025 4186 ad
1041 4123 1260 4206 Apostolicam
1276 4122 1405 4204 Sedem,

96 4221 155 4286 nisi
180 4227 258 4307 quis
286 4227 443 4311 singulari
469 4229 637 4314 privilegio
665 4249 745 4310 carii
764 4227 954 4298 tecutmen
979 4235 1095 4298 iteruin
1124 4254 1159 4298 se
1187 4233 1411 4318 adquisivisse-

96 4325 306 4396 demonstret.

134 4439 266 4510 Quinta
282 4431 430 4528 denique
447 4446 630 4514 observatio
642 4460 767 4536 spectet
780 4471 893 4518 merae
907 4451 1349 4607 §Imbarilsvtiaegistodiaml
1370 4456 1408 4524 in

301 4570 305 4576 ·
960 4559 1033 4604 oie·
1056 4563 1057 4568 ¹
1088 4579 1138 4604 .-
1183 4587 1192 4605 .
