3276 4984
31 609 33 686 l

150 425 297 477 tuomum
311 427 353 472 nt
367 425 772 474 commemorantium
788 424 899 473 nauto
913 427 1123 490 GOM'RAG'I'„
1140 431 1187 476 m·
1203 433 1356 478 SACRAM·
1388 415 1431 482 33

151 552 213 613 tntis
225 551 390 634 opinionis,
405 552 563 634 adquam
577 551 810 616 adstruendam
838 562 1000 636 coguntur
1026 551 1115 616 illius
1143 565 1313 620 assertores
1326 567 1373 624 tot
1386 558 1433 623 di-

149 669 244 722 renas
258 659 428 741 omnnem
443 659 542 724 nnius
556 659 759 726 Sacrameuti
774 662 929 743 materies,
955 671 988 726 et
996 661 1128 743 ¹fermus,
1159 683 1298 746 quarum
1312 667 1433 752 plerae-

146 783 200 847 que
214 765 380 828 haereticis
395 766 591 847 nugatoriae,
606 775 664 830 eut
678 779 761 830 certe
776 786 893 850 parum
907 767 1030 834 solidae
1046 769 1205 838 videntur.
1252 825 1255 830 .

181 873 248 938 Jonr
266 893 340 937 vero
355 873 553 955 proferamus
569 887 787 956 monumenta,
818 879 936 960 quibus
952 889 1088 962 utraque
1116 895 1212 961 secta,
1229 894 1297 958 tarn
1311 865 1430 966 eorum,

145 981 193 1063 qui
207 983 297 1045 Oano
311 983 537 1062 adhaeserunt,
557 1001 658 1064 quam
672 1003 792 1063 eorum,
822 987 879 1068 qui
893 1001 1004 1054 contro
1033 990 1163 1054 Ocnum
1191 1003 1367 1073 senserunt,
1398 996 1432 1058 in

146 1111 227 1156 suam
242 1095 383 1176 quisque
397 1104 519 1177 partem
534 1093 618 1156 trahi
634 1094 767 1178 professi
782 1109 867 1160 suut.
911 1099 1042 1182 Singuli
1056 1099 1180 1162 ratione
1194 1117 1215 1182 p
1233 1111 1351 1184 ¹guent:
1368 1104 1432 1168 siu·

145 1203 204 1284 guli
219 1203 405 1267 traditiones
423 1203 563 1282 Petrum,
579 1221 618 1266 ac
647 1216 799 1284 veterum,
817 1205 1059 1289 Theologorum
1072 1211 1248 1277 sententias
1272 1229 1352 1275 suae
1366 1215 1433 1296 opi-

144 1311 221 1374 nionr
243 1313 500 1376 accommodant:
529 1313 650 1396 singuli
679 1313 721 1376 de
735 1314 919 1378 Tridentini
949 1315 1092 1390 Concilio
1118 1329 1224 1383 mente
1240 1321 1432 1404 investigan-

143 1422 180 1484 do
192 1423 327 1504 solliciti,
347 1423 449 1486 neutri
464 1425 668 1506 perspicuum
683 1423 906 1488 definitionem
920 1425 1087 1490 Ecclesiae
1099 1441 1319 1512 proponentes.
1363 1433 1432 1502 Qui

144 1531 224 1596 Cano
252 1531 482 1614 adhaeserunt,
511 1530 632 1616 dupiicr
661 1545 924 1616 argumentorum
954 1554 1069 1616 genere
1098 1548 1242 1622 utuntur;
1273 1540 1434 1622 siquidem

144 1641 233 1720 primo
249 1661 347 1706 suam
363 1642 547 1724 opinionem
560 1641 707 1722 aliorum,
723 1642 817 1724 quasi
833 1643 999 1722 absonam,
1024 1652 1056 1706 et
1070 1644 1211 1708 alienam
1234 1651 1255 1712 t
1270 1647 1433 1728 germanis

146 1768 242 1817 morae
256 1753 423 1816 doctrinae
438 1753 602 1838 principiis
630 1753 816 1818 conficiunt
860 1755 912 1818 Ad
938 1756 1077 1838 primunr
1093 1775 1196 1839 genus
1212 1756 1351 1822 referunt
1366 1759 1434 1842 plu·

144 1861 230 1926 rimas
245 1863 441 1929 Sanctorum
458 1865 596 1928 Petrum·
618 1875 761 1928 veterum
789 1861 954 1942 formulas,
984 1867 1139 1930 nimirum
1167 1867 1283 1949 Ignatii
1314 1865 1434 1948 Marty-

143 1973 185 2052 ris,
201 1967 380 2037 Clementis
396 1975 618 2051 Alexandrini,
644 1973 850 2052 Tertulliani,
865 1973 1034 2053 Ambrosii,
1051 1986 1082 2038 et
1101 1975 1337 2059 Episcoporum
1352 1977 1435 2040 Oen-

140 2079 197 2145 cilii
225 2084 470 2166 Cartagiueusis
485 2085 585 2167 vulgo
599 2083 663 2164 lv,
679 2082 844 2166 ajentiurn,
858 2085 998 2167 nuptiae
1012 2085 1227 2150 benedictione
1256 2087 1434 2165 Ecclesiae,
1459 2119 1461 2124 ·

141 2196 316 2280 obsigniari,
332 2207 389 2260 aut
403 2197 602 2283 confirmari
619 2197 852 2260 item'monnm
872 2194 1039 2280 imponere
1067 2190 1265 2276 nubentibus
1280 2198 1436 2264 Socerdo

138 2310 189 2382 tes,
204 2321 242 2366 ac
256 2305 458 2370 benedicere:
473 2303 600 2368 adduut
624 2314 788 2388 praeterea
813 2301 980 2368 'Phornanr
1009 2304 1207 2386 Aquinatem
1223 2306 1254 2370 in
1269 2305 1390 2371 tidini
1407 2307 1434 2368 1.

140 2421 253 2491 quaest.
272 2415 303 2476 1.
329 2422 387 2476 art.
402 2413 432 2475 3.
448 2413 648 2490 scribentem,
678 2407 929 2488 matrimonium,
944 2409 1127 2476 secundum
1155 2407 1243 2493 qu'od
1257 2421 1305 2474 est
1319 2412 1352 2476 io
1368 2409 1436 2476 offi-

137 2519 218 2584 cium
232 2533 380 2602 naturae,
397 2523 481 2586 sicut
510 2513 747 2605 poenitentiam,
763 2517 945 2584 secundum
959 2519 1047 2602 quod
1062 2531 1111 2584 est
1127 2521 1236 2600 virtus,
1252 2539 1318 2586 non
1338 2501 1437 2586 habe-

138 2649 168 2694 re
179 2632 327 2714 aliquam
342 2631 479 2700 formam
493 2631 674 2710 verbourm3
691 2627 748 2691 sed
763 2629 946 2692 secuudum
960 2625 1237 2711 quodutmmqoe
1251 2638 1300 2692 est
1313 2627 1435 2692 Sacro-

137 2751 281 2808 rnentnm
293 2744 331 2806 in
344 2743 590 2828 dispunctione
609 2741 845 2806 ministrorum
872 2739 1043 2804 Ecclesiae
1055 2739 1245 2817 corniolen,
1262 2729 1435 2829 utmmque

137 2844 247 2910 bahem
262 2847 376 2929 aliqua
401 2849 509 2931 verbm
523 2849 611 2932 qnod
626 2849 724 2912 etiam
749 2849 867 2912 clarius
882 2847 1023 2930 explicat
1038 2845 1072 2910 iu
1087 2845 1154 2912 libr.
1168 2846 1199 2910 4.
1215 2857 1326 2922 contra
1351 2849 1436 2916 Gen-

137 2967 179 3018 m
192 2973 263 3039 cap.
279 2957 342 3036 rs,
358 2956 439 3021 aum
453 2941 565 3040 inqiut,
582 2958 764 3044 pannum
778 2955 1305 3040 condemnationem
1318 2949 1436 3020 mno-

136 3075 198 3130 tror
211 3065 562 3134 Ecclesiueudltiberi.
605 3065 666 3130 His
680 3064 803 3133 accedit
832 3063 991 3151 generalis
1005 3053 1194 3144 odservatio,
1210 3085 1282 3147 qua
1304 3064 1434 3148 dignos-

136 3176 217 3256 citur,
235 3177 351 3242 omnis
364 3176 577 3240 Sacramenta
589 3174 883 3257 err'dispensatlone
897 3175 1115 3239 ministrorum
1137 3173 1200 3238 Dei
1214 3173 1362 3261 pendero;
1375 3174 1433 3265 im*

137 3285 297 3347 ucetiam
314 3281 468 3366 adparere
483 3283 516 3346 in
542 3281 751 3358 Sacromcuto
765 3282 960 3348 matrimonii
975 3281 1191 3354 ministerium
1215 3263 1429 3374 Sacerdotem,

136 3387 207 3455 duro
221 3397 243 3457 a
256 3389 435 3457 Sacerdote
449 3387 638 3474 proferende
653 3393 732 3456 sunt
743 3411 783 3454 ee
797 3393 896 3456 berra
910 3411 1038 3476 egenos
1053 3392 1193 3477 mojogo
1203 3389 1280 3474 tic,
1292 3400 1353 3456 aut
1365 3390 1431 3458 alia

136 3497 247 3561 similia
258 3499 357 3582 juxta
372 3509 536 3581 receptum
550 3497 817 3581 uniuscujusque
845 3497 1035 3563 Provinciae
1050 3497 1156 3575 ritum,
1171 3515 1256 3578 quae
1271 3515 1351 3560 eane
1364 3477 1433 3562 nou

137 3601 255 3667 inutilia
269 3603 481 3698 essedcbeut
525 3601 570 3667 Et
584 3623 785 3686 quamquam
813 3604 907 3668 certia
921 3605 955 3670 in
984 3604 1122 3682 casibus,
1152 3597 1252 3666 veluti
1268 3601 1432 3690 irrlbaptin-
1482 3661 1486 3670 .

138 3727 212 3778 uate
227 3725 363 3798 urgente
379 3723 571 3778 necessitate
585 3715 786 3798 conferendo,
800 3719 899 3781 etiam
913 3717 1016 3780 laicus
1045 3715 1087 3778 etl
1116 3715 1347 3781 conferendum
1361 3715 1430 3782 'Sa-

138 3835 334 3885 cramentum
348 3821 545 3902 admittatur,
563 3841 626 3887 non
642 3835 750 3890 tamen
766 3825 793 3889 is
810 3825 911 3890 veluti
925 3824 1105 3888 ordinarius
1120 3824 1307 3892 administer
1321 3845 1428 3890 cense-

142 3939 188 4008 tur,
204 3949 260 4013 per
274 3949 374 4012 qrrem
385 3931 585 4014 Sacerdotes,
612 3933 668 4015 qui
681 3933 845 3999 Ordiuarii
860 3934 998 4002 ministri
1022 3944 1098 4000 sunt
1108 3917 1328 3998 excludantur
1342 3933 1428 4018 quod
1451 3963 1454 3972 ·

139 4055 206 4102 sane
227 4040 430 4121 corrtingeret
443 4041 476 4102 in
492 4041 702 4128 sacramento
718 4041 922 4121 matrimonii,
937 4043 1031 4125 cujus
1047 4039 1077 4104 si
1089 4025 1226 4104 ministri
1241 4034 1429 4102 contrahen-

138 4157 178 4210 tes
190 4161 309 4228 essent,
325 4151 370 4212 ita
383 4151 426 4212 ab
440 4149 563 4214 eisdem
587 4151 788 4216 sacramenti
803 4151 939 4230 collatio,
955 4162 988 4214 et
1012 4149 1116 4212 formo
1130 4147 1289 4232 penderet,
1321 4163 1354 4210 ut
1383 4149 1430 4210 vi·

138 4253 414 4320 riecclcsiasticia
443 4275 534 4322 sacro
562 4259 618 4322 illo
647 4261 822 4324 ministerio
851 4261 984 4344 prorsus
1008 4258 1266 4324 excluderentur.
1309 4256 1430 4354 Secun-

137 4361 210 4427 dum
225 4377 491 4448 argumentorum
511 4387 619 4449 genus
642 4369 693 4432 ita
708 4389 750 4433 ex
780 4373 871 4434 Ocno
900 4370 1101 4453 complector.
1145 4367 1306 4452 Imprimis
1324 4368 1429 4449 verba,
1501 4381 1531 4390 ”

137 4489 211 4552 qnae
226 4473 392 4557 proferunt
404 4479 653 4560 contrahentes,
668 4479 795 4544 nullam
816 4479 1034 4627 praeseferant
1049 4497 1160 4625 εειῗὶῗο
1186 4477 1227 4624 1581
1244 4477 1428 4562 imaginem,

1009 4585 1066 4627 ou.
1140 4599 1191 4624 .-—
1214 4608 1220 4622 -
1263 4599 1266 4606 ⁴
