3168 4982
297 454 394 510 curs
417 445 577 509 vinnons
598 459 830 508 concussam
852 459 1036 507 conruens
1059 459 1201 506 cassus.
1328 443 1391 511 bil

15 551 16 570 Χ
102 573 215 658 halin,
229 579 287 645 alii
299 579 336 646 in
351 581 437 664 turpi
445 579 667 665 concubinatu
691 581 911 662 versabantur,
934 599 999 649 non
1015 581 1049 646 in
1063 599 1119 644 eos
1133 581 1394 652 animaduertere

103 661 178 748 tibus
192 685 414 754 boemerum
428 687 589 771 praelatis,
604 699 662 754 ant
687 707 801 770 parum
816 699 894 752 tnnc
909 687 950 752 de
970 705 1066 755 sama
1076 687 1251 771 disciplina
1276 693 1392 772 sollici

15 785 17 830 ⁷
103 793 145 870 list
159 795 260 860 autin
272 794 388 860 mern
405 797 482 862 sitia
498 797 614 879 pronis,
625 795 791 860 dictocdn.
808 795 920 860 udtsr.
932 795 994 875 28,
1006 813 1079 860 can.
1096 795 1146 858 15.
1158 795 1230 860 dist.
1243 797 1305 878 81,
1316 817 1392 868 car.

104 903 127 964 l.
140 901 207 966 dist
223 903 285 981 83,
301 916 334 968 at
346 905 424 970 alibi
435 905 553 988 plutas
765 987 768 994 ¹

137 1007 273 1072 Utsucri
298 1029 441 1074 canones
463 1012 609 1093 pressius¹
630 1021 780 1093 urgerent
805 1009 945 1076 Clericus
966 1011 1002 1076 in
1026 1013 1201 1096 majoribus
1223 1014 1402 1082 ordinibus¹
1435 1097 1437 1104 Ι

101 1117 279 1184 coristitutos
294 1135 378 1184 onus
392 1117 580 1185 ordinandis
596 1119 825 1202 imposuerunt,
852 1131 889 1182 ut
913 1119 1144 1184 continentiam
1159 1139 1194 1182 se
1210 1131 1394 1186 servaturos

103 1227 163 1292 ileo
180 1231 413 1310 promitterent·
433 1249 472 1294 ac
499 1241 652 1299 voverant
673 1247 746 1294 can.
764 1231 792 1292 1.
806 1231 846 1308 o,
862 1241 894 1292 et
909 1231 939 1294 7.
955 1229 1028 1298 dist.
1043 1231 1105 1310 28,
1121 1231 1214 1314 qussi
1230 1243 1308 1296 tuno
1324 1251 1394 1298 ma·

101 1337 144 1418 gis
166 1335 321 1416 admoniti
346 1338 462 1404 Clerici
484 1338 678 1418 viderentur,
704 1357 746 1404 ue
771 1358 862 1421 spem
885 1339 1072 1421 nuptiarum
1095 1341 1393 1425 contrahendarum

15 1517 16 1520 Ἴ
100 1441 288 1526 quandoque
297 1445 510 1526 conciperent.
543 1443 631 1510 Hinc
645 1443 786 1526 profecta
795 1445 942 1526 quaestio
953 1456 1009 1526 est,
1025 1465 1068 1508 nu
1085 1466 1126 1510 ex
1138 1445 1172 1510 ri
1188 1449 1261 1528 voti,
1277 1467 1320 1512 an
1335 1467 1397 1532 po.
1472 1519 1474 1522 ,
1567 1429 1568 1452 ,

15 1529 16 1594 Ῐ
100 1550 208 1616 tiusex
222 1553 256 1616 si
278 1564 449 1634 srrscaptae
469 1554 684 1626 ordinationis
712 1555 829 1620 Clerici
856 1562 875 1622 a
902 1558 1023 1639 nuptiis
1049 1570 1226 1639 arceantur,
1270 1560 1389 1642 Exiis,

15 1645 16 1650 ¹
99 1677 175 1738 qrrae
197 1659 369 1743 hucusque
392 1662 509 1730 tradita
523 1675 608 1740 suut,
631 1661 726 1728 facilc
740 1663 901 1728 dirimitur
914 1669 1069 1746 quaestio:
1087 1668 1215 1748 profluit
1229 1671 1316 1734 enirn
1331 1671 1393 1734 im·

98 1767 207 1849 primis,
222 1767 337 1831 uotum
352 1767 432 1832 illud
446 1787 500 1851 per
514 1789 550 1831 se
564 1767 692 1833 illicitas
706 1770 839 1888 ᾳυίἀφ]
870 1772 1002 1836 reddere
1017 1775 1147 1856 nuptias
1164 1793 1228 1838 nnn
1244 1793 1320 1840 uero
1337 1795 1390 1860 pe·

15 1889 17 1924 ;
98 1874 321 1956 nitusirritare;
343 1875 460 1937 deiude
474 1875 643 1956 colligitur,
671 1877 802 1960 nuptias
827 1877 914 1958 ipsas
940 1897 1004 1942 non
1031 1881 1143 1943 irritari
1158 1901 1200 1944 ex
1215 1883 1389 1950 viordiua·

98 1981 191 2060 tionis,
207 1981 264 2044 s'cd
279 1985 386 2064 potius
401 2002 444 2046 ex
460 1983 492 2045 vi
507 1983 587 2064 legis
602 1983 644 2046 ab
659 1983 808 2046 Ecclesia
823 1997 976 2066 receptae,
992 2007 1029 2050 ac
1044 1990 1262 2056 confirmatae.
1285 1995 1388 2064 Qtrod

15 2073 17 2156 ῗ
96 2093 119 2152 si
133 2103 332 2173 perspectum
348 2091 514 2154 habuisset
538 2091 720 2170 Gratianus,
736 2109 800 2180 non
816 2091 897 2154 adeo
912 2092 1120 2158 laboravisset
1135 2097 1168 2160 in
1183 2097 1390 2166 distinctione

15 2177 16 2192 ¹
95 2189 307 2264 elucubranda
325 2173 488 2282 'votorum
514 2185 729 2280 quammulta
754 2199 838 2262 dixit
862 2201 1119 2282 simplicianus
1133 2222 1199 2270 non
1216 2211 1386 2292 simplicia,

15 2329 17 2340 ,
95 2307 328 2371 siresolcmnia
353 2306 564 2388 distinctione,
582 2307 736 2389 inquam,
752 2308 808 2372 toti
834 2309 987 2372 varietati
1011 2329 1141 2392 prorsus
1166 2315 1286 2394 ignota.
1330 2317 1391 2382 Ve-

95 2417 178 2478 niam
191 2416 307 2480 demna
327 2413 505 2493 Collectori,
530 2415 589 2496 qui
615 2433 759 2498 reparare
784 2415 963 2500 collapsam
987 2419 1168 2489 studiorum
1183 2421 1389 2508 disciplinam

15 2569 16 2574 η
93 2523 221 2600 obscuro
235 2525 367 2588 saeculo
381 2523 517 2588 invectis
531 2524 629 2586 variis
645 2524 1041 2592 scholaa'accomrnodatis
1058 2529 1317 2602 distinctionibus
1334 2549 1388 2600 vo·

15 2643 16 2652 ¹
95 2631 155 2715 luit,
182 2650 289 2716 neque
304 2632 396 2720 aliter
410 2633 504 2698 scivit
528 2641 676 2696 veterum
703 2651 868 2698 canonum
897 2639 1073 2702 sententias
1101 2642 1279 2726 conciliare,
1309 2663 1387 2728 quos

15 2727 18 2808 i
94 2761 158 2808 rum
171 2745 244 2808 aliis
258 2755 332 2828 post
345 2757 458 2808 uotum
473 2743 588 2822 irritas,
603 2743 675 2824 aliis
697 2743 823 2808 validae
839 2747 971 2830 nuptiae
986 2749 1241 2836 declarabantur,
1256 2775 1328 2821 can.
1344 2759 1386 2838 2.,

15 2821 17 2902 i
94 2861 121 2910 ct
133 2850 160 2913 9.
175 2849 247 2914 dist.
263 2851 324 2929 27,
341 2869 442 2931 quam
469 2851 588 2933 priores
613 2851 822 2934 intelligendo
837 2853 877 2915 de
892 2855 1037 2936 solemni,
1053 2847 1242 2939 posteriores
1257 2863 1297 2926 de
1310 2867 1388 2930 sim·

15 2927 17 2992 i
94 2957 160 3038 plici
174 2969 258 3022 voto.
302 2957 448 3028 Quodsi
464 2957 527 3022 hcc
542 2957 668 3022 invecta
684 2957 890 3022 distinctione
916 2963 1053 3026 tenebris
1068 2965 1303 3032 obscurioribus
1317 2991 1387 3048 rem

91 3065 205 3144 offudit,
220 3065 525 3157 quoniamsollioite
539 3067 725 3146 interpretes
744 3067 854 3130 statim
868 3067 1064 3153 investigare
1089 3089 1272 3160 coeperunt,
1288 3100 1385 3164 quae·

15 3169 17 3240 j
92 3191 162 3240 narn
176 3189 252 3238 vota
267 3174 433 3262 solemnia,
447 3191 611 3266 quaenam
622 3172 783 3260 simplicia
797 3173 985 3257 dicerentur,
1000 3179 1188 3246 Bonisacius
1204 3184 1276 3250 VII.
1291 3187 1386 3252 disci·

15 3269 17 3308 ²
92 3276 191 3360 plinae
206 3280 323 3379 optaris
352 3279 525 3362 puritatem
545 3280 696 3359 restitnit,
712 3291 810 3362 atque
839 3292 961 3346 retenta
990 3305 1076 3350 nova
1090 3288 1147 3351 illa
1174 3291 1386 3384 distinctione,

15 3395 16 3472 J
91 3397 239 3470 tanquam
254 3389 288 3450 in
303 3385 423 3452 scholis
437 3387 580 3470 vulgata,
596 3395 629 3451 et
642 3406 724 3470 pene
737 3390 818 3468 trita,
834 3400 946 3452 votum
960 3391 1102 3459 solemne
1114 3395 1205 3477 dixit,
1217 3399 1383 3484 sivequod

90 3483 119 3560 in
133 3501 334 3584 susceptione
357 3499 437 3564 sacri
468 3499 606 3578 Ordinis,
623 3500 692 3563 sive
720 3500 806 3584 quod
824 3501 857 3564 in
883 3501 1078 3582 professione
1109 3506 1270 3589 religionis
1285 3511 1382 3594 fieret,

90 3619 206 3672 caetera
235 3627 306 3682 esse
343 3603 503 3687 simplicia
520 3606 723 3685 declaravit,
761 3626 832 3690 cap.
870 3625 925 3672 un.
962 3609 1003 3674 de
1039 3625 1113 3675 uoto
1149 3617 1183 3678 iu
1219 3619 1259 3698 6.,
1296 3619 1384 3702 quod

90 3713 167 3780 idern
181 3727 257 3797 erat,
273 3735 312 3780 ac
328 3713 469 3792 definire,
486 3725 555 3778 tum
582 3713 716 3780 demum
729 3715 879 3798 conjugia
904 3729 976 3798 post
1004 3730 1119 3784 votum
1147 3721 1235 3787 irrita
1262 3728 1384 3794 haben-

90 3823 316 3904 dresserum
340 3822 467 3906 legibus
492 3820 697 3900 irritarentur,
720 3833 856 3886 noverat
876 3823 965 3886 enim
990 3823 1198 3908 iurisperitus
1224 3815 1383 3914 Pontiien,

15 3911 16 3922 ¹
89 3945 144 3992 non
160 3931 241 3994 alias
256 3928 593 4012 voventiumnuptias
617 3928 753 3994 decretis
778 3929 976 3994 irritantibus
1001 3939 1022 3998 a
1047 3932 1174 4016 legibus
1199 3937 1299 4004 fuisse
1324 3944 1382 4008 im».

15 4031 16 4034 ’
90 4039 236 4120 probatas,
250 4055 354 4120 quam
368 4020 432 4116 eas,
458 4053 543 4116 qnae
557 4035 610 4098 vel
626 4047 698 4116 post
722 4015 960 4119 susceptionem
976 4041 1058 4104 sacri
1085 4043 1225 4128 Ordinis,
1241 4048 1292 4110 vel
1306 4063 1379 4132 post

15 4183 17 4200 ,
89 4145 293 4206 monasticam
308 4125 540 4226 professionem
552 4152 734 4208 contractae
759 4143 907 4213 ruinam.
951 4146 1084 4215 Exinde
1098 4131 1198 4242 etiarn
1211 4155 1379 4241 colligitur,

15 4237 16 4316 J
90 4267 166 4326 eum,
180 4251 238 4332 qni
250 4269 293 4314 aa
304 4249 470 4316 mantead
485 4269 613 4329 saprum
636 4249 875 4318 ordinationem
898 4258 1075 4335 accesserit,
1104 4269 1141 4322 ut
1155 4279 1272 4324 vorare
1286 4267 1379 4330 nullo

15 4367 17 4436 l
90 4358 176 4420 modo
191 4357 286 4420 vellet
299 4357 402 4440 immo
414 4368 447 4420 ct
460 4347 567 4442 aperte
581 4357 789 4442 profiteretur,
804 4379 839 4425 se
854 4347 1170 4448 nolle‘eentinentiaa
1185 4367 1255 4450 lege
1270 4376 1378 4454 tenen,

15 4469 16 4510 l
91 4466 391 4566 nihilominusmtut
404 4467 534 4567 pullum
547 4470 594 4570 rit
607 4479 735 4568 ¹uotum,
750 4467 820 4566 lege
845 4471 1064 4618 conparatiffi
1074 4475 1241 4622 pippt3riugi,
1256 4492 1289 4562 et
1302 4501 1379 4552 con·

15 4563 17 4586 r
934 4576 992 4617 ΟΜ.
1066 4603 1073 4618 ·
1160 4605 1167 4622 .
