3168 4982
250 451 346 500 eura
370 443 527 494 viscum
551 437 785 490 nonuunnnrr
809 421 994 480 coiiruorrs
1019 431 1160 478 orantur.
1287 397 1354 476 239

59 589 132 658 nuo,
148 577 215 640 sive
230 559 316 657 quod
332 593 407 636 cum
423 573 457 634 iu
485 566 687 634 occidentali
703 562 854 628 Ecclesia
879 560 1036 636 scriberet,
1052 567 1169 636 nosset,
1186 551 1352 638 Ancyrani

58 679 177 750 canonis
192 685 386 748 sententiam
403 682 512 744 miuus
527 697 597 740 esse
612 685 836 758 opportunam,
852 677 937 752 quae
960 670 993 731 in
1009 669 1077 730 suis
1092 666 1265 750 provinciis
1280 665 1354 726 ede·

58 810 135 875 retur,
163 815 201 858 ac
217 794 327 877 palam
344 791 441 858 fieret.
486 787 574 854 Solet
589 787 622 849 iu
649 787 735 848 lranc
757 801 823 846 rem
841 781 943 864 vulgo
968 779 1104 862 profatu,
1131 777 1215 859 quod
1233 797 1275 839 ex
1291 777 1356 839 his·

60 904 125 965 toria
140 901 318 984 Tripartita
344 901 520 963 Gratianus
535 895 713 978 descripsit,
741 893 774 956 in
789 910 861 955 cau.
891 889 939 952 12.
956 889 1029 952 dist.
1045 888 1105 967 31,
1130 888 1282 952 nimirum
1300 887 1329 951 N
1334 887 1358 950 i··

60 1031 178 1075 eaeoam
204 1008 378 1092 Synodum
394 1017 568 1070 tractatum
590 1003 745 1067 babuisse
761 1001 801 1064 de
827 999 898 1082 lege
915 994 1156 1072 introducenda,
1179 1013 1246 1076 qua
1261 993 1359 1076 Epis-¹

60 1121 139 1200 copis,
165 1117 377 1200 Presbyteris,
394 1115 556 1192 Diaconis,
583 1125 615 1176 et
630 1110 838 1176 subdiaconis
863 1109 1055 1194 conjugibus
1085 1119 1160 1171 ante
1186 1107 1360 1171 ordinatio-¹

60 1243 121 1287 nem
134 1225 242 1288 ductis
271 1225 316 1286 uti
333 1223 448 1302 liceret,
464 1233 495 1284 et
520 1223 655 1286 consilio
681 1221 858 1304 Paphnutii
875 1220 916 1282 ab
938 1237 975 1281 eo
1002 1217 1128 1281 edendo
1143 1237 1267 1282 canone
1283 1237 1356 1302 pru·

61 1329 156 1394 denter
170 1331 377 1394 abstinuisse.
424 1330 541 1393 Verum
558 1329 639 1392 baec
669 1328 822 1390 historica
838 1327 978 1390 narratio
993 1326 1145 1409 decerpta
1161 1325 1222 1388 fuit
1238 1345 1279 1390 ex
1294 1327 1363 1390 bis·

61 1445 124 1504 toria
137 1443 281 1506 Socratis
305 1441 374 1504 libr.
393 1443 419 1504 l.
435 1459 505 1521 cap.
533 1442 593 1518 11,
608 1449 640 1500 et
663 1437 834 1502 Sozorneni
861 1437 930 1498 libr.
949 1437 976 1498 1.
1001 1455 1069 1516 cap.
1095 1435 1145 1497 23.
1162 1434 1247 1518 apud
1266 1435 1360 1498 Vale-

62 1549 140 1626 sium,
158 1550 260 1610 immo
275 1559 307 1611 et
332 1549 479 1612 Socrates
495 1547 718 1628 Paphnutium
746 1545 924 1628 appellarit
947 1547 1122 1630 crrjusrlam
1144 1548 1289 1612 urbisin
1303 1569 1363 1612 sae

60 1661 175 1738 periore
208 1658 376 1722 Cl'lrebar'de
392 1658 607 1742 Episcopum,
631 1668 662 1718 et
678 1657 890 1719 Cassiodorus
915 1667 1025 1719 auctor
1040 1657 1203 1741 bhistoriae
1228 1659 1363 1741 Topara

64 1765 126 1826 titas
139 1766 173 1828 in
190 1765 260 1826 libr.
279 1767 305 1826 1.
332 1765 485 1826 eumdem
513 1764 735 1846 Paphnutium
763 1781 1014 1826 commemorare
1040 1763 1177 1842 videtur,
1202 1777 1360 1847 tauquam

64 1877 244 1938 acerrimum
260 1874 465 1937 Christianae
481 1871 557 1936 fider
568 1871 792 1950 confessorem,
809 1877 829 1936 d
845 1869 1049 1934 Maximiano
1062 1871 1252 1953 Imperatore
1268 1874 1359 1936 avul-

65 1987 216 2050 sodextro
241 1985 346 2064 ocrrlo,
372 1985 539 2066 incisaque
563 1984 693 2046 sinistra
719 2001 819 2046 mauu
843 1984 876 2044 in
900 1982 1070 2044 metallum
1096 1981 1140 2042 ad
1162 2001 1258 2064 opera
1273 2003 1363 2046 exer»

65 2099 153 2161 aenda
168 2099 374 2178 damnatum3
401 2096 520 2160 exinde
535 2107 644 2158 autem
670 2094 819 2159 nonnulli
834 2093 1010 2173 deducunt,
1028 2093 1251 2176 Paphnutium
1267 2096 1362 2163 illum

65 2225 221 2289 nunquam
238 2209 271 2270 iu
298 2207 443 2270 Concilio
458 2207 604 2271 Nicaeuo
629 2204 820 2283 interfuisse,
844 2203 931 2284 quod
947 2215 978 2265 et
1004 2205 1140 2286 probant
1155 2225 1196 2267 ex
1222 2225 1268 2284 eo,
1285 2207 1363 2288 quia

66 2317 92 2378 iu
105 2318 389 2400 subscriptionibus
415 2315 650 2398 Episcoporum
666 2315 865 2395 consignatis
888 2315 921 2378 in
946 2313 1141 2378 editionibus
1157 2315 1292 2379 Concilii
1308 2317 1364 2380 Ni*

65 2427 152 2502 areni,
169 2426 347 2509 Paphnutii
373 2425 527 2507 Episcopi
543 2439 660 2487 nomeu
687 2423 892 2487 desideretur.
938 2425 1066 2488 Primus
1096 2425 1243 2490 Socrates
1267 2427 1364 2491 sabel-

67 2529 226 2595 lamillam
253 2531 415 2595 mendatio
431 2531 535 2610 fiuxit,
564 2543 599 2595 ut
626 2531 758 2595 serviret
783 2549 903 2596 causae
932 2527 1201 2613 Novatianorum,
1224 2552 1363 2616 quorum

67 2653 159 2702 sectae
184 2641 336 2704 addictus
350 2641 464 2720 itrerat,
489 2653 654 2724 propterea
675 2641 765 2722 quod
792 2641 967 2705 Noratioui
985 2646 1106 2726 passim
1132 2645 1300 2724 traderent,
1316 2647 1364 2709 ni»

18 2805 19 2830 3
68 2747 107 2810 hil
121 2751 208 2814 licere
235 2751 336 2830 laicis,
352 2751 440 2832 quod
465 2761 497 2814 et
523 2751 657 2814 Clericis
684 2769 748 2812 non
771 2750 886 2830 liceret,
916 2761 1144 2832 proptereaque
1171 2753 1302 2833 nuptias
1328 2753 1361 2815 in

18 2839 19 2844 ἵ
68 2855 186 2921 Clericis
212 2859 413 2920 venerabiles
437 2859 755 2920 esseexistimarent.
801 2858 918 2922 Fidem
933 2860 1075 2923 Socratis
1098 2871 1229 2924 secutus
1243 2875 1291 2924 est
1306 2863 1365 2926 Soa

68 2987 219 3050 zomeous;
247 2991 289 3034 ex
315 2972 446 3034 Socrate
472 2983 582 3033 autem
605 2982 636 3032 et
662 2970 843 3033 Sozomeno
869 2973 1073 3036 occasionem
1099 2974 1226 3037 errandi
1249 2975 1363 3039 babuit

70 3079 276 3144 Cassiodorus.
321 3081 372 3143 De
388 3079 564 3142 minoribus
580 3078 778 3142 Clericorum
794 3077 949 3160 gradibus
964 3080 1043 3142 nihil
1060 3080 1141 3160 dico,
1157 3083 1363 3164 perspicuum

70 3191 212 3270 enimest,
239 3191 327 3274 apud
344 3191 484 3254 Graecos
500 3207 564 3254 nou
591 3189 698 3254 solum
728 3191 815 3272 ipsos
841 3195 1168 3277 contractoconjugio
1197 3214 1280 3274 usos,
1306 3193 1363 3258 sed

71 3307 96 3358 et
110 3299 157 3362 rite
171 3299 378 3362 matrimonia
389 3299 578 3359 contrahere
594 3297 745 3380 potuisse,
761 3317 832 3361 cau.
851 3299 899 3362 13.
916 3297 989 3364 dist.
1006 3301 1066 3380 31,
1081 3321 1152 3364 cau.
1169 3303 1198 3364 7.
1214 3301 1286 3364 dist.
1302 3303 1363 3382 32,

72 3408 115 3484 qui
130 3408 312 3472 referendus
337 3418 386 3470 est
400 3407 442 3469 ad
456 3425 617 3470 canonem
633 3409 663 3470 6.
689 3407 769 3470 inter
800 3407 988 3489 Trrrllanos,
1013 3409 1090 3472 item
1105 3431 1176 3472 can.
1192 3411 1243 3475 26.
1259 3433 1301 3475 ex
1317 3412 1364 3493 iis,

72 3519 115 3594 qui
129 3517 289 3600 Apostolis
317 3519 507 3596 tribuuntur,
525 3516 544 3579 l.
560 3515 610 3579 45.
627 3514 698 3579 cod.
724 3515 764 3579 de
795 3515 910 3598 Episc,
926 3528 958 3580 et
983 3517 1076 3597 Cler,
1093 3517 1176 3581 Nor.
1193 3521 1221 3581 5.
1237 3539 1307 3602 cap.
1324 3519 1364 3602 8.,

73 3621 136 3689 llov.
152 3629 180 3690 6.
197 3645 268 3710 cap.
284 3628 323 3703 5.,
340 3625 422 3688 Νον.
438 3625 489 3687 22.
505 3645 575 3707 cap.
597 3625 648 3688 ta.

103 3732 150 3796 Ex
165 3734 216 3796 bis
234 3733 418 3815 perspicum'
446 3731 579 3813 quidem
611 3731 655 3811 fit,
686 3733 786 3796 sacris
801 3732 1000 3798 administris
1029 3733 1236 3798 interdictum
1252 3737 1294 3798 ab
1308 3755 1366 3800 ana

28 3907 29 3912 .
73 3841 233 3922 nouissima
250 3855 355 3906 aetate
369 3842 470 3908 fuisso
485 3844 644 3925 conjugio,
673 3845 820 3909 noudum
836 3857 944 3910 tamen
961 3859 1095 3926 constat,
1113 3849 1264 3932 conjugia
1280 3855 1299 3913 a
1316 3869 1366 3912 sa·-

29 4027 30 4030 ,
72 3947 118 4008 eris
131 3951 328 4013 administris
342 3970 406 4014 nou
423 3951 571 4013 obstante
587 3951 658 4034 lege
669 3965 842 4034 contracta,
861 3957 944 4018 irrita
969 3977 1095 4038 semper
1121 3958 1271 4041 ipsojure
1288 3957 1364 4022 suis-

30 4097 31 4102 .
73 4069 103 4112 se.
156 4057 320 4138 liquidem
350 4059 436 4120 irrita
466 4072 543 4120 suut
574 4059 729 4122 hodierna
767 4061 938 4144 disciplina
969 4065 1141 4146 inspecta:-
1160 4065 1216 4128 sed
1254 4079 1362 4130 utrum

30 4155 33 4232 ζ
73 4177 93 4224 et
112 4167 140 4228 id
162 4182 313 4251 perpetuo
337 4179 500 4252 receptum
524 4169 619 4234 suerit
640 4173 727 4253 apud
752 4171 893 4236 eruditos
916 4177 1151 4240 ecclesiasticae
1180 4179 1362 4259 antiquitati

31 4253 34 4350 l
74 4276 213 4340 studiosos
228 4279 487 4362 disputatum
447 4297 597 4342 astrosco
643 4279 677 4344 Sl
706 4301 845 4363 prrorum
867 4305 1012 4367 qumque
1039 4287 1241 4350 saeculorum
1268 4307 1362 4349 cauo

74 4395 119 4442 uas
133 4385 274 4467 legimus,
301 4389 420 4469 quibus
436 4389 569 4471 nuptiae
586 4387 817 4454 clericor-'om
809 4401 1038 4476 improbantur,
1066 4399 1146 4461 nibil
1161 4399 1276 4479 reperi<
1280 4418 1361 4477 mus,

73 4492 143 4565 qrrod
158 4515 304 4578 expresse
318 4496 476 4580 ejusmodi
493 4499 624 4580 nuptias
642 4501 784 4584 ir·ritaret;
811 4514 938 4568 tautum
955 4515 1113 4568 statutum
1130 4505 1272 4587 adparet,
1289 4505 1359 4570 Cle·
