3120 4980
132 437 175 506 tn
243 509 257 520 ,
375 447 1189 534 riasaaran,orssannrrrosnconrin,cnr.l.
1255 490 1257 496 .

132 581 195 645 civi
211 583 438 650 convenientia
463 599 566 669 pacta,
590 607 628 650 ac
643 589 874 654 conventiones
896 593 1073 658 dummodo
1099 597 1142 660 ab
1156 595 1338 660 arctissima
1361 615 1436 664 con·

127 689 294 772 junctione
310 691 518 776 abstineatrrr;
547 695 578 757 in
595 697 658 759 hac
674 700 958 782 enimpericulunr
970 715 1119 766 versatur
1141 709 1161 769 d
1177 705 1363 770 Christiano
1378 709 1435 788 iro·

131 797 218 862 mine
233 799 474 883 declinandum,
501 815 598 886 atque
613 807 654 868 ob
669 807 754 870 hanc
768 827 904 874 causatu
927 812 1178 894 prudentissime
1192 815 1319 897 legibus
1335 815 1439 897 publi·

31 992 42 1006 ,
129 917 176 980 010
192 911 298 976 caveri
314 912 491 991 consuerit,
514 921 551 974 ut
566 913 658 993 signo
672 915 816 996 quodam
830 919 987 981 exteriore
1008 919 1027 982 J
1031 919 1125 984 odaei
1140 927 1159 986 a
1175 923 1309 985 caelans
1324 922 1436 987 distin·

130 1037 313 1114 guerentur²
327 1043 398 1106 cap.
416 1025 464 1087 15.
481 1023 521 1086 de
536 1021 678 1088 ludaeis.
702 1025 847 1088 Primum
864 1026 960 1108 igitur
974 1030 1185 1095 constitutum
1201 1043 1257 1110 est,
1270 1051 1314 1094 ne
1328 1031 1437 1094 Chris·

129 1134 208 1200 tiani
224 1155 300 1198 011111
326 1133 460 1199 ludaeis
475 1133 627 1196 convivia
642 1133 809 1211 celebrent,
837 1151 908 1199 een.
927 1138 975 1200 12.
994 1137 1041 1212 13.
1060 1139 1108 1202 rt.
1135 1159 1225 1202 caus.
1241 1139 1292 1204 28
1308 1151 1437 1220 quaest

131 1243 168 1321 L,
186 1243 217 1306 in
233 1243 284 1305 his
295 1243 385 1304 enirn
402 1241 600 1304 arctissimae
615 1241 863 1306 necessitudinis
876 1245 1052 1308 existerent
1065 1259 1265 1328 argumenta,
1280 1245 1436 1328 qtremad·

131 1351 266 1416 modum
280 1353 313 1416 in
340 1371 402 1416 usu
417 1350 479 1414 fnit
493 1349 582 1433 apud
607 1352 774 1415 Romanos
799 1361 929 1430 veteres,
957 1355 1109 1434 quidum
1125 1373 1255 1418 servum
1278 1373 1377 1418 suum
1392 1356 1435 1418 ad

130 1447 278 1532 marisam
295 1467 506 1543 admitterent,
523 1463 632 1528 statim
647 1471 668 1529 a
683 1466 835 1528 servitute
852 1465 1029 1548 liberatum,
1052 1477 1083 1529 et
1099 1468 1339 1531 manumissum
1355 1469 1437 1532 inter

130 1576 251 1640 amieos
266 1573 425 1651 dicebant,
448 1572 536 1655 quod
553 1583 643 1655 turpe
658 1573 832 1652 crederent,
857 1585 888 1636 et
903 1575 1100 1654 indecorum,
1116 1575 1303 1638 Romanum
1319 1577 1435 1640 Civem

129 1703 260 1748 mensae
276 1701 341 1745 una
357 1699 433 1744 curn
448 1689 541 1743 servo
556 1679 711 1742 adsidere.
754 1679 908 1744 Secundo
922 1681 1137 1745 constitutum
1149 1693 1207 1761 est,
1224 1677 1265 1744 ne
1281 1682 1436 1749 curistia·
1551 1759 1552 1772 ,

130 1807 192 1854 nus
207 1787 356 1852 servilem
382 1805 512 1870 operam
527 1785 653 1850 Judaeo
676 1799 859 1870 praestaret,
884 1801 951 1852 non
967 1791 1072 1852 solunt
1088 1792 1141 1868 ita,
1165 1801 1202 1854 ut
1216 1809 1312 1855 nemo
1327 1791 1441 1854 Chris-

105 1901 109 1910 '
129 1903 237 1968 tia'nus
250 1901 459 1964 inservitute
475 1897 592 1964 ludaei
614 1899 800 1962 consisteret
811 1901 1001 1984 jrrre‘rerae,
1026 1919 1069 1964 ao
1082 1901 1396 1984 proprieserritatia,
1413 1901 1435 1962 l.

128 2005 218 2108 5635.
236 2007 292 2070 ult.
308 2007 377 2070 cod.
394 2006 579 2089 deliipisc,
595 2007 770 2086 etoter.,1.
798 2010 834 2087 1,
850 2021 882 2071 et
894 2009 926 2071 2.
941 2010 1011 2073 cod.
1028 2027 1069 2072 ne
1095 2011 1319 2073 Christianum
1342 2023 1437 2072 man·
1537 2001 1552 2074 1

128 2117 260 2202 cipium,
274 2136 344 2199 cap.
362 2119 400 2198 1,
426 2128 459 2179 et
472 2115 529 2178 ult.
546 2115 586 2178 de
610 2115 753 2196 ludaeis,
777 2115 834 2180 sed
849 2117 1026 2198 etiam-ita,
1043 2129 1080 2182 ut
1103 2137 1201 2183 ‘nemo
1227 2119 1435 2183 Christianus

127 2225 241 2309 operas
257 2243 334 2288 suas
360 2225 401 2287 ad
417 2224 624 2288 serviendum
640 2226 674 2288 in
689 2225 793 2305 domo,
821 2243 860 2289 ac
873 2227 998 2292 familia
1023 2229 1285 2308 ludaei-locaret,
1310 2244 1383 2309 cap.
1403 2228 1434 2292 8.

130 2329 171 2397 110
198 2331 343 2397 ¹Judaers.
387 2334 562 2404 Quomodo
587 2335 674 2397 euim
700 2333 869 2398 serendum
896 2347 952 2415 est,
976 2337 1177 2402 Christianos
1203 2356 1274 2402 sese
1303 2339 1436 2423 011111100-

127 2441 160 2505 re
186 2441 233 2520 iis,
261 2453 318 2506 aut
342 2460 398 2504 eos
412 2443 590 2505 reverentia
612 2443 725 2524 coiere,
751 2445 807 2524 qui
833 2463 878 2507 ex
894 2445 955 2509 Dei
970 2445 1083 2509 ultrice
1110 2447 1309 2530 providentia
1326 2447 1437 2532 potius

128 2547 170 2611 ad
186 2549 391 2612 serviendum
408 2549 507 2612 relicti
518 2561 600 2613 sunt
614 2553 646 2614 in
663 2569 802 2635 poenam
818 2556 1010 2636 apostasiae,
1025 2567 1123 2637 atque
1136 2557 1307 2639 perfidiae?
1339 2559 1435 2624 Adde

126 2658 187 2739 bis,
202 2659 396 2724 familiarem
409 2661 497 2724 hanc
513 2663 707 2741 servitutem,
731 2673 788 2725 ant
801 2681 971 2746 operarum
986 2667 1236 2748 praestationem
1255 2669 1436 2750 assiduam,

128 2787 167 2835 tto
182 2769 394 2834 domesticam
420 2787 490 2833 esse
504 2771 691 2837 Christiano
716 2773 851 2836 maximi
866 2761 999 2855 periculi
1022 2773 1162 2855 plenam.
1206 2775 1282 2840 Huc
1296 2777 1436 2858 pertinet

27 2917 34 2931 ·
128 2882 307 2962 capitulum
323 2882 353 2944 2.
369 2879 409 2942 de
424 2879 567 2960 ludaeis,
584 2881 638 2943 nbi
653 2899 736 2945 cum·
745 2882 920 2962 Gregorius
935 2882 1027 2944 initio
1041 2884 1196 2962 statuerit,
1223 2901 1292 2946 non
1302 2903 1375 2948 esse
1389 2881 1436 2947 ie·

129 2993 274 3071 rendum,
290 3003 326 3056 ut
342 2993 548 3058 Christianus
564 2992 656 3075 qnasi
672 2991 874 3075 mancipium
889 2994 1015 3056 iudaea
1029 2995 1157 3074 serviat,
1173 2995 1300 3080 subjicit
1314 3007 1434 3072 tamen,

130 3109 238 3166 seruos
254 3103 273 3166 J
276 3103 461 3182 udaeornm,
477 3105 581 3185 quiin
598 3103 736 3186 praediis
751 3103 937 3166 eorumdem
955 3115 1031 3167 sunt
1045 3106 1139 3187 quasi
1155 3104 1269 3185 coloni,
1295 3116 1327 3168 et
1341 3105 1438 3186 origi·

129 3213 220 3292 narii,
236 3213 270 3276 in
286 3213 407 3276 eisdem
434 3211 574 3294 praediis
589 3219 661 3276 utut
687 3211 889 3275 Christianos
913 3231 1008 3294 pesse
1022 3212 1204 3290 consistere,
1231 3221 1262 3273 et
1277 3219 1436 3273 consueta
1524 3189 1527 3198 Α

130 3323 235 3388 officia
250 3325 269 3389 J
273 3323 383 3388 udaeis
398 3332 570 3406 praestare.
614 3321 702 3391 Quis
717 3341 792 3383 vero
807 3339 871 3384 non
888 3320 1007 3398 videat,
1031 3305 1084 3402 agi
1100 3319 1219 3384 ibidem
1235 3337 1301 3383 non
1317 3319 1437 3381 deser·

130 3433 180 3497 vis
196 3435 318 3516 proprie
333 3433 436 3512 dictis,
452 3441 484 3495 et
497 3451 610 3513 operas
626 3448 704 3494 suas
719 3429 807 3494 dorni
821 3430 910 3512 apud
924 3431 1041 3494 harum
1056 3429 1301 3513 praestantibus,
1320 3426 1375 3490 sed
1391 3424 1436 3488 de

129 3541 336 3623 adscriptitiis
350 3539 454 3603 fundo
479 3537 641 3602 dominico
656 3537 803 3616 addictis,
826 3555 908 3618 epiros
924 3555 965 3600 ne
982 3537 1113 3600 domino
1134 3535 1268 3617 quidem
1285 3534 1397 3598 licebat
1413 3535 1436 3596 d

130 3626 333 3732 praediorum
349 3665 435 3727 cura,
459 3660 489 3710 et
505 3647 632 3711 cultura
647 3665 792 3726 avocare,
815 3646 835 3709 l.
854 3647 902 3710 13.
917 3645 988 3708 cod.
1004 3645 1045 3708 de
1068 3645 1225 3728 agricolis,
1241 3655 1274 3707 et
1288 3639 1438 3708 censitis?

131 3757 217 3825 Utile
233 3767 308 3834 erat,
324 3757 384 3820 hos
401 3758 620 3840 adscriptitios,
637 3775 694 3820 seu
705 3757 835 3819 colonos
851 3767 922 3821 utut
933 3755 1136 3818 Christianos
1145 3753 1284 3836 praediis
1298 3752 1438 3818 ,11111000-

130 3887 203 3933 rum
220 3868 365 3932 addictos
391 3885 455 3930 non
471 3867 597 3931 liberari
624 3868 666 3930 ab
679 3865 793 3945 officio,
822 3877 985 3948 propterea
1000 3865 1086 3946 quod
1111 3865 1137 3926 si
1153 3863 1368 3940 liberarentur,
1382 3879 1441 3922 oc-·
1551 3935 1552 3958 Χ

130 3981 219 4044 casio
233 3979 310 4042 data
335 3977 450 4042 suisset
464 3979 483 4041 J
487 3975 598 4040 ndaeis
624 3973 771 4039 mittendi
798 3973 842 4036 ad
855 3993 895 4035 ea
920 3972 1051 4056 praedia
1065 3989 1166 4033 carisa
1179 3969 1350 4031 colonatus
1364 3965 1437 4028 toti·

130 4095 204 4162 dem
221 4095 240 4159 J
244 4094 371 4172 udaeos,
399 4101 496 4172 atque
512 4090 556 4152 ita
571 4087 705 4152 Judaeis
729 4085 915 4150 hominibus
930 4085 1001 4146 loca
1022 4082 1116 4165 plura
1132 4079 1270 4162 agrestia
1291 4071 1437 4160 replendi

131 4205 164 4272 in
180 4205 408 4269 detrimentum
435 4191 700 4275 Christianorum,
726 4213 765 4257 ac
781 4191 967 4277 praesertim
980 4206 1093 4253 00111111
1118 4191 1360 4260 rusticanorum,
1374 4181 1438 4263 qui

130 4317 240 4380 vicina
254 4312 385 4397 praedia
400 4309 593 4387 excolerent3
610 4305 692 4368 alias
708 4299 1009 4366 autemChristiani
1025 4297 1080 4362 alii
1095 4295 1292 4380 adscriptitii,
1308 4303 1339 4358 et
1350 4289 1438 4355 colo·
1551 4373 1552 4386 χ

133 4425 169 4488 ni
184 4417 382 4487 ludaeorum
398 4421 493 4501 longe
515 4425 608 4480 010111
622 4415 665 4478 nb
678 4412 877 4478 ludaeorum
901 4410 1145 4473 conversatione
1160 4407 1284 4472 00111011.
1325 4404 1443 4466 Caete-
1551 4447 1552 4502 i

136 4549 210 4595 rum
224 4528 398 4611 Gregorius
424 4527 509 4608 idem
525 4524 668 4607 Magnus
693 4522 728 4584 in
742 4537 815 4584 can.
833 4519 882 4582 13.
898 4515 971 4581 dist·
996 4515 1048 4582 et.
1062 4533 1214 4600 expresse
1235 4505 1441 4590 (1001111111-
1551 4511 1552 4596 1
