3274 4974
287 439 419 502 corsos
437 441 861 489 nonteransottntetras
876 441 1021 503 casser,
1035 443 1106 490 uns
1123 443 1298 490 astaron.
1382 423 1446 488 tta

141 569 245 636 lerant
269 568 419 651 conjtrgia
434 564 632 643 contrahere,
658 583 859 646 quamquam
876 563 938 627 hoc
964 565 1105 647 generali
1124 566 1192 648 lege
1219 565 1446 650 prohiberetur,
1521 575 1525 584 '

138 703 211 747 can.
226 682 255 746 8.
272 681 345 742 dist.
361 679 415 742 28.
456 677 661 742 Recenttmes
686 695 816 759 quoque
832 675 1004 740 Pontifices
1028 678 1167 742 similem
1192 676 1384 760 indulgendi
1400 671 1447 738 la·

137 790 293 856 cultatem
311 790 343 850 in
360 787 532 868 Episcopis
547 796 757 866 agnoverunt,
773 785 1050 864 quemadmodum
1066 795 1193 848 coruscat
1219 805 1251 850 ru
1268 786 1374 866 specie
1395 803 1447 849 ea·

140 899 232 982 pituli
252 897 299 960 ld.
315 893 356 958 de
379 907 513 976 tempor.
528 893 640 970 ordin,
662 891 796 975 capituli
813 895 849 970 1,
874 906 908 954 et
923 895 954 956 2.
969 893 1010 956 de
1034 894 1192 958 ordinatis
1208 895 1250 958 ab
1276 894 1447 977 Episcopo.

138 1009 194 1092 qui
210 1019 335 1070 renunt.
354 1003 464 1086 Episc.
507 1001 653 1072 Quodsi
678 1021 733 1082 qut
749 1012 860 1064 contra
877 1005 1029 1080 sentiunt,
1057 1015 1231 1084 provocent
1255 1001 1369 1066 autad
1396 1019 1446 1066 est·

136 1113 279 1199 pitnlnm
294 1112 344 1174 20.
362 1109 402 1172 de
416 1109 521 1188 elect,
541 1107 657 1172 autad
671 1105 853 1190 capitulum
876 1109 906 1172 4.
935 1107 976 1172 de
991 1127 1135 1172 concess.
1159 1109 1342 1192 praebend,
1365 1107 1447 1190 dico,

136 1223 291 1306 adparere
307 1218 440 1300 quidem
455 1235 497 1280 ex
513 1217 559 1296 iis,
579 1213 768 1280 Pontificem
785 1217 972 1282 Maximum
1000 1235 1065 1282 non
1079 1217 1210 1284 destitui
1234 1217 1447 1302 dispensandi

136 1331 291 1396 factrltate
306 1329 464 1392 adversus
479 1326 664 1390 sanctiones
678 1341 735 1388 seu
752 1325 784 1388 in
802 1324 965 1406 Conciliis,
980 1345 1037 1389 seu
1053 1327 1085 1390 in
1102 1327 1247 1392 Decretis
1263 1327 1448 1410 praedeees-

137 1455 247 1522 sorum
265 1433 459 1499 Pontificum
485 1431 590 1518 editas
605 1451 669 1494 non
698 1447 807 1496 tamen
822 1431 991 1516 adparere,
1013 1435 1147 1498 inanem
1161 1455 1233 1498 esso
1256 1453 1448 1518 quamcum-

136 1565 202 1630 que
218 1545 405 1608 inlcriorum
421 1539 643 1604 Praetereunt
655 1537 943 1626 dispensationem.
987 1541 1086 1612 Quod
1103 1542 1129 1604 si
1144 1543 1309 1624 adjiciant,
1326 1541 1449 1624 specta

138 1657 210 1722 liter
223 1659 256 1716 in
268 1656 341 1737 jure
355 1669 546 1716 cencessum
563 1649 663 1712 luisse
678 1649 866 1727 ordinariis,
884 1663 920 1712 nt
936 1651 968 1714 in
983 1652 1079 1714 certis
1092 1652 1225 1715 casibus
1250 1651 1446 1734 dispensent,

136 1761 279 1842 indeque
293 1773 523 1842 argumentum
549 1757 716 1822 deducant
730 1757 773 1820 ad
788 1757 1089 1838 demonstrandum,
1112 1759 1302 1823 ordinarios
1325 1761 1359 1824 in
1374 1759 1448 1824 allis

135 1871 267 1936 casibus
283 1885 346 1934 nou
363 1867 535 1951 expressis,
550 1886 590 1929 ea
605 1865 760 1930 lircultate
775 1885 892 1948 carere3
908 1868 1053 1946 observo,
1063 1869 1131 1940 hnc
1140 1869 1327 1952 argumenti
1340 1887 1446 1953 genus

134 2001 252 2068 parum
268 1979 408 2044 solidum
434 1999 514 2042 esse.
558 1977 646 2042 Nam
659 1989 693 2041 et
706 1997 774 2062 ego,
801 1963 957 2042 sioodem
972 1982 1156 2063 argumenti
1181 1999 1307 2063 genere,
1334 1993 1392 2046 aut
1406 1981 1447 2044 si·

134 2091 204 2158 mili
221 2092 267 2156 nti
282 2089 410 2167 vellent,
427 2087 744 2171 potinsccntrarium
760 2085 1024 2166 demonstrarem,
1050 2089 1092 2151 ita
1106 2089 1321 2154 observande:
1343 2069 1446 2156 eom

133 2210 184 2263 tat
196 2195 383 2278 anquando,
397 2213 550 2286 expresse
576 2195 726 2259 Pontifici
741 2195 889 2260 Maxirrro
914 2209 1094 2260 reservatas
1109 2195 1209 2258 luisse
1235 2197 1446 2281 dispensatio-

133 2329 194 2378 nes
209 2305 449 2390 irregularitatis
474 2303 569 2366 certis
585 2303 618 2394 in
633 2303 773 2379 casibus,
798 2303 1076 2384 quemadmodum
1091 2307 1125 2367 in
1149 2325 1189 2367 es
1204 2306 1445 2389 irregularitate,

132 2433 219 2498 quae
233 2411 434 2476 contrahitur
448 2412 490 2474 ab
505 2429 550 2490 eo,
567 2412 623 2492 qui
638 2411 752 2482 divina
766 2409 873 2481 officia
888 2411 1036 2494 celebrat,
1054 2412 1138 2479 dnm
1154 2433 1294 2477 censura
1309 2426 1445 2495 tenetur,
1511 2461 1513 2465 .

133 2541 205 2608 esp.
223 2524 255 2584 l.
267 2519 307 2582 de
322 2531 412 2596 sent,
429 2533 461 2582 et
475 2537 509 2582 re
518 2519 620 2604 judic.
636 2519 668 2584 ln
685 2521 725 2596 6.,
740 2539 812 2602 cap.
830 2523 857 2582 l.
874 2519 914 2582 dc
928 2533 1065 2585 sentent.
1081 2541 1242 2586 excomm.
1259 2525 1293 2586 in
1307 2524 1347 2602 6,
1366 2525 1445 2600 item

131 2633 166 2696 in
181 2628 487 2710 tta-irregularitate,
514 2625 731 2708 quaedicitur
756 2648 798 2692 ex
825 2625 953 2692 deiectu
970 2631 1138 2708 natalium,
1164 2651 1236 2714 cap.
1265 2632 1315 2696 18.
1339 2632 1382 2696 de
1398 2631 1441 2698 tit.

134 2741 326 2824 Presbyter,
347 2741 461 2822 juncto
485 2757 558 2802 can.
586 2739 636 2802 12.
662 2737 737 2802 dist.
762 2740 812 2804 56.
857 2741 945 2824 Ergo
967 2743 998 2806 in
1015 2743 1295 2808 eaeteriscasibus
1310 2745 1445 2820 minime

132 2853 294 2936 expressis
309 2850 513 2932 Episcopalis
527 2849 726 2932 dispensatio
741 2851 798 2912 rite
813 2847 1009 2914 admittetur.
1052 2832 1257 2934 Argumenta
1278 2853 1377 2938 hujus
1391 2873 1443 2936 ge·

134 2963 229 3038 neris,
244 2980 321 3026 cum
335 2959 432 3022 facile
447 2959 670 3040 sappetautr'n
699 2969 1017 3041 utramquepartem,
1042 2973 1112 3026 tutu
1139 2964 1252 3044 gratia
1270 2981 1334 3026 non
1357 2975 1442 3034 sunt,

133 3081 300 3153 propterea
315 3067 401 3148 quod
418 3066 448 3128 in
461 3067 533 3148 jin-e
550 3066 654 3128 multa
669 3067 821 3150 rescripta
832 3068 1056 3148 exhibeantur,
1069 3091 1155 3152 qnae
1166 3091 1229 3146 non
1243 3073 1298 3156 J'ns
1310 3091 1442 3154 uorum,

133 3189 166 3240 et
178 3175 322 3258 speciale
336 3177 548 3252 qotrsriuutnt,
576 3175 632 3250 sed
649 3187 776 3248 tantum
793 3176 932 3257 tradunt,
952 3177 1040 3262 ,quid
1060 3181 1157 3262 jrtxta
1171 3182 1338 3263 generales
1360 3181 1454 3266 juris·
1507 3203 1510 3210 ·

131 3279 640 3370 regulassueritrescribendum.¹
721 3343 723 3350 ,
777 3339 780 3348 ,

176 3393 291 3475 Itaque
306 3381 366 3476 ego
381 3395 496 3475 potius,
512 3407 685 3478 postquam
701 3387 801 3460 veluti
816 3394 1036 3480 firmissimum
1052 3399 1247 3488 pritrcipinm
1265 3400 1437 3481 posuerim,

130 3523 198 3590 qno
213 3504 356 3580 traditus
372 3505 562 3586 generaliter
585 3504 862 3590 dispensationem
882 3507 927 3570 ab
943 3489 1174 3592 irregularitate
1204 3509 1350 3573 Pontifici
1368 3509 1440 3593 litla-¹

132 3612 224 3678 ximo
240 3613 393 3675 reservari
409 3622 607 3694 argumento
617 3607 752 3694 capituli
777 3614 842 3680 28.
856 3615 897 3678 de
923 3603 969 3680 ‘tit
996 3615 1161 3698 l'rffesbyt,
1176 3617 1329 3697 exeeptis
1337 3617 1446 3679 lisca,

132 3721 247 3791 sibus
239 3739 271 3784 tn
288 3719 416 3802 quibus
422 3739 586 3806 expresse,
599 3733 631 3795 et
645 3723 859 3808 specialiter'
847 3743 902 3811 prs
917 3721 1091 3808 Episcopis
1101 3743 1177 3801 ‚eam
1194 3723 1381 3791 laenitatem
1399 3722 1441 3788 le·

109 3826 217 3908 'cerie
247 3829 469 3906 itaedisseron
465 3828 765 3918 Quandocumque
784 3835 873 3916 sacri
889 3851 1051 3901 canones
1059 3845 1168 3919 nutam
1195 3834 1440 3922 irregularitatis

130 3937 331 4017 indixerunt,
347 3959 411 4006 nen
428 3955 494 4016 tem
506 3939 765 4052 declaraverunt,
782 3961 1005 4030 quemquam
998 3965 1071 4030 esse
1083 3962 1171 4028 cetto
1187 3960 1262 4042 nota
1274 3947 1451 4049 affectum,-

130 4067 199 4138 qtta
209 4049 449 4136 impediretur,
455 4051 569 4138 aead-
567 4071 672 4136 saera
697 4043 875 4151 ministeris
901 4055 1045 4140 accedat,
1070 4075 1171 4138 qnam
1193 4078 1232 4122 eo
1248 4060 1327 4142 ipsc
1324 4071 1447 4139 retae».

132 4172 210 4246 ιιιιιι
205 4158 404 4246 Εριιιιιρίι,
418 4159 590 4246 ordinariis
607 4181 729 4248 saetae
738 4161 974 4238 ordinationis.
987 4179 1020 4230 et
1031 4165 1264 4244 bermlimorum
1281 4168 1450 4250 collatori·

132 4267 203 4346 bus,
220 4287 261 4330 ue
275 4271 345 4354 ejm
360 4271 487 4352 generis
502 4287 699 4356 personas
672 4271 727 4334 ad
720 4271 950 4347 ecclesiastica
971 4261 1080 4342 efficta
1097 4287 1329 4357 prorueremus,
1344 4275 1443 4360 quenl

131 4387 341 4462 praeceptura
356 4395 421 4443 non
435 4376 629 4459 admittendi
644 4379 687 4446 ad
702 4381 841 4464 mdlnas,
868 4380 1095 4466 relbenaficia
1108 4384 1279 4468 ,praecipue
1296 4383 1440 4467 inhlpir·

43 4523 48 4532 ·
119 4482 605 4572 commaneremus,
621 4483 1334 4594 nu.tt.‚=saetun,smmntu
1356 4493 1452 4578 lter·
