3210 4990
159 651 214 682 2
350 529 1464 794 ussrnnutuul

465 1259 582 1332 DUM
608 1258 915 1335 CONJUGIUM
940 1256 1168 1336 IDONEIS.

160 1545 235 1610 Huc
250 1545 405 1611 referendi
420 1557 497 1611 stunt
511 1547 595 1612 tituli
611 1547 838 1629 Decretalium,
854 1547 895 1612 de
910 1547 1091 1630 desponsat.
1109 1546 1239 1628 impub.,
1255 1543 1295 1608 de
1310 1543 1415 1627 frigid.
1432 1555 1464 1609 et

202 1651 319 1732 malet,
335 1653 375 1717 de
389 1655 642 1738 consanguinei
653 1654 761 1735 odfin,
776 1654 817 1718 dc
831 1667 958 1738 cognat.
975 1655 1058 1737 spic,
1084 1652 1125 1716 de
1139 1663 1265 1737 cognat.
1278 1653 1348 1735 leg„
1365 1651 1405 1715 de
1415 1671 1463 1734 eo,

201 1765 259 1847 qui
273 1785 365 1848 cogn.
390 1786 477 1831 cous.
494 1787 559 1846 ux.‚
585 1765 761 1850 desponsa
777 1767 875 1848 duom,
901 1765 943 1830 de
958 1765 1062 1829 cleric.
1086 1767 1222 1850 conjug„
1249 1765 1305 1847 qui
1319 1764 1392 1828 cler.
1408 1763 1475 1828 vel·

201 1893 285 1954 von,
300 1873 340 1938 de
355 1893 401 1956 eo,
427 1875 484 1956 qui
499 1875 569 1940 dux
584 1875 618 1940 in
634 1887 734 1956 matr,
749 1895 849 1958 quam
864 1873 926 1957 pol.
943 1859 1000 1956 per'
1012 1871 1109 1952 adul,
1136 1870 1176 1934 de
1192 1881 1315 1954 raptor.‚
1331 1869 1372 1932 de
1387 1889 1464 1934 con-

195 1979 266 2064 jug.
282 2000 372 2062 serm,
388 1981 429 2044 de
443 2001 588 2045 convers.
601 1979 701 2062 infin,
712 1992 744 2044 et
758 1981 799 2044 de
814 1992 906 2045 matr.
921 1992 1019 2044 contr.
1032 1990 1143 2043 contra
1154 1978 1267 2042 interd.
1283 1975 1461 2042 Ecclesiae.

690 2237 872 2360 CAPUT
902 2235 934 2358 l.

270 2523 451 2588 Generatim
472 2521 635 2607 quaedam
655 2528 834 2604 praecepta
858 2525 1032 2604 ponuntur
1054 2517 1094 2581 de
1118 2517 1249 2600 legibus
1270 2525 1358 2581 certo

325 2605 335 2616 ·
589 2651 749 2736 conjugia
769 2651 1042 2734 improbantibus.

159 2881 381 3093 REGULA
403 3019 561 3104 generalis
575 3027 632 3098 ost,
659 3037 861 3102 quaomnes
876 3019 921 3082 ad
944 3015 1205 3083 contrahendum
1220 3020 1465 3087 matrimonium

92 3171 97 3184 ·
157 3131 381 3211 admittuntur,
405 3129 468 3192 nisi
494 3127 731 3211 prohibeantur,
746 3147 817 3210 cap.
841 3127 891 3190 32.
908 3126 960 3190 de·
978 3125 1119 3212 sponsal.
1162 3125 1338 3190 Prohibitio
1352 3137 1466 3192 cutem

157 3241 370 3309 contrahendi
384 3241 581 3304 matrtmonii
605 3259 647 3304 ex
662 3239 833 3324 multiplici
842 3241 914 3322 jure
928 3237 1087 3322 proficisci
1106 3247 1218 3320 potest;
1235 3238 1393 3320 imprimis
1408 3259 1468 3304 na-

158 3351 347 3434 mimilogo,
363 3347 481 3414 deinde
502 3349 601 3412 etiarn
615 3348 752 3431 positivo
762 3348 842 3430 jure,
858 3345 927 3407 sive
949 3343 1098 3410 divinum
1113 3345 1163 3424 sit,
1178 3344 1247 3407 sive
1270 3345 1465 3412 humanum.

158 3459 203 3524 Et
216 3459 493 3542 quemadmodum
503 3459 558 3541 jus
573 3457 722 3521 divinum
737 3454 859 3537 duplex
874 3451 1010 3518 indicari
1023 3462 1135 3535 potest,
1151 3451 1289 3516 alterum
1305 3452 1339 3515 in
1357 3461 1467 3516 vetere

158 3575 358 3646 testamento,
373 3585 438 3649 quo
454 3585 504 3630 ex.
519 3585 546 3630 c.
562 3566 646 3628 intra
660 3575 762 3628 certos
773 3562 1004 3645 cognationum
1019 3561 1140 3645 gradus
1156 3562 1291 3625 vetitum
1305 3561 1368 3626 suit
1382 3563 1466 3628 inire

157 3675 316 3758 conjugia,
332 3674 469 3738 Levitici
494 3693 563 3756 cap.
582 3674 640 3754 18.,
656 3673 792 3736 altorum
808 3673 843 3735 in
858 3691 951 3752 novo,
966 3691 1032 3755 quo
1046 3691 1098 3735 ex.
1113 3691 1140 3735 c
1170 3681 1377 3756 praeceptum
1391 3671 1464 3756 fuit,

158 3801 200 3848 ne
216 3803 297 3848 uxor
310 3789 332 3848 a
347 3784 415 3848 viro
429 3783 649 3862 dimitteretur,
666 3781 824 3846 Matthaei
837 3799 909 3864 cap.
927 3783 986 3865 19.;
1013 3783 1059 3846 ita
1073 3783 1259 3848 humanum
1269 3785 1324 3867 jus
1340 3783 1467 3868 duplex

157 3888 262 3954 dicore
275 3909 458 3973 possumus,
482 3891 628 3965 alterum,
644 3889 733 3972 quod
746 3890 965 3954 ecclesiastica
986 3891 1176 3956 auctoritato
1190 3893 1402 3974 constituitur,
1418 3894 1469 3958 al·

157 4009 271 4080 terum,
286 4000 375 4082 quod
389 4000 578 4082 Principum
594 3998 719 4082 legibus
734 4000 952 4066 confirmatur.
996 4002 1047 4066 Da
1061 4002 1281 4066 ecclesiastica
1294 4003 1467 4070 alletorita-

157 4117 189 4169 te
203 4107 281 4171 satis
307 4117 489 4170 constater
514 4105 749 4187 antiquissima,
764 4119 797 4170 et
819 4109 951 4190 perenni
966 4106 1147 4193 disciplina,
1170 4109 1267 4192 juxta
1280 4128 1382 4193 quarn
1392 4112 1467 4193 juro

156 4215 277 4298 optimo
302 4213 413 4278 sanxit
438 4211 623 4276 Concilium
648 4212 880 4279 Tridentinum
902 4216 936 4278 in
950 4234 1022 4280 can.
1038 4215 1068 4280 4.
1094 4215 1135 4280 do
1160 4235 1296 4280 sacram.
1323 4216 1465 4284 matrim.
1599 4221 1600 4226 ’

157 4343 234 4388 sem.
250 4327 301 4390 27.
316 4327 368 4390 his
383 4325 497 4390 verbis:
522 4325 801 4412 sepenumero,
818 4325 1007 4390 Eccleeiom
1020 4345 1087 4389 noo
1106 4327 1254 4409 potuisse
1268 4329 1467 4394 corrstituore

155 4439 396 4525 turmodinmmu
408 4439 665 4542 nmtrimom'upu
679 4438 882 4520 dirimendo,
896 4438 948 4504 vol
962 4438 999 4502 in
1013 4438 1059 4504 tis
1073 4439 1309 4505 comtituendiu
1324 4459 1465 4525 masse,
