3210 4990
183 341 231 406 90
524 359 769 406 nrssnnrnrro
790 359 964 420 secunus,
986 359 1064 404 cnr.
1087 339 1142 404 w.
1569 418 1577 449 Ι

189 485 247 548 sed
261 503 317 568 per
342 503 426 562 eum,
452 484 509 564 qui
535 481 699 566 sponsalia
724 481 858 546 dissolvi
880 483 1032 566 postulat,
1059 501 1167 548 coram
1188 483 1299 568 judice
1323 477 1490 563 sistantur,

188 603 387 674 argumento,
402 610 471 672 cap.
488 589 538 653 80.
561 591 602 652 de
628 591 771 656 testibus.
815 591 1002 674 Aliquando
1026 593 1125 656 etiam
1149 591 1357 656 admittentur
1382 603 1491 692 testes,

189 700 217 762 si
232 717 336 780 aequa
351 699 383 760 id
409 708 561 780 suggerat
585 717 694 780 causa,
719 699 776 780 qui
800 699 960 798 privatim,
975 711 1006 762 et
1031 699 1116 762 olam
1142 699 1361 764 testimonium
1376 697 1492 782 ferant,

189 818 221 870 et
235 808 305 868 sine
320 807 462 870 nominis
487 805 712 888 publicatione,
740 806 825 870 dicto
848 825 918 890 cap.
947 807 995 873 12.
1022 805 1062 868 de
1088 807 1238 890 sponsal,
1263 825 1388 869 necnon
1412 805 1494 868 defi·
1584 783 1587 902 i

189 915 347 979 cientibus
363 917 495 980 testibus
520 935 586 978 urta
612 916 741 1000 publiea
763 916 825 980 loci
851 915 939 980 fama
964 918 998 979 in
1024 937 1126 980 eausa
1147 917 1215 996 erit;
1243 935 1301 980 ctu
1325 915 1495 999 sponsalia
1586 911 1588 1006 l

189 1025 355 1106 implenda
384 1043 448 1088 non
479 1027 551 1105 sint,
581 1027 643 1090 nisi
670 1026 759 1092 sama
788 1027 858 1110 ipsa
883 1027 1057 1108 contrariis,
1086 1038 1119 1089 et
1140 1029 1224 1112 aptis
1249 1028 1493 1112 probationibus
1588 1042 1589 1112 l

189 1131 335 1210 elidatur,
350 1152 419 1216 cap.
436 1133 486 1195 27.
502 1133 542 1195 de
558 1135 707 1216 sponsal,
723 1153 793 1218 cap.
816 1136 844 1198 2.
871 1134 911 1197 de
936 1135 1184 1218 consanguinit,
1208 1147 1240 1198 et
1265 1135 1397 1214 adfinia,
1415 1155 1494 1201 con·
1589 1164 1590 1226 t

189 1253 239 1306 tra
262 1261 362 1326 quam
387 1243 496 1326 vigeat
521 1243 553 1304 in
580 1243 784 1306 matrimonio
807 1243 1022 1322 dissolvendo,
1048 1261 1118 1325 cap.
1142 1245 1171 1306 5.
1188 1242 1288 1322 daeo,
1305 1244 1493 1325 quicogno·
1590 1284 1591 1322 ,

190 1354 245 1416 vit.
289 1353 328 1416 In
354 1356 487 1417 caeteris
512 1364 621 1417 autem
646 1356 753 1420 causis
778 1355 811 1418 in
837 1353 1021 1438 quibusda
1047 1353 1264 1418 dissolvendis
1286 1355 1493 1438 sponsalibus
1591 1404 1592 1418 .

188 1463 404 1552 controuersia
429 1474 484 1542 est,
509 1466 588 1548 quin
614 1464 740 1546 publice
765 1463 896 1542 intersit,
920 1461 1071 1526 celebrari
1083 1457 1338 1542 matrimonium,
1354 1473 1410 1526 aut
1426 1481 1494 1528 non
1592 1524 1593 1538 ,

189 1572 351 1652 celebrari,
375 1573 432 1636 sed
462 1583 589 1636 tantum
615 1562 806 1656 sponserum
832 1573 971 1654 interest,
995 1573 1051 1636 fiet
1067 1573 1156 1636 locus
1182 1575 1431 1656 probationibus,
1457 1585 1491 1642 et
1593 1644 1594 1658 ,

190 1683 347 1766 probandi
375 1683 479 1746 modis
508 1683 685 1761 ordinariis,
710 1683 790 1746 dum
814 1693 923 1754 tamen
949 1683 1155 1746 meminerint
1175 1681 1308 1766 judiees,
1334 1683 1368 1746 in
1393 1683 1493 1757 dubio

190 1811 247 1878 pro
262 1793 470 1858 dissolutione
486 1797 678 1860 sententiam
693 1795 772 1858 ferre
798 1794 921 1875 debere,
945 1795 987 1858 ob
1011 1814 1084 1858 eam
1107 1796 1304 1879 singularem
1328 1798 1493 1880 rationem,

190 1901 278 1984 quod
304 1902 509 1964 matrimonia
534 1903 662 1984 publica
686 1901 875 1964 auctoritate
898 1902 979 1964 inter
1003 1901 1241 1982 contendentes,
1261 1905 1494 1988 jurgantesque

190 2023 356 2076 eontracta
371 2013 475 2074 tristes
499 2012 606 2074 exitus
631 2029 741 2094 parere
767 2011 900 2076 soleant.
943 2011 1045 2081 Quod
1068 2011 1096 2074 si
1111 1997 1220 2094 sponsi
1246 2012 1307 2095 ipsi
1322 2015 1495 2096 eoramju·

191 2121 262 2186 dice
277 2123 442 2186 constituti
457 2121 497 2183 de
512 2139 613 2184 causa
637 2120 834 2203 impediendi
859 2119 958 2183 futuri
984 2121 1179 2184 matrimonii
1203 2124 1413 2202 consentiant,
1437 2123 1495 2190 ubi

191 2252 295 2314 aequa
307 2233 348 2295 sit
357 2233 510 2314 urbisque
521 2231 697 2309 consensio,
709 2247 764 2312 per
770 2229 915 2314 Judioem
927 2229 971 2292 ita
982 2228 1165 2313 recipienda
1176 2231 1242 2310 erit,
1256 2242 1291 2294 ut
1303 2231 1345 2292 sb
1359 2231 1432 2296 aliis
1446 2233 1496 2296 ul-

190 2339 357 2402 terioribus
372 2339 612 2421 probationibus
627 2339 834 2418 abstineatur,
850 2339 1135 2422 quemadmodum,
1159 2343 1187 2404 si
1200 2359 1252 2406 ex.
1268 2359 1313 2424 gr.
1329 2353 1385 2406 tan
1401 2361 1497 2426 spou-

191 2467 256 2528 sus,
273 2467 374 2532 quarn
388 2467 507 2532 sponsa
520 2447 689 2528 fateantar,
706 2459 820 2512 mutuo
842 2449 993 2514 dissensu
1008 2469 1040 2512 re
1055 2449 1228 2516 resilivissa
1243 2456 1264 2514 a
1279 2449 1495 2532 sponsalibus

191 2535 235 2618 'At
250 2535 352 2636 quum
368 2573 454 2618 unus
469 2565 606 2642 tantum,
622 2556 679 2637 qui
702 2556 924 2622 dissolutionis
948 2577 1082 2624 oausam
1104 2559 1232 2640 allegat,
1249 2579 1308 2625 suo
1322 2561 1498 2628 dumtaxat

192 2665 412 2729 testimonium
427 2664 576 2730 eamdem
591 2666 724 2748 probare
739 2666 871 2746 inititur,
886 2665 974 2748 quod
988 2683 1038 2730 ex.
1054 2685 1100 2748 gr.
1116 2665 1296 2730 adfinitatis
1310 2685 1388 2730 oum
1402 2683 1497 2750 spcu-

191 2789 305 2840 sesua
320 2775 588 2858 impedimentum
602 2777 787 2857 intercedat,
815 2777 870 2842 ubi
896 2777 980 2840 aliae
1004 2795 1070 2842 non
1092 2778 1221 2843 subsint
1246 2797 1360 2860 graves
1374 2783 1498 2866 eonjeo-

191 2893 291 2964 turae,
307 2885 448 2947 etiamsi
474 2885 515 2948 ad
527 2885 757 2970 jusjurandum
782 2879 1060 2968 peratussit,1'ron
1074 2883 1271 2966 admittetuu
1288 2888 1499 2968 nequeenim

192 2994 249 3076 qui
263 2993 511 3056 controversiam
526 3003 584 3056 aut
598 2991 700 3073 insert,
717 3003 774 3056 aut
788 2993 916 3076 patitur,
928 2994 975 3056 ita
988 3011 1067 3056 suae
1079 2993 1239 3056 voluntati
1254 2992 1500 3100 relinquendus,

191 3114 248 3184 est,
266 3113 301 3166 ut
314 3123 357 3166 ex
371 3105 440 3187 ejus
456 3099 688 3181 adfirmatione,
715 3102 767 3164 vel
777 3103 962 3186 juramento
985 3117 1105 3164 musae
1127 3098 1247 3163 decisio
1273 3101 1422 3184 pendeat,
1447 3123 1498 3168 ar·

192 3225 347 3299 gumento
376 3213 453 3278 dicti
480 3212 613 3296 capituli
630 3213 658 3276 5.
685 3211 725 3274 de
748 3229 794 3290 eo,
819 3211 876 3294 qui
899 3209 1058 3293 cognovit.
1102 3209 1228 3274 Potiore
1238 3212 1309 3294 jure
1323 3221 1403 3294 puto
1429 3231 1498 3278 non

193 3320 321 3384 admitti
334 3339 419 3400 eum,
434 3321 491 3402 qui
506 3321 670 3403 sponsalia
683 3319 866 3384 executioni
882 3317 1030 3384 mandari
1052 3318 1199 3402 postulet,
1226 3319 1306 3384 dum
1332 3322 1414 3386 alias
1428 3341 1498 3388 non

191 3431 290 3494 babet
319 3439 554 3495 contractorum
583 3429 784 3514 sponsalium
808 3439 936 3511 apertas
964 3428 1175 3511 probationes,
1202 3449 1302 3512 quam
1327 3451 1410 3514 quas
1436 3450 1499 3496 suo

192 3540 503 3622 testimoniolirmat;
519 3541 620 3603 immo
634 3557 740 3620 neque
765 3537 799 3601 in
826 3538 888 3602 hae
913 3555 946 3600 re
969 3536 1038 3602 fieri
1064 3546 1168 3620 potest
1182 3537 1273 3600 locus
1282 3536 1497 3622 jurijurando,

194 3649 282 3732 quod
297 3649 516 3734 suppletivum
530 3658 658 3727 vocant,
675 3648 731 3712 ubi
755 3646 957 3730 probationes
971 3664 1037 3710 non
1053 3646 1132 3710 satis
1146 3663 1202 3728 per
1217 3665 1252 3708 se
1267 3643 1402 3708 idoneae
1416 3653 1497 3708 sunt

195 3755 237 3820 sd
252 3755 477 3822 instruendum
497 3756 618 3841 judicis
643 3756 800 3834 animum,
827 3755 926 3820 etiam
951 3754 980 3820 si
1005 3754 1087 3818 alias
1113 3753 1311 3837 semiplenae
1337 3752 1497 3834 dieantur,

194 3881 237 3926 ne
251 3864 285 3927 in
300 3883 332 3926 re
347 3865 549 3948 gravissima,
564 3874 695 3946 atquae
710 3863 809 3926 semel
835 3864 914 3928 inita
937 3861 1073 3926 dissolvi
1097 3863 1239 3945 amplius
1254 3862 1374 3944 nequit,
1389 3862 1499 3944 qualis

194 3983 252 4054 est,
268 3975 408 4059 conjugii
423 3973 602 4052 celebratio,
618 3973 756 4036 invitam
770 3991 924 4055 sponsam
939 3971 982 4035 ad
1004 3972 1194 4057 conjugium
1218 3979 1320 4034 traete
1341 3967 1498 4033 conceda-

195 4095 247 4151 tur
261 4086 358 4148 unius
373 4085 482 4166 sponsi
494 4082 697 4166 potissimum
711 4081 880 4161 voluntati,
897 4099 982 4163 quae
996 4078 1091 4144 facile
1105 4079 1146 4141 ob
1170 4073 1289 4140 ardens
1302 4073 1497 4152 futurarum,

194 4215 279 4279 quse
292 4202 470 4278 sperantur,
486 4190 673 4274 nuptiarum
695 4187 891 4256 desiderium
915 4208 954 4252 eo
978 4187 1108 4271 rapitur,
1134 4202 1200 4266 quo
1223 4182 1334 4248 minus
1359 4179 1499 4248 sollicita

197 4307 240 4370 sit
253 4305 294 4370 de
309 4325 374 4372 non
389 4302 575 4368 temeranda
584 4301 794 4388 Jnrisjnrandi
808 4299 1014 4364 sanctissima
1028 4295 1190 4376 religione.

235 4416 288 4482 Ad
300 4437 348 4499 ea,
363 4435 446 4501 quse
459 4416 633 4499 hueusque
647 4411 765 4478 tradita
779 4419 864 4490 runt
881 4409 915 4472 in
930 4403 1070 4471 nitidiori
1084 4401 1194 4467 adhuc
1211 4400 1282 4468 luco
1295 4397 1497 4474 collocanda.
