3134 4984
233 429 237 436 '
283 439 332 492 nn
348 441 552 505 nonnanis,
570 437 806 504 nrnasrrcrs,
823 442 871 490 nr
887 441 1154 488 senrsrranrors.
1303 421 1364 486 101

80 565 150 648 iesu,
162 583 227 632 nou
244 576 353 634 tamen
377 569 487 632 statim
502 578 671 650 tamquam
692 565 845 632 haeretiei
867 565 1047 630 damnandi
1072 575 1158 644 sunt,
1184 563 1212 628 si
1226 563 1306 628 dum
1322 563 1368 628 ad

80 693 164 740 usnnr
174 675 304 740 rationis
316 677 525 760 pervenerint,
542 675 720 757 pertinaees
735 675 769 738 in
781 673 905 738 haeresi
919 689 985 738 non
1000 673 1186 748 consistant,
1202 669 1259 733 sed
1270 691 1366 755 qnae-

79 795 145 852 rrnt
156 795 253 860 tosto
267 787 489 852 sollicitudine
512 787 695 864 ueritatem,
710 785 836 866 corrigi
846 783 974 868 parati,
1000 801 1077 846 euro
1090 783 1263 845 ueritatem
1277 781 1365 852 inus-

80 895 183 972 aerior,
197 893 246 958 nti
260 889 303 956 de
315 893 562 956 Donatistarum
577 890 655 955 filiis
668 891 774 974 ajebat
787 889 994 972 Augustinus
1007 889 1041 952 in
1054 907 1126 952 oen.
1141 887 1193 952 29.
1208 905 1297 950 oeus.
1312 885 1364 952 tt

80 1009 191 1080 quaest.
206 999 236 1064 3.
279 997 381 1069 Quod
397 999 425 1061 si
439 998 499 1062 filii
523 998 693 1062 orthodoxi
708 998 783 1078 siut,
797 1007 924 1061 oertum
937 995 1097 1080 imprimis
1121 1005 1179 1076 est,
1195 1003 1227 1058 et
1236 993 1366 1078 jamdiu
1390 980 1393 984 ⁵

80 1119 238 1192 receptnm3
252 1125 308 1172 eos
331 1107 403 1191 ipso
411 1110 484 1192 jors
499 1107 625 1172 liberari
650 1107 753 1190 patria
767 1115 932 1190 potestate,
958 1106 1004 1170 ita
1018 1115 1054 1168 nt
1068 1123 1129 1169 neo
1150 1103 1366 1188 emancipatio

80 1217 173 1280 raloru
187 1224 207 1283 t
222 1217 409 1300 parentibus
423 1216 518 1296 laeta,
541 1235 612 1298 nep.
627 1215 657 1280 2
674 1218 697 1283 i.
713 1214 770 1279 ult.
785 1215 828 1278 do
841 1217 960 1280 haeret.
974 1217 1009 1280 in
1023 1215 1063 1297 6.,
1086 1215 1163 1280 hino
1177 1215 1205 1278 si
1220 1213 1365 1278 adventi-

79 1321 117 1386 tia
129 1323 209 1386 bona
222 1324 404 1404 habuerint,
419 1325 561 1406 ipsorum
576 1323 673 1406 pleno
682 1324 754 1406 Jure
769 1322 861 1403 fiunt,
876 1324 955 1405 quin
970 1324 1053 1388 haee
1067 1322 1277 1407 publicationi
1292 1322 1366 1386 sub·

75 1431 198 1512 jaceant
242 1431 358 1513 Neque
370 1433 406 1496 in
430 1433 626 1496 contrarium
652 1430 753 1510 tlicas,
779 1430 885 1511 legem
912 1429 1067 1496 Fridorioi
1089 1429 1173 1494 filios
1194 1435 1215 1492 u
1237 1445 1366 1492 suooes·

80 1541 159 1604 sione
181 1550 317 1622 paterna
340 1539 519 1604 exclusisse
537 1539 688 1622 exemplo
711 1537 856 1603 orirninis
880 1535 988 1602 laesae
1012 1537 1196 1618 majestatis,
1221 1531 1309 1615 quod
1333 1541 1366 1596 et

79 1643 196 1708 tradidit
209 1625 421 1710 Innocentius
435 1645 495 1710 IIL
511 1645 546 1710 in
559 1665 630 1730 esp.
646 1647 697 1710 10.
712 1645 896 1725 debueret,
915 1631 1191 1728 qtrernarlmodurn
1206 1653 1316 1706 autem
1330 1641 1366 1708 iu

78 1755 199 1825 nimine
212 1755 321 1822 laesae
335 1755 513 1840 majestatis
537 1755 620 1820 nihil
635 1765 759 1839 praeter
774 1755 876 1818 ritem
890 1753 1033 1818 filiorum
1058 1751 1161 1834 gratia
1174 1759 1365 1828 reservatur.

78 1868 158 1932 itaet
169 1867 399 1951 quodoutnqne
413 1867 577 1952 peculium
590 1887 663 1932 esse
676 1867 719 1931 ab
734 1867 969 1934 haeretieorum
990 1863 1066 1928 filiis
1079 1862 1302 1941 atterendum,
1318 1879 1369 1926 ar·

77 1985 218 2056 gonento
232 1975 252 2037 l.
269 1975 298 2040 ὅ.
313 1973 384 2038 eorl
409 1974 455 2037 ad
469 1975 529 2057 leg.
545 1974 610 2038 Jnt
625 1976 748 2057 majest.
794 1975 927 2040 Etenim
939 1971 1180 2040 observandum
1205 1979 1264 2050 est,
1279 1987 1366 2034 oern-

77 2080 265 2161 prrationsrn
278 2079 371 2146 illam
396 2081 478 2144 inter
501 2085 623 2146 eumen
646 2082 758 2146 laesae
781 2084 969 2168 majestatis,
994 2092 1028 2146 ot
1050 2081 1174 2146 erimso
1195 2079 1367 2144 haereseos

76 2207 133 2254 non
143 2192 351 2274 omnigenam
364 2209 445 2272 osse,
461 2209 521 2256 neo
535 2191 581 2254 ita
594 2189 724 2272 ιἰοιιιιι,
740 2201 778 2257 ιιι
789 2191 951 2274 quidquid
966 2191 1001 2255 in
1013 2209 1080 2256 uno
1093 2189 1224 2270 obtinet,
1240 2191 1275 2254 in
1288 2188 1368 2253 alte·

77 2297 247 2362 roorisrine
269 2297 423 2377 obtineat,
446 2299 505 2362 sed
519 2307 656 2380 tantum,
683 2311 721 2364 ιιι
743 2301 989 2382 comparatione
1008 2298 1099 2379 faeta
1121 2298 1366 2379 demonstretur,

75 2407 286 2474 octennem
301 2406 473 2474 liberorum
497 2413 518 2476 i
533 2419 668 2491 paterna
681 2409 889 2474 suooessione
899 2407 1051 2491 exemplo
1073 2408 1218 2490 legitimo
1233 2391 1299 2472 non
1313 2427 1367 2472 oa·

76 2531 142 2579 rere.
162 2515 288 2582 Similis
298 2517 384 2582 ratio
394 2517 569 2585 exhibetur
590 2517 624 2582 in
638 2515 659 2584 l.
673 2517 705 2581 4.
720 2517 791 2582 ood.
805 2517 847 2582 do
862 2517 993 2598 haeret,
1006 2518 1062 2582 ubi
1086 2535 1164 2582 cunr
1178 2515 1368 2582 definiretur

76 2623 96 2689 i.
117 2621 153 2704 t,
175 2625 276 2692 etiarn
298 2626 426 2692 institui
442 2625 605 2710 judicium
629 2645 725 2708 posse
747 2636 862 2690 ooutrs
886 2625 1108 2708 Manichacus,
1123 2637 1196 2710 post
1219 2637 1367 2708 mortam,
1421 2668 1427 2679 -

74 2731 249 2816 exemplum
264 2731 404 2810 allatuin
417 2742 470 2796 est
476 2732 591 2816 jndioii
605 2733 795 2798 instituendi
810 2743 923 2799 contra
932 2751 1003 2798 reos
1017 2735 1163 2800 oriminis
1177 2735 1286 2800 laesae
1300 2754 1367 2802 mn·

70 2836 193 2922 jonaeis,
209 2859 413 2924 quamquam.
438 2842 473 2906 in
490 2828 562 2910 §.65
573 2841 718 2925 ερηιιιιιιι
743 2841 825 2924 logia
848 2842 1046 2926 subjioiutur,
1073 2841 1158 2908 lilios
1170 2841 1367 2906 orthodoxos

73 2943 261 3028 adparentis
287 2947 473 3015 Mannnrei
493 2948 679 3032 legitimam
703 2949 1093 3031 haereditatem-admitti,
1115 2967 1316 3034 quemquern
1325 2947 1367 3014 1ιί

73 3070 132 3122 non
144 3060 513 3144 resipiaturinorimiao
524 3061 633 3126 laesae
648 3063 834 3144 majestatis.
878 3063 1025 3130 Proiecto
1040 3063 1084 3128 ad
1098 3061 1276 3130 auferentia
1294 3069 1315 3128 a
1332 3061 1367 3128 fr·

74 3165 120 3230 liis
131 3171 308 3238 sirannus
330 3172 458 3255 pssunt
471 3191 554 3256 opus
566 3183 656 3238 esset
680 3192 834 3257 expressa
849 3175 932 3260 lege,
944 3195 1006 3242 neo
1027 3175 1148 3242 sufflat
1161 3185 1367 3258 argumenta·

74 3277 113 3340 tio
125 3281 439 3365 pernatamus
453 3281 592 3349 altorum
606 3283 790 3364 eriminum,
805 3293 879 3351 utut
892 3285 1062 3366 leviorunn
1088 3284 1177 3367 leges
1190 3283 1279 3348 enirn
1294 3299 1367 3366 poe

74 3385 157 3452 nelos
171 3389 374 3455 metuendae
398 3389 505 3472 potius
519 3401 604 3471 sunt,
630 3409 733 3473 quarn
748 3392 984 3460 extendendas
1009 3394 1092 3458 elias
1114 3403 1225 3458 antem
1241 3403 1367 3460 eertum

71 3507 122 3577 est,
137 3499 230 3584 leges,
246 3519 286 3565 ao
301 3501 489 3570 Pontificius
503 3503 749 3568 oorrstitationrs
763 3503 998 3570 haeretieorum
1013 3503 1098 3570 filios·
1111 3511 1133 3571 e
1147 3516 1281 3590 patema
1294 3525 1366 3572 suo·

72 3609 406 3690 warnestunense,
421 3629 487 3674 non
496 3611 637 3694 propriis
651 3609 862 3678 femitatibus
876 3615 1015 3694 exuisse,
1041 3613 1129 3680 diota
1142 3613 1214 3699 lege
1228 3615 1366 3680 Frideri-

72 3715 106 3794 oi,
118 3725 149 3782 et
171 3737 241 3803 cop.
259 3719 309 3784 tu.
334 3719 377 3782 tle
390 3719 511 3784 hautot.
525 3719 562 3786 iu
575 3719 606 3784 6.
650 3720 776 3786 Potisre
789 3723 889 3804 igitur
908 3722 980 3806 jure
994 3737 1113 3788 uxores
1131 3723 1366 3792 haeretieorum

72 3823 424 3894 &nemum-dotem
447 3829 739 3912 velutirpoeulium
764 3831 928 3914 proprlnrn
951 3831 1049 3897 libere
1078 3832 1303 3914 vindicabunt,
1334 3843 1366 3898 ot

70 3937 223 4022 nunquia
233 3939 280 4003 ιιι·
291 3939 436 4022 iprassx
450 3939 560 4006 debito
574 3945 709 4024 pertinet
723 3943 756 4007 iu
772 3943 865 4008 bonis
880 3945 995 4026 marin,
1010 3933 1092 4010 ou'rn-
1102 3945 1232 4012 nullum
1246 3946 1365 4026 sentire

72 4042 200 4112 &beant
211 4065 255 4113 ex
266 4051 376 4114 ¹rnoriti
390 4049 526 4114 erimine
539 4049 776 4132 detrimontum,
791 4052 856 4118 nisi
870 4061 980 4118 tamen
996 4065 1114 4118 uxores
1128 4066 1185 4120 aut
1199 4053 1315 4118 marito
1331 4053 1365 4120 in

43 4229 55 4244 ἢ
71 4149 185 4222 harma
197 4159 429 4250 manauerint,
445 4169 503 4228 sut
517 4161 655 4224 seientes
670 4159 848 4243 prudentes
865 4177 943 4226 ourn
956 4163 1118 4228 haeretioo
1132 4162 1242 4228 iltioite
1256 4165 1366 4248 eonju-

70 4263 152 4344 gium
172 4267 398 4349 onomat,
424 4285 496 4352 onp.
515 4267 563 4332 tt.
586 4267 631 4331 rio
645 4268 766 4334 hauet.
783 4271 817 4338 iu
832 4270 862 4334 6.
900 4271 1023 4354 ltaque
1047 4269 1131 4334 side
1156 4268 1233 4334 filiis
1248 4279 1365 4352 agatur

70 4373 303 4442 orthorloxisarl
315 4377 404 4444 bone
424 4380 526 4462 putris
540 4379 692 4444 haeretiei
708 4379 956 4464 adspirantibus,
981 4377 1061 4446 olim
1074 4379 1210 4462 quidem
1223 4379 1376 4464 rigebat·

71 4493 101 4547 nt
113 4483 259 4571 parentes
272 4487 428 4556 haustui
449 4497 638 4572 tenerentur
650 4489 784 4556 ffliebns
795 4488 926 4576 elargiri
940 4502 1102 4573 tomes
1121 4486 1224 4571 dotes
1236 4498 1272 4554 et
1284 4487 1364 4564 litiis
