3210 4990
162 495 205 546 nra
223 496 415 562 contueris,
437 499 568 550 oureus
592 495 728 546 nesrac
752 497 1001 546 uaesasrruno
1022 498 1291 546 consertorum:
1344 480 1405 548 179

38 601 40 644 i
126 619 188 684 den
204 621 358 686 naturalia
378 623 477 706 hujus
493 622 618 704 generis
642 631 813 705 praecepta
838 621 933 684 certis
959 621 1178 704 singularibus
1204 625 1312 688 causis
1328 627 1410 692 inni·

38 719 39 728 ’
125 747 169 808 ιι,
184 749 244 794 non
259 731 303 794 ita
317 731 486 794 individua
509 741 592 808 sunt,
619 741 651 794 et
673 729 768 794 facilc
790 732 824 794 in
847 731 1005 794 universis
1020 743 1078 795 aut
1091 735 1242 815 personis,
1259 747 1316 798 aut
1331 737 1410 804 locis

124 845 172 900 aut
197 840 389 922 temporibus
417 839 628 918 observanda,
656 849 693 902 ut
722 841 891 922 temperari
920 859 1084 922 nusquam
1114 842 1165 906 vei
1195 846 1326 926 possint,
1356 847 1407 910 vel

122 944 255 1010 debeant
298 947 391 1018 Qum
405 967 456 1010 ex.
472 965 528 1030 gr,
545 948 572 1010 si
595 946 724 1010 foedera
738 948 820 1012 inter
834 948 918 1012 duos
932 948 1069 1031 populos
1078 948 1206 1032 Jamdiu
1221 949 1342 1014 divisos
1357 971 1412 1036 pa·

119 1052 374 1116 ciscendaiorent
387 1073 430 1116 ex
455 1052 583 1136 publica
600 1054 716 1119 causat
760 1054 878 1118 Nonne
904 1065 983 1118 tunc
1009 1053 1133 1147 utilitas
1158 1055 1289 1140 publica
1304 1069 1409 1140 postu·

121 1159 196 1244 leret,
211 1175 246 1228 ιιι
260 1175 345 1228 mtra
359 1165 481 1247 gradus
507 1163 613 1247 plures
640 1163 739 1230 etiam
764 1164 859 1247 longe
880 1173 1018 1228 remotos
1044 1167 1195 1250 conjugia
1210 1167 1413 1250 prohiberer«

121 1283 170 1352 tur,
184 1291 247 1356 quo
260 1273 475 1356 opportunior,
490 1283 523 1335 et
533 1273 730 1336 commodior
751 1271 882 1336 daretur
903 1279 1031 1338 occasio
1056 1272 1255 1342 familiarum
1270 1281 1411 1344 remotio

121 1399 181 1445 rum
194 1382 352 1466 conjugiis
365 1381 607 1446 sociandaruml
650 1381 744 1451 Quid
767 1387 787 1445 e
811 1384 978 1462 contrario,
1001 1401 1028 1445 sr
1021 1382 1196 1466 publice'
1189 1395 1361 1466 mteresaet,
1377 1394 1415 1451 ut

37 1489 38 1554 3
120 1489 347 1570 aiamilisrnm,
370 1502 402 1554 et
424 1491 617 1574 populorum
641 1490 737 1572 louge
761 1497 957 1554 remotorum
982 1489 1217 1555 consuetudine
1241 1491 1415 1558 abstinere·
1431 1539 1437 1552 .

37 1563 39 1732 i

117 1599 174 1662 tun
213 1600 332 1665 Nonne
345 1611 379 1662 et
392 1609 471 1664 tunc
486 1597 616 1682 publica
630 1595 807 1681 postularet
820 1597 950 1677 utilitas,
961 1609 999 1664 ut
1009 1599 1052 1662 ad
1063 1617 1186 1682 paucos
1202 1603 1322 1684 gradus
1337 1622 1412 1668 con·

120 1709 368 1790 sauguineomm,
397 1707 629 1792 immdimenta
657 1708 881 1791 conjugiorum
909 1685 1144 1774 coercerentur?
1192 1711 1242 1775 En
1268 1731 1415 1798 caumm,

119 1835 204 1900 quare
217 1838 275 1903 pro
287 1817 476 1884 diversitate
486 1815 713 1903 adjunctorum
728 1816 895 1902 generales
910 1817 984 1884 illae
1000 1818 1181 1884 naturalis'
1168 1823 1253 1906 Juris
1267 1843 1417 1910 praecep-

118 1929 206 1992 tiones
220 1929 318 1994 modo
332 1929 509 2013 largiorem,
525 1927 623 1992 modo
644 1927 888 1992 contractiorem
909 1927 1201 2011 interpretationem
1223 1933 1412 2016 acciperent,

117 2035 381 2117 quamadmodum
397 2055 508 2100 revera
535 2035 699 2119 accepisse
713 2035 846 2116 scimus,
860 2035 888 2098 si
904 2055 959 2119 per
989 2037 1095 2102 varias
1125 2049 1315 2123 temporum,
1332 2043 1415 2108 ioco·
1450 2115 1453 2122 ,

117 2163 239 2228 rumque
254 2146 347 2210 vices
361 2143 588 2227 investigando
602 2143 838 2226 exspatiemur.

148 2249 260 2338 ltaque
274 2252 365 2336 quod
380 2252 515 2335 pertinet
530 2251 572 2318 ad
596 2250 741 2332 fratrum,
771 2269 982 2334 sororumque
1010 2253 1169 2335 coru'ugia,
1185 2250 1324 2336 demptis
1338 2273 1414 2318 con·

113 2360 199 2444 jugiis
235 2363 378 2427 invicem
414 2361 585 2424 contractis
622 2359 703 2424 inter
740 2358 833 2440 filios,
871 2369 903 2424 et
939 2359 1025 2426 filias
1061 2373 1242 2426 nostrorum
1271 2378 1416 2430 commu·

36 2557 37 2578 Χ
118 2473 197 2538 nium
212 2481 483 2557 protoparentum,
516 2481 625 2553 utpote
654 2489 794 2552 quorum
823 2482 970 2554 respectu
990 2483 1108 2538 natura
1122 2493 1188 2538 non
1203 2485 1244 2538 ne
1258 2475 1324 2540 alia
1338 2495 1413 2542 ceu·

116 2601 146 2646 sa
158 2585 295 2650 sollicita
308 2603 379 2648 esse
395 2594 525 2667 poterat,
541 2601 642 2664 quam
664 2581 706 2644 de
720 2581 850 2648 illerum
879 2585 997 2648 animis
1012 2587 1189 2650 arctissima
1204 2589 1416 2656 conciliandis

115 2713 148 2758 ea
159 2696 274 2762 deinde
300 2705 452 2779 perpetuo
477 2692 690 2776 impmbanda
719 2692 860 2775 iuerunt;
878 2713 984 2778 neque
999 2697 1088 2762 enim
1103 2697 1255 2780 exempla
1270 2699 1339 2763 ulla
1354 2721 1417 2766 res·

114 2799 240 2880 picimus
266 2799 493 2884 conjugiorum
522 2800 604 2863 inter
632 2801 719 2882 ipsos
748 2813 995 2882 contractorum,
1025 2821 1111 2884 quac
1140 2807 1272 2888 probata
1300 2809 1414 2875 eviris

115 2909 324 2990 prudentibus,
340 2919 380 2972 et.
397 2909 532 2974 moraris
555 2909 735 2991 aliquando
764 2909 892 2991 firerint,
922 2923 1087 2995 praeterea
1115 2929 1309 2980 memoratas
1339 2919 1412 2985 ilias

115 3016 186 3098 duas
214 3017 376 3083 naturalis
397 3015 480 3101 juris
509 3019 751 3101 praeceptiones
780 3019 824 3082 ita
854 3017 964 3084 locum
994 3019 1110 3083 babere
1140 3021 1172 3084 iu
1194 3020 1351 3102 iratribus,
1377 3035 1411 3090 et

115 3130 262 3194 sororibus
278 3129 450 3204 intuemur,
466 3135 504 3189 ut
519 3128 575 3190 vix
589 3145 751 3210 emergere
762 3145 859 3192 casus
873 3130 982 3210 possit,
998 3129 1055 3210 qui
1070 3121 1341 3212 dispensationem
1356 3135 1412 3198 ad·

116 3235 217 3298 mittat.
240 3237 287 3300 At
301 3233 329 3296 si
344 3233 386 3294 de
400 3231 534 3296 fratrom
550 3232 625 3296 finis
640 3248 763 3317 agatur,
790 3253 870 3298 cova
894 3235 1030 3315 facilins,
1047 3237 1074 3300 si
1090 3257 1193 3302 sermo
1208 3241 1248 3303 sit
1263 3241 1304 3304 dc
1318 3262 1409 3308 cons·

36 3425 38 3438 ,
116 3342 203 3408 titutis
228 3346 263 3408 in
289 3341 393 3426 gradu
428 3342 601 3422 remotiore,
639 3343 743 3406 multa
778 3363 924 3408 ocurrere
960 3357 1110 3428 poterunt
1139 3362 1337 3432 argumenta,
1365 3373 1408 3420 ex

115 3455 221 3534 quibus
235 3453 389 3538 conjugia
414 3451 497 3516 inter
522 3451 607 3533 ipsos
632 3451 776 3516 ineunda
802 3453 898 3516 modo
920 3455 1183 3536 improbarentur,
1199 3459 1408 3528 modoetiam

116 3561 174 3625 sine
200 3561 386 3628 discrimine
415 3561 635 3642 reciperentur.
680 3558 856 3624 Probatum
886 3561 1064 3644 aliqnando
1083 3565 1125 3628 -in
1155 3567 1254 3632 saeris
1284 3569 1406 3638 Veteris

36 3721 37 3766 ι
115 3673 310 3740 Τιιιιιιιιειιιὶ
338 3671 437 3734 literis
465 3670 653 3752 conjugium
682 3668 816 3752 adparet
843 3672 877 3734 in
906 3671 1094 3736 Abrahamo
1122 3683 1154 3737 et
1181 3675 1272 3759 Sara;
1294 3700 1406 3760 quarn·

117 3803 203 3865 quam
217 3785 306 3848 enirn
321 3780 488 3844 Abraham
503 3777 639 3842 dixerim
654 3797 726 3840 eam
740 3795 878 3842 sororem
894 3797 998 3857 snam,
1015 3779 1130 3845 Genea.
1146 3803 1214 3867 cap.
1234 3787 1292 3866 12,
1309 3789 1406 3852 latius

117 3899 214 3958 tamen
228 3909 267 3955 eo
297 3890 428 3952 nominc
458 3907 536 3952 usus
561 3897 617 3966 est,
634 3897 669 3950 ιιι
698 3886 902 3969 significaret,
917 3909 990 3954 eam
1005 3889 1104 3956 fuisse
1119 3913 1160 3958 ex
1176 3892 1306 3961 Nachor
1319 3919 1405 3964 com·

36 4027 37 4054 ι
117 4002 284 4077 muniano,
301 4017 364 4060 non
379 4017 421 4060 ex
446 4007 534 4080 patre
564 3995 676 4058 There
690 3995 841 4078 genitam,
873 3998 988 4060 Genea.
1004 4018 1074 4080 cap.
1089 4000 1140 4064 2⁰.
1157 4021 1236 4066 vers.
1255 4005 1312 4082 12,
1327 4025 1405 4086 que·

119 4105 320 4170 madmodum
349 4116 380 4166 et
408 4103 471 4168 Lot
499 4103 681 4186 appellatus
709 4114 758 4166 est
786 4104 883 4168 frater
913 4105 1070 4188 Abrahae,
1100 4111 1215 4172 Ganos.
1245 4131 1314 4193 cap.
1354 4113 1403 4179 13.

118 4233 190 4280 verse
223 4218 264 4294 8,
301 4227 333 4278 ct
370 4216 427 4292 11,
465 4225 496 4278 et
531 4233 601 4298 cap.
642 4214 689 4276 14.
726 4233 807 4278 vers
836 4217 894 4296 lt,
921 4216 993 4280 licet
1017 4217 1078 4282 Lot
1092 4230 1174 4282 esset
1191 4219 1276 4283 filius
1292 4223 1401 4308 dreng

120 4343 175 4390 uon
209 4329 321 4392 There
359 4326 455 4407 patris
491 4325 666 4404 Abraham,
704 4327 820 4390 Genea.
857 4347 927 4410 cap.
967 4331 1014 4396 ll.
1054 4351 1132 4394 vers.
1169 4333 1228 4410 27,
1265 4346 1297 4396 et
1331 4357 1404 4418 cap.

121 4437 162 4498 12.
178 4439 290 4500 vers.5
345 4433 437 4498 Istud
465 4453 544 4498 saue
572 4435 760 4516 conjugium
789 4435 992 4517 probandum
1021 4439 1164 4500 maxime
1193 4449 1260 4502 erat
1285 4459 1325 4504 ex
1342 4461 1405 4506 sm·

120 4541 272 4620 gularibus
286 4541 487 4628 gravissimis
502 4541 618 4622 causis,
645 4541 800 4622 videlicet,
827 4543 914 4624 quod
941 4562 1005 4608 non
1032 4544 1164 4626 deceret,
1180 4547 1407 4618 Abrairamum
