3120 4980
177 441 222 488 na
238 401 358 499 uonna,
374 436 508 488 catana
522 432 683 480 cerutus
700 429 741 476 nnc
756 427 930 474 annnorum
948 425 1200 474 catanancen.
1286 403 1342 471 583

73 581 213 628 censuram
226 583 282 646 per
295 579 421 624 anatim
442 561 477 622 in
491 577 527 622 ea
545 553 782 631 insonlnerunt,
798 551 928 634 ponitus
941 563 1033 614 extra
1054 549 1239 613 Ecclesiam
1254 556 1342 613 aaut.

75 673 178 738 iitenita
197 669 472 736 excommunicati
497 661 752 729 incandescentes
766 663 935 726 haereticis
950 661 1211 744 aequiparantur:
1239 662 1343 742 proin-

72 785 151 866 deque
163 801 225 848 non
239 783 455 844 admittuntur
469 777 510 839 ad
527 775 761 851 accrrsandum,
778 793 850 836 can.
865 773 915 834 36.
931 771 981 835 37.
998 789 1087 834 catus.
1110 771 1157 834 11.
1174 781 1298 852 quaest.
1313 767 1343 833 3.

69 909 121 971 cap.
135 891 177 952 tu.
203 907 284 951 rens.
317 887 388 960 Qrti
406 893 520 950 uectem
541 883 582 947 de
598 884 777 961 haereticis,
804 901 873 964 cap.
889 883 919 944 7.
935 879 1004 943 eod.
1033 881 1078 943 tit.
1095 880 1127 942 in
1143 879 1174 942 6.
1217 879 1267 942 Ad
1285 880 1345 942 hos
1368 907 1373 923 ·

70 1014 152 1064 antcm
167 1002 321 1083 portinere
348 1009 424 1080 puto
438 1015 581 1059 canones
596 997 636 1073 6.,
663 1007 693 1056 et
710 995 738 1058 7.
756 1013 844 1058 caus.
860 993 889 1056 3.
915 1003 1037 1074 quaest.
1064 991 1103 1071 4.,
1121 992 1167 1055 uti
1181 1007 1345 1056 canonum

69 1113 191 1193 ipsorum,
207 1127 434 1192 quaecumque
445 1111 487 1171 sit
499 1108 627 1171 iliorum
643 1107 826 1184 atrctoritas,
841 1105 938 1168 verba
952 1103 1180 1167 demonstrant.
1212 1105 1263 1168 Ad
1281 1123 1347 1168 rem

69 1216 398 1298 Constantinopolitano
414 1215 441 1280 1.
455 1215 619 1296 Synodus,
635 1225 667 1280 et
682 1213 840 1294 getrcraiis
862 1211 908 1274 ita
922 1210 1070 1274 definivit
1086 1213 1117 1274 in
1133 1231 1205 1274 cau.
1221 1211 1251 1275 3.
1304 1211 1348 1275 Ui

68 1328 194 1407 primum
217 1325 350 1410 paridem
374 1325 548 1387 haereticis
562 1343 628 1384 crorc
653 1323 749 1385 liccat
775 1322 968 1384 orrnouorcs
994 1321 1180 1406 Episcopus
1199 1323 1348 1386 derebus

69 1436 270 1498 ecciesiasticis
294 1417 459 1500 accusare.
506 1429 700 1494 Haereticoe
715 1440 825 1493 auterre
840 1431 993 1504 dicimus,
1019 1441 1049 1494 ct
1063 1433 1121 1516 qui
1135 1433 1208 1495 olim
1228 1433 1268 1494 ab
1287 1433 1348 1497 Ec·

69 1543 146 1604 ciceia
159 1543 248 1627 ejecti
262 1549 349 1617 ment,
374 1550 404 1602 et
419 1533 571 1625 qrtiisurtt
595 1547 710 1620 postea
731 1539 859 1602 duobis
880 1537 1170 1602 urnathematizcti.
1214 1539 1350 1602 Addidit

70 1649 137 1710 inem
152 1649 343 1727 Genucilium,
369 1648 512 1728 idipsum
526 1665 597 1708 esse
612 1657 644 1706 et
669 1644 709 1706 de
725 1644 939 1706 schismaticis
955 1645 1140 1724 dicendum3
1158 1649 1277 1708 etenim
1293 1647 1349 1709 vix

69 1754 186 1816 schisma
204 1739 274 1816 esde
291 1767 402 1835 potest,
428 1767 486 1816 auc
499 1753 576 1816 oiim
591 1753 649 1814 rix
664 1751 790 1813 shisma
805 1762 881 1830 erat,
907 1750 995 1832 quod
1011 1771 1074 1814 uon
1090 1751 1170 1816 forent
1184 1771 1259 1816 cum
1275 1755 1349 1818 hae

70 1865 115 1924 rcsi
132 1865 288 1944 junctum.
333 1861 482 1924 Dubitari
498 1871 625 1923 tantum
649 1871 754 1942 potest
779 1858 819 1920 de
846 1859 892 1936 iis,
918 1860 974 1939 qui
991 1877 1127 1927 censura
1155 1870 1280 1923 tantum
1296 1881 1350 1924 ex·

70 1969 353 2033 communicationis
377 1967 517 2050 perculsi
532 1979 616 2046 sunt,
643 1977 675 2030 et
690 1987 749 2030 nec
765 1967 914 2030 haeretici
932 1977 1016 2044 stunt,
1043 1985 1102 2028 nec
1128 1967 1296 2028 haereticis
1310 1965 1351 2030 ob

70 2077 334 2142 insordescentiam
356 2077 542 2160 comparati.
586 2075 750 2156 Equidem
778 2075 829 2138 isti
855 2073 965 2138 adhuc
991 2077 1228 2139 communionis
1253 2075 1352 2140 eccle·
1392 2107 1402 2116 -

70 2187 197 2250 aiasttcae
205 2189 281 2270 jura
297 2186 329 2247 in
346 2183 461 2263 radice,
478 2185 522 2245 ita
537 2183 684 2261 dixerim,
700 2183 845 2262 retinent,
861 2196 1053 2266 angerinento
1075 2186 1207 2267 capituli
1222 2185 1251 2248 3.
1267 2187 1306 2265 4.,
1320 2197 1352 2249 er

70 2297 138 2360 hde
153 2298 232 2362 Oica.
256 2313 417 2360 excomm.
432 2295 578 2373 ministr,
605 2313 667 2356 usn
685 2305 793 2358 tamen
819 2295 1005 2360 eorumdem
1016 2297 1138 2379 jurium
1161 2297 1353 2364 interdicun-

70 2417 115 2468 tu'.
145 2408 230 2472 Eam
244 2408 286 2468 ah
310 2425 386 2484 rem,
404 2405 477 2467 iicet
492 2404 669 2466 accusandi
684 2401 793 2466 adhuc
809 2403 927 2468 habere
943 2405 1122 2484 videantur,
1141 2426 1293 2470 accusare
1309 2403 1360 2471 ta?

69 2529 129 2574 raon
144 2523 316 2593 nequeunt,
341 2513 435 2592 quasi
460 2511 605 2592 quodam
621 2509 708 2574 'sacti
736 2513 966 2594 impedimento
993 2513 1110 2577 irretiti.
1155 2507 1205 2578 dd
1223 2537 1288 2580 rem
1309 2519 1353 2582 ita

67 2627 288 2706 prosequuntur
301 2623 653 2708 &nstantinopoiitani
667 2623 781 2688 Patres
796 2645 829 2689 nu
845 2645 916 2689 carr.
932 2626 962 2688 3.
979 2625 1075 2690 mado
1092 2625 1233 2690 inundato:
1250 2627 1353 2693 Prae-

68 2743 143 2800 tercc
156 2745 268 2801 cutem
283 2739 344 2800 cisi
358 2738 464 2822 aliquoi
478 2757 592 2800 eorum
606 2738 647 2800 ah
664 2737 815 2817 Ecclesia
830 2741 867 2802 ob
882 2741 1015 2824 aliquas
1038 2761 1159 2804 corneos
1170 2743 1270 2826 prins
1284 2765 1354 2808 corc-

66 2847 207 2927 dernnoti,
225 2857 255 2912 et
270 2849 387 2932 rejecti,
404 2849 455 2911 cei
469 2851 893 2934 eccunimurcicotisrtariai,
908 2854 977 2917 sive
993 2875 1032 2920 ec
1047 2855 1137 2932 clero,
1157 2856 1225 2920 sine
1240 2865 1283 2920 ec
1294 2855 1354 2922 lai-

66 2977 165 3022 coram
177 2956 292 3024 ordine
306 2961 390 3038 siah·
413 2981 471 3024 aec
485 2960 530 3022 iis
545 2961 639 3024 licere
656 2960 865 3047 Episcopum
890 2985 1053 3044 cccttsare,
1066 2969 1268 3056 prinsquam
1279 2992 1355 3054 pro.

63 3069 167 3149 prinum
182 3070 319 3133 crimine
334 3069 554 3132 deterserint.
599 3068 746 3151 idipsum
762 3077 942 3135 startrerunt
957 3072 1067 3134 Patres
1083 3073 1357 3156 Carthaginenses

67 3171 93 3232 in
106 3193 173 3236 can.
190 3175 217 3237 l.
234 3193 323 3236 caus.
338 3175 369 3236 7.
385 3189 509 3256 quaest.
529 3177 567 3254 1.,
584 3186 615 3238 ec
630 3179 857 3242 recentioribus
873 3180 1012 3244 saeculis
1027 3184 1187 3265 rescripsit
1201 3185 1356 3250 innocen·

67 3279 120 3340 tius
134 3279 193 3345 111.
210 3281 243 3344 in
259 3301 329 3363 cap.
345 3283 395 3345 20.
411 3283 452 3346 de
467 3295 608 3347 accusat.
652 3283 771 3366 Liquet
787 3285 870 3366 inde,
886 3289 975 3352 exitu
1001 3291 1133 3372 quidem
1148 3295 1290 3376 inspecto
1306 3315 1357 3358 ae-

65 3407 119 3468 que
133 3391 288 3484 remoreri
302 3393 611 3470 excommunicatos,
627 3403 723 3474 atque
739 3376 1029 3459 anathematizatas
1044 3399 1087 3460 ab
1101 3399 1295 3482 accensenda
1312 3401 1358 3464 iu·

64 3509 139 3564 terea
153 3491 265 3574 turned
279 3501 452 3566 discrimen
474 3503 556 3566 inter
572 3497 724 3585 utrosque
740 3505 942 3584 intercedere,
964 3509 1050 3590 quiod
1066 3482 1358 3576 anathematizatus

64 3621 256 3676 removeatur
280 3629 322 3674 ax
347 3621 464 3674 antara
485 3611 600 3695 judicii
625 3612 755 3696 publici,
782 3615 870 3695 quod
898 3633 962 3679 non
986 3617 1151 3679 admittitit
1168 3619 1358 3680 constitutos

63 3729 147 3781 extra
171 3719 425 3797 anniversitatem,
452 3722 755 3785 excommunicatus
782 3735 890 3786 autem
914 3735 1115 3788 removeatur
1130 3719 1360 3808 impedimento

64 3827 206 3906 quodam,
233 3847 307 3912 qno,
332 3838 406 3893 utut
429 3825 548 3910 agendi
567 3831 624 3916 jhs
649 3829 776 3924 haheat,
802 3829 963 3895 detinetur
977 3840 1087 3920 tamen
1113 3827 1242 3911 interea,
1269 3849 1309 3894 ne
1325 3831 1359 3894 in

60 3927 173 4010 judicio
188 3945 276 4016 agat.

74 4039 151 4103 'dn
166 4041 320 4107 Monachi
346 4044 389 4115 ain
402 4031 588 4112 accusando
611 4047 815 4130 repedantur,
841 4049 1017 4114 Gratianus
1043 4048 1265 4134 quaerendum
1287 4069 1359 4114 cen-

62 4147 122 4210 suit
135 4160 205 4232 post
219 4153 445 4240 canonemhz.
461 4173 549 4218 cans.
565 4155 595 4218 2.
611 4167 735 4238 quaest.
750 4158 790 4237 ¹7,
806 4171 836 4220 et
851 4169 1023 4242 postquam
1038 4157 1104 4221 duo
1119 4155 1276 4220 recensuit
1291 4173 1358 4220 mo·
1458 4155 1461 4160 '

60 4269 211 4360 aucmenta
226 4261 261 4325 in
275 4279 348 4324 can.
375 4261 435 4338 53,
451 4271 483 4325 et
498 4263 549 4327 54.
576 4283 715 4347 quornm
730 4267 871 4348 primum
897 4265 1057 4330 Hadriani
1072 4263 1260 4339 oriiiectioni,
1285 4263 1361 4328 alte-

61 4377 128 4428 rum
143 4363 276 4451 Pelagio
290 4367 333 4462 ῌ.
359 4369 515 4445 tribuitur,
529 4379 563 4433 et
576 4387 620 4432 ex
631 4369 763 4452 -qu'rbus
777 4371 902 4436 deduci
911 4371 1087 4451 videbatur,
1115 4369 1294 4434 Monachus
1309 4387 1361 4434 ao·

58 4481 168 4535 cusanc
181 4491 247 4538 non
262 4489 364 4558 posse,
379 4473 420 4538 da
435 4490 522 4542 more
533 4493 595 4542 suo
608 4477 651 4541 ad
662 4477 877 4544 distinctionis
891 4479 1045 4566 confugit,
1061 4478 1270 4562 corteiudcus,
1285 4477 1354 4546 nto
