3276 4984
509 428 556 477 ms
579 429 753 477 versantu
776 431 1037 479 οοΝουΒῐΝΑτυ.
1388 417 1435 486 lu

119 552 242 615 mamb
251 551 372 637 paries,
390 559 420 615 et
436 553 588 618 adultera
610 556 743 640 putris?
787 555 1002 638 Quamquam
1017 557 1105 620 euim
1129 559 1350 640 gramaticalis
1364 571 1438 624 con·

120 665 258 728 cublnae
274 662 471 746 significatio
484 684 557 726 eam
572 665 726 728 feminam
739 663 980 744 demonstraret,
996 685 1081 747 quae
1092 667 1163 728 viro
1175 668 1352 731 concubitu
1364 672 1441 752 jun·

119 781 254 853 geretur,
271 771 436 852 quomodo
451 771 632 836 Massurius
647 793 714 836 non
732 773 888 856 probante
904 773 1025 838 Flacco
1040 777 1198 839 scribebat
1224 779 1256 840 in
1280 777 1300 840 l.
1318 779 1387 844 144.
1403 781 1435 843 ff·

119 877 156 940 de
169 880 261 942 verb.
279 879 397 962 signis,
411 881 512 965 vulgo
528 893 637 946 tamen
650 882 822 966 generalis,
834 894 866 945 et
875 883 1015 948 nimium
1028 885 1090 946 late
1106 889 1366 968 patensnominis
1375 889 1437 970 sig·

117 983 264 1047 nificatio
280 989 345 1049 us'u
364 985 515 1070 loquendi
532 1001 696 1054 contracta
713 1004 771 1071 est,
788 1002 824 1055 ut
840 993 925 1056 sicut
940 1011 1006 1056 non
1023 1010 1165 1073 uxorem,
1180 998 1225 1058 ita
1240 1015 1299 1059 nec
1313 997 1437 1062 adulla-

116 1113 191 1174 ram,
209 1115 275 1158 nec
289 1095 440 1178 pellicem
454 1097 645 1180 designaret;
676 1103 891 1182 quamobrem
919 1103 1048 1182 scimus,
1065 1116 1096 1165 et
1106 1105 1283 1186 adulteras,
1298 1119 1331 1170 et
1346 1105 1436 1192 pelli·

118 1220 167 1263 ces
186 1203 265 1285 jure
294 1203 446 1266 Romano
474 1203 660 1286 damnatas,
691 1207 890 1270 concubinas
920 1209 1092 1274 damnatas
1121 1211 1255 1274 minime
1285 1213 1432 1296 legimus.

118 1309 164 1373 De
179 1310 336 1375 adultera
351 1329 419 1375 una
443 1311 497 1375 lex
521 1313 611 1377 Julia
637 1314 678 1378 de
703 1315 869 1380 adulteriis
894 1317 963 1381 lata
987 1318 1018 1382 id
1044 1319 1175 1384 abunde
1201 1321 1441 1387 demonstranti·

117 1417 154 1482 de
168 1419 347 1502 pellicibus
361 1421 460 1485 etiam
475 1433 629 1507 concepta
648 1425 718 1508 jum
742 1425 821 1490 olim
846 1425 951 1490 luerat
976 1427 1198 1494 vetustissima
1219 1431 1278 1494 lex
1303 1417 1440 1496 Nurn'uts¹

115 1529 224 1612 Regis,
253 1529 376 1597 deinde
405 1531 560 1596 translata
589 1535 623 1597 in
653 1533 826 1598 duodecim
855 1535 986 1602 tabulas
1014 1538 1103 1620 apud
1134 1539 1277 1603 Gellium
1307 1540 1375 1603 libr.
1399 1539 1438 1603 tlr

117 1639 272 1704 Noctium
288 1639 471 1706 Atticarum
485 1661 555 1726 cap.
567 1641 597 1707 3.
612 1643 666 1707 ibi:
690 1644 807 1708 Palles
822 1662 920 1710 oram
936 1647 1133 1712 Juoouas‘ne
1155 1638 1296 1733 tangito,
1312 1652 1343 1714 si
1355 1653 1440 1714 tara*

116 1759 183 1831 get,
197 1751 351 1814 crinibus
361 1751 517 1816 derensis
531 1755 842 1837 ugurtmfaminam
866 1757 1003 1822 caedito:
1027 1744 1147 1840 quibus
1173 1778 1251 1822 sane
1267 1745 1372 1824 verbis
1384 1757 1439 1822 udi

116 1859 312 1923 modestiam
335 1861 521 1944 compositis
544 1859 755 1942 indicabatur,
780 1865 962 1930 maritalem
988 1851 1188 1946 thalamum,-
1205 1884 1304 1950 quem
1333 1869 1441 1934 aram*

115 1965 485 2049 eronisappellabant,
495 1970 591 2051 quasi
605 1970 875 2053 Junonisacrum,
885 1991 950 2044 non
962 1974 1076 2038 debere
1088 1979 1108 2040 a
1119 1977 1233 2059 pellice
1245 1979 1342 2061 tangi.
1359 1979 1436 2044 sect

116 2087 145 2139 st
159 2079 436 2143 concubinatusa
457 2091 569 2164 stupro
591 2077 810 2164 distinguitur,
837 2093 1002 2166 propterea
1027 2083 1115 2167 quod
1140 2089 1175 2149 in
1199 2075 1309 2170 stupro
1335 2088 1435 2152 nulla.

115 2173 319 2251 cousuetudo
347 2189 395 2270 sit,
425 2199 458 2252 et
485 2191 571 2252 vitae
602 2192 771 2254 universae
800 2192 996 2272 communl03
1027 2193 1239 2274 quamobrem
1265 2205 1426 2276 urumque

114 2297 376 2382 conjunctionem
392 2297 561 2362 manifeste
585 2298 811 2380 distinxerunt,
838 2311 910 2365 tum
933 2303 1117 2383 Atilicinus,
1133 2313 1165 2366 et
1181 2303 1345 2386 Ulpianus
1356 2306 1390 2368 in
1405 2305 1426 2367 l.

115 2411 142 2472 1.
159 2409 227 2476 tt.
244 2405 279 2470 ff.
295 2407 336 2470 de
359 2409 558 2490 concubinis,
583 2411 766 2489 scribentes,
793 2429 850 2473 eas
874 2426 968 2493 possa
993 2411 1028 2474 in
1051 2414 1251 2477 concubinas
1266 2415 1376 2480 baberi
1390 2415 1426 2476 in

111 2537 197 2600 quas
214 2529 366 2599 stuprum
381 2509 445 2581 non
462 2519 721 2601 committeretur3
747 2531 817 2584 tum
843 2519 1048 2584 Modestinus
1074 2522 1108 2586 in
1134 2521 1154 2585 l.
1180 2523 1230 2586 34.
1256 2524 1289 2586 ff.
1305 2521 1347 2586 ad
1363 2523 1424 2605 leg.

112 2627 175 2691 Jul.
208 2626 251 2689 de
282 2625 418 2691 adulter.
447 2613 583 2709 docens,
605 2617 752 2711 stuprum
781 2629 816 2693 in
844 2631 1029 2696 concubina
1057 2648 1123 2695 non
1156 2633 1323 2713 committi3
1355 2625 1425 2696 tu'm

110 2734 320 2819 Papinianus
333 2733 368 2796 in
382 2733 402 2797 l.
420 2733 470 2800 16.
498 2737 520 2802 i.
546 2737 574 2799 l.
599 2735 632 2798 ff.
659 2735 700 2798 de
724 2737 785 2818 his,
811 2756 898 2819 quae
912 2749 949 2804 ut
964 2737 1114 2821 indignis,
1130 2737 1269 2816 tradens,
1286 2757 1369 2816 eam,
1386 2739 1421 2802 iu

110 2864 177 2928 qna
193 2863 263 2908 non
279 2855 434 2928 stuprum,
446 2843 504 2908 sed
515 2845 749 2910 concubinatus
761 2844 830 2925 luit,
844 2857 1038 2909 testamento
1046 2865 1164 2930 capere
1180 2863 1284 2930 posse.
1328 2845 1424 2917 Quid

111 2953 203 3018 aliud
220 2971 298 3037 ergo
311 2965 379 3018 erat
392 2955 627 3019 concubinatus
642 2955 705 3034 illa,
721 2955 755 3019 in
769 2973 834 3039 quo
848 2973 910 3019 nec
934 2955 1139 3035 adulterium,
1166 2975 1226 3022 nec
1237 2955 1418 3040 pellicatus,

111 3083 170 3128 noc
187 3074 341 3146 stuprum
357 3061 549 3146 fingebatur,
563 3083 664 3147 quam
689 3067 828 3149 nuptiae.
848 3065 958 3130 minus
972 3065 1143 3147 salmones,
1170 3067 1204 3129 in
1219 3067 1338 3149 quibus
1352 3087 1422 3152 ma-

111 3173 214 3238 ritalis
244 3173 380 3255 quidem
408 3171 535 3237 affectio
562 3183 639 3254 erat,
664 3173 741 3237 'sinc
758 3173 850 3237 ‘thori
880 3171 1047 3254 divisione,
1063 3175 1193 3238 nemine
1216 3173 1431 3240 consuetudi:

111 3307 185 3352 nem
201 3285 445 3365 interturbante,
460 3287 513 3350 cni
530 3285 651 3349 scilicet
672 3283 754 3349 nibil
781 3281 873 3350 aliud
899 3277 1016 3366 oberat,
1029 3285 1208 3368 :quominus
1218 3287 1326 3370 justae
1342 3305 1422 3370 nup-

112 3398 172 3460 tiae
202 3395 395 3475 dicerentur,
427 3414 527 3478 quam
555 3413 623 3459 una
650 3393 763 3478 legum
793 3395 964 3476 subtilitas,
994 3387 1170 3480 aliquando
1194 3395 1293 3460 etiarn
1319 3398 1422 3462 nimia

111 3501 330 3568 Ethnicorum
345 3501 508 3585 asperitas,
534 3503 590 3586 qui
600 3503 707 3588 justas
722 3493 853 3588 nuptias
869 3521 934 3568 non
949 3504 1109 3584 dicebant,
1125 3506 1187 3569 nisi
1202 3507 1331 3588 quoties
1345 3527 1420 3572 con-

112 3609 313 3675 farreationis
329 3609 514 3673 solemnitas
539 3597 660 3692 aderat,
679 3601 742 3676 'aut
767 3621 852 3676 certa
871 3614 1122 3696 stipulationum
1147 3607 1287 3678 formula
1313 3612 1424 3680 acoes'

114 3733 193 3786 serat
208 3721 252 3786 ad
279 3719 508 3784 celebrandam
533 3721 775 3804 coemptionem,
802 3733 860 3785 aut
880 3721 1024 3804 'denique
1047 3713 1155 3806 longa,
1180 3743 1240 3788 neo
1264 3727 1418 3807 interrup-

115 3842 146 3893 ta
167 3809 338 3914 usucapio,
364 3831 596 3895 contestatione
619 3831 790 3895 liberorum
817 3831 1095 3916 suscipiendorum
1123 3835 1342 3918 praecedente,
1371 3835 1417 3898 in·

113 3940 322 4005 tercessissetl
365 3938 466 4009 Quod
490 3939 725 4004 concubinatus
750 3941 954 4008 individuam
976 3943 1246 4008 consuetudinem
1261 3946 1346 4008 vitae
1361 3943 1415 4006 da-

112 4049 261 4132 signaret,
286 4061 435 4132 stuprum
460 4065 522 4110 non
548 4057 625 4130 erat;
653 4045 739 4128 quod
766 4048 800 4112 in
824 4043 931 4112 aliena
955 4068 1057 4114 uxore
1081 4069 1146 4114 non
1171 4051 1268 4130 fieret,
1291 4051 1414 4114 adulte-

112 4157 190 4222 rium
207 4165 367 4238 noueram
384 4154 659 4237 quodabeonon
684 4153 914 4235 admitteretur,
940 4157 996 4239 qni
1018 4160 1087 4242 jam
1113 4158 1228 4224 suisset
1253 4160 1345 4223 uxori
1371 4158 1415 4221 le·

7 4301 8 4304 ¹
111 4264 239 4344 grumae
278 4263 428 4342 sociatus,
464 4263 632 4346 pellicatus
668 4281 734 4328 non
770 4275 845 4328 erat.
890 4265 964 4330 Uno
992 4265 1098 4348 verbo,
1129 4270 1314 4353 conjugium
1343 4279 1412 4330 erat

111 4373 249 4436 naturali
272 4381 401 4436 tautrun
421 4373 493 4456 jure
518 4373 704 4453 subsistens,
729 4373 816 4456 quod
835 4373 891 4459 jus
916 4375 1082 4458 publicum
1108 4397 1171 4441 nou
1197 4378 1410 4440 damnaverat

112 4479 248 4564 quidem,
275 4476 334 4542 sed
359 4487 485 4542 tantum
510 4497 576 4544 non
601 4481 734 4546 omnino
756 4481 955 4566 probaverat,
985 4486 1146 4568 quomodo
1171 4487 1411 4568 interpretanda
