3120 4980
209 363 255 432 tt
454 385 544 434 enas
561 385 695 446 earne,
705 383 948 434 crassescere
965 381 1231 446 staconensis.
1248 361 1273 428 Ι.

254 509 392 572 Ratione
407 507 527 590 publici
543 508 716 590 regiminis,
742 519 775 570 et
788 524 962 572 munerum
990 495 1191 590 publicoutm
1208 519 1333 571 rursum
1355 515 1384 564 et
1395 501 1487 566 huma·

212 615 297 679 nitas
312 615 485 697 quaedam3
502 625 535 678 et
551 615 640 698 rigor,
656 616 814 678 adversus
829 617 971 678 Judaeos
986 613 1165 678 exhibetur.
1209 613 1271 676 Est
1285 613 1348 675 bac
1360 612 1392 673 in
1407 627 1435 674 rc
1447 612 1491 672 lra-

210 723 318 788 bcnda
333 725 411 787 ratio
428 724 584 806 imprimis
597 723 713 805 legum,
731 741 815 804 qnae
831 711 964 788 Judaeis
980 719 1202 785 observandas
1217 719 1410 794 immineant,
1420 715 1491 776 dein·

208 833 249 898 dc
264 833 442 900 officiorum
457 845 489 894 et
504 849 686 913 marterum,
702 833 821 915 quibus
836 831 967 895 obnoxii
982 829 1098 894 Judaei
1115 837 1199 907 sunt,
1221 839 1280 888 aut
1295 832 1312 888 ti
1327 825 1436 906 quibus
1447 837 1491 884 ex·

207 937 394 1004 cluduntur.
438 939 637 1004 Generaliter
654 957 766 1004 verum
781 950 838 1019 est,
865 939 1133 1024 quotiescumque
1148 930 1266 1000 iudaei
1294 936 1441 998 iuratam
1451 945 1492 993 ur·

207 1050 281 1114 bem
297 1049 426 1132 publica
441 1049 629 1112 auctoritate
644 1049 777 1113 admissi
794 1059 879 1128 sunt,
903 1067 957 1110 eos
967 1048 1039 1131 jure
1054 1047 1194 1110 civitatis
1210 1043 1360 1127 gaudere,
1377 1053 1407 1104 et
1421 1039 1490 1102 velo·

137 1215 141 1222 .
207 1161 230 1224 ti
246 1162 334 1224 cives
349 1159 554 1225 considerari.
598 1161 744 1231 Quando
760 1180 835 1223 vero
850 1159 954 1242 legem
968 1177 1061 1222 snam
1078 1156 1276 1240 singularem
1291 1153 1492 1238 ipsl'profittn·

206 1281 265 1347 tur,
282 1265 527 1354 dijudicandum
552 1271 619 1348 erit,
635 1279 708 1333 utra
723 1269 791 1352 lego
817 1278 987 1331 teneantur
1012 1267 1066 1330 nbi
1090 1273 1283 1330 concurrant
1307 1257 1491 1326 obsonandi

186 1375 282 1448 ,hinc
298 1375 350 1438 lex
366 1377 436 1460 ipsa
451 1395 561 1440 eornm
577 1376 752 1459 singularis
766 1369 912 1456 Judaica,
935 1375 1022 1438 illinc
1038 1374 1092 1438 lex
1108 1373 1237 1456 publica
1253 1383 1284 1436 et
1299 1371 1412 1436 civilis.
1445 1369 1494 1431 lla·
1544 1417 1545 1424 ,

203 1493 333 1564 ceptum
348 1494 404 1561 est,
431 1483 575 1548 Judaeos
592 1485 623 1548 in
647 1485 776 1550 civitate
792 1483 950 1548 admissos
977 1481 1125 1571 publico,⁴
1140 1493 1172 1545 et
1191 1481 1278 1544 civili
1290 1483 1363 1566 jure
1386 1480 1493 1564 potissi·

203 1605 295 1655 mum
311 1591 475 1674 obstringi,
502 1612 562 1656 nec
577 1594 734 1657 adversus
760 1589 846 1686 istud
862 1591 985 1674 aliquid
1012 1609 1106 1674 agere
1122 1609 1217 1674 posse
1241 1601 1411 1673 praetextu
1427 1605 1492 1650 snae
1544 1617 1545 1620 ¹

202 1699 376 1782 singularis
391 1701 481 1784 legis,
497 1702 559 1765 nisi
576 1722 614 1764 en
630 1701 813 1764 conditione
828 1701 962 1764 admissi
978 1701 1010 1763 in
1024 1702 1135 1762 urbem
1152 1699 1278 1779 suerint,
1293 1717 1363 1782 qua
1379 1703 1494 1782 possent
1544 1737 1545 1740 κ

201 1809 334 1890 insuper
349 1807 461 1871 lrabita
487 1810 518 1872 in
535 1809 628 1872 certis
644 1809 814 1892 capitibus
828 1809 898 1899 lege
913 1807 1009 1887 civili,
1026 1819 1057 1870 ct
1073 1807 1210 1890 publica,
1234 1806 1418 1887 singulares
1428 1817 1492 1863 strat
1544 1853 1545 1862 ,

200 1916 451 1981 consuetudines
466 1919 566 2000 sequi.
593 2003 595 2008 ,
610 1918 708 1988 erod
726 1920 753 1982 si
768 1929 948 2000 quaeratur,
966 1918 999 1980 in
1015 1917 1133 1998 quibus
1148 1915 1256 1978 carnis
1271 1933 1351 1996 erga
1366 1911 1493 1978 ludaeos

200 2025 362 2108 indulgeri
377 2026 487 2106 soleat,
510 2037 546 2092 ut
561 2027 684 2109 possint
699 2031 767 2092 snis
782 2027 924 2090 moribus
940 2027 1055 2104 vivere,
1080 2023 1351 2107 distinguendum
1366 2033 1413 2085 est
1426 2021 1494 2082 inter
1544 2023 1545 2096 Ῑ

200 2137 329 2219 nogotia
344 2153 430 2202 mere
455 2135 564 2201 civilia
579 2147 611 2199 et
627 2155 674 2198 ros
701 2136 752 2198 vel
769 2153 885 2215 sacras,
913 2133 965 2198 vel
982 2135 1154 2220 religiosas,
1180 2134 1232 2197 vel
1250 2145 1309 2196 ant
1332 2119 1510 2202 sucurram,
1544 2131 1545 2218 ἦ

200 2257 258 2310 aut
273 2243 494 2327 religiosarum
520 2223 660 2328 speciem
676 2245 840 2308 habentes.
885 2245 924 2307 ln
940 2243 1077 2326 negotiis
1093 2260 1178 2306 mere
1197 2235 1362 2318 civilibus,
1378 2233 1493 2308 obtinet,
1544 2239 1545 2244 ’

200 2359 237 2416 ut
253 2361 314 2414 rste
328 2351 370 2414 ad
386 2352 533 2435 publicas
548 2351 660 2418 civiles
674 2353 762 2436 leges
778 2329 957 2435 exigimini,
974 2353 1021 2416 uti
1037 2363 1114 2414 sunt
1125 2360 1320 2428 contractus,
1338 2359 1491 2410 testamen
1544 2339 1545 2408 ζ

194 2471 235 2539 ta,
251 2459 347 2540 modi,
373 2481 411 2523 ac
426 2463 564 2524 rationes
579 2459 852 2542 adquirendornm
878 2463 1104 2541 dominiorum,
1115 2459 1248 2544 jtrdlcia,
1271 2469 1374 2540 atquc
1395 2455 1446 2518 bis
1459 2449 1488 2512 si·
1544 2433 1545 2484 ἕ

192 2565 291 2644 milia,
309 2565 328 2629 l.
344 2565 373 2630 8.
396 2565 466 2630 cod.
482 2566 523 2630 de
537 2567 557 2630 J
560 2565 681 2630 ndaeis.
725 2570 913 2634 Absurdum
928 2570 1015 2633 enim
1029 2567 1116 2647 soret,
1140 2582 1203 2647 eos,
1219 2567 1275 2649 qui
1300 2561 1426 2629 civium
1439 2559 1491 2622 sibi
1544 2641 1545 2656 ,

190 2689 308 2737 nomen
334 2672 528 2754 adsciscunt,
554 2676 739 2756 acivitatis,
765 2677 798 2740 ln
825 2694 890 2760 qna
915 2679 1048 2760 degunt,
1075 2677 1200 2758 iegibus
1226 2691 1298 2738 esse
1329 2674 1493 2737 immunes.

190 2782 338 2848 Tantum
355 2783 387 2846 in
413 2783 453 2844 iis
470 2782 555 2863 locis,
582 2783 751 2866 inquibus
777 2786 862 2849 bona
878 2787 1056 2850 immobilia
1082 2783 1244 2868 possidere
1270 2803 1340 2848 nort
1358 2783 1493 2866 possuntt
1544 2777 1545 2856 l

181 2895 239 2980 jus
254 2887 421 2974 quoddam
447 2895 614 2977 singulare
630 2896 697 2958 suis
723 2897 865 2959 moribus
890 2897 1095 2976 invexerunt3
1123 2891 1210 2976 quod
1227 2893 1287 2975 ipsi
1317 2901 1440 2956 vocant
1449 2889 1496 2971 jnt
1544 2899 1545 2928 ³

194 2999 349 3082 Kasogd,
366 3001 400 3063 itt
425 3019 463 3063 eo
478 3003 667 3082 consistens,
693 3003 781 3085 quod
796 3003 940 3066 ludaeos
953 3004 985 3065 in
1004 3002 1139 3066 aedibus
1154 3002 1351 3086 generaliter
1366 3001 1386 3065 J
1389 2997 1497 3064 ndaco.
1544 3007 1545 3086 j

188 3127 261 3172 rum
277 3109 476 3170 universitati
492 3109 700 3173 habitationis
715 3129 816 3174 causa
830 3111 1000 3190 concessis,
1018 3111 1072 3172 ubi
1088 3087 1217 3172 sortitus
1228 3105 1328 3171 inerit
1343 3119 1434 3170 certa
1446 3121 1498 3164 cn·

188 3215 303 3296 bicula,
331 3229 469 3298 nequeat
484 3219 525 3283 ab
551 3220 672 3284 eisdem
688 3219 847 3284 cubiculis
872 3220 915 3283 ab
930 3219 995 3282 alio
1019 3218 1147 3282 Judaeo
1163 3217 1294 3280 turbari:
1319 3225 1425 3298 atque
1439 3213 1497 3275 boc

182 3327 238 3411 jus
254 3327 420 3409 personale
436 3347 500 3392 non
517 3341 573 3409 est,
590 3329 695 3392 sedin
712 3327 866 3391 haeredes
882 3327 1079 3408 transfertur,
1094 3337 1126 3390 et
1142 3327 1223 3390 inter
1237 3325 1390 3411 Jtnlaeos
1405 3333 1453 3386 est
1466 3321 1495 3381 io
1544 3309 1545 3388 i

186 3437 389 3500 commercio.
422 3437 540 3502 Rabiui
557 3437 755 3501 iudaeorum
770 3437 1030 3516 fundamentum,
1046 3447 1078 3499 et
1092 3455 1211 3499 causas
1226 3435 1329 3518 hujus
1340 3437 1428 3519 juris
1443 3428 1499 3494 col·
1544 3425 1545 3468 ἶ

187 3545 296 3608 locant
311 3545 343 3608 in
359 3566 428 3628 cap.
446 3547 497 3610 27.
521 3547 763 3610 Deuteronomii
779 3565 860 3610 vers.
878 3548 927 3611 17.
943 3547 975 3609 in
992 3546 1057 3609 illis
1071 3547 1187 3609 verbis:
1210 3543 1433 3621 Maledictus,
1448 3537 1499 3626 qui
1544 3551 1545 3616 l

187 3661 348 3741 transfert
373 3661 531 3724 terminos
541 3661 778 3744 prosimisui,
804 3677 943 3740 quornm
969 3657 1142 3721 verborum
1157 3658 1384 3739 interpretatio
1406 3673 1449 3718 an
1464 3651 1500 3712 rit

186 3780 271 3834 recte
286 3770 538 3850 accommodato,
565 3771 675 3835 meutlr
691 3791 756 3835 non
779 3782 827 3834 est
837 3769 991 3854 judicare.
1036 3769 1075 3834 In
1090 3771 1187 3834 rebus
1203 3787 1278 3832 vero
1293 3769 1415 3847 sacris,
1437 3766 1500 3830 sivo

186 3899 297 3945 sacrae
315 3881 379 3944 sint
395 3893 539 3964 respectu
556 3883 823 3961 Christianorum,
851 3884 920 3945 sive
935 3901 1046 3946 sacrae
1054 3881 1244 3946 habeantur
1259 3882 1355 3964 apud
1372 3877 1499 3945 eosdem
1544 3879 1545 3914 f

186 3994 339 4073 Judaeos,
366 3995 435 4056 suis
451 3995 592 4058 moribus
609 3978 842 4077 relinquuntur.
885 3995 973 4058 Hinc
989 3997 1021 4058 in
1037 3994 1250 4060 celebratione
1270 3995 1502 4080 conjugiorum
1544 3981 1545 4066 f

186 4119 252 4168 non
268 4113 448 4165 avocantur
462 4109 483 4168 a
498 4104 566 4167 suis
580 4103 700 4185 ritibus
717 4103 894 4168 dnmmodo
909 4105 1055 4188 pluribus
1069 4105 1165 4169 simul
1191 4105 1354 4170 uxoribus
1371 4125 1440 4169 non
1454 4119 1501 4164 co·

187 4215 347 4300 pulentnr,
364 4213 542 4280 dummodo
564 4235 629 4280 non
643 4216 837 4280 contrahant
851 4217 934 4280 intra
950 4216 1070 4300 gradrm
1084 4217 1233 4296 naturali,
1256 4215 1309 4280 vel
1329 4214 1504 4296 divinoju·
1544 4247 1545 4268 2

188 4343 221 4388 re
236 4325 419 4406 prohibitos,
436 4323 456 4386 l.
473 4326 504 4388 7.
529 4325 599 4388 cod.
616 4324 657 4387 de
683 4323 826 4404 Judaeis,
853 4345 922 4408 cop.
939 4325 968 4390 8.
984 4323 1025 4387 de
1041 4323 1197 4388 divortiis.
1239 4323 1278 4388 ln
1293 4321 1503 4398 muneribus¹
1544 4373 1545 4406 3

191 4437 225 4491 et
239 4427 354 4493 officiis
378 4431 569 4496 exercendis
583 4431 675 4497 nulla
694 4433 875 4520 jurisdictio
897 4433 1030 4500 iudaeis
1052 4435 1211 4518 competit,
1238 4451 1280 4498 ne
1292 4432 1318 4497 J
1321 4433 1508 4497 udaeornnt
1544 4445 1545 4514 3
