3120 4980
231 381 248 400 ‘
268 406 316 454 oa
330 403 535 465 emenonis,
552 405 788 464 mannariora,
805 405 852 450 nr
869 403 1139 451 searsuarrors.
1313 382 1356 450 87

78 527 239 602 autmltem
264 528 459 606 celebriores,
476 525 709 593 haeretieorum
735 537 949 608 sectaequae
965 519 1136 606 irueusq'ue
1161 525 1359 608 prodierunt,

78 638 149 720 quasi
163 656 216 722 per
243 637 384 703 iudicem
397 635 627 714 demonstrare,
653 651 695 726 err
710 655 774 718 quo
801 637 959 718 imprimis
975 635 1154 700 addisceret
1183 635 1359 716 uuusquis-

79 761 134 824 que,
146 741 222 824 quid
237 741 436 822 euitandam,
452 743 529 825 quid
546 744 738 815 ecouirario
753 743 929 808 terrendum
942 744 983 806 sit
998 743 1255 822 viroCatlrolieo‚
1271 745 1360 808 deiu-

79 849 109 912 de
120 851 213 931 seirat,
228 849 462 919 ecclesiasticos
483 871 625 916 canones
640 851 828 916 idemtidem
844 853 877 916 iu
891 853 1001 916 eurisis
1027 851 1103 916 fidei
1120 852 1231 932 editos,
1247 865 1277 916 ot
1294 872 1375 936 per··
1475 865 1476 868 ’

79 961 154 1040 souis,
176 942 420 1046 dttterrrporibgns
445 959 663 1026 adcomodare.
707 961 828 1044 Verum
844 980 885 1023 ne
910 971 1002 1022 extre
1028 957 1233 1042 propositum'
1248 977 1360 1022 meum

81 1073 169 1152 vagari
185 1071 282 1144 iatius
293 1070 417 1150 ¹videar,
432 1072 511 1134 sutis
523 1070 605 1135 mihi
618 1071 668 1150 sit,
685 1068 818 1136 laudere
828 1087 987 1132 serronem
1002 1068 1053 1132 39.
1070 1087 1157 1130 eous.
1174 1067 1224 1130 at.
1237 1077 1363 1150 quaest.

80 1181 103 1240 3.
116 1180 164 1264 ubi
176 1179 320 1248 Isidorus
335 1179 539 1262 Hispalensis
556 1180 684 1244 brevem
700 1177 840 1260 quidem,
856 1177 913 1240 sed
925 1186 1114 1242 accuratum
1129 1176 1364 1242 haeretieorum

80 1275 243 1372 catalogum
258 1291 347 1371 texit,
371 1301 469 1371 atque
494 1289 621 1372 abipso
636 1289 800 1368 nascentis
825 1287 991 1366 Ecclesiae
1016 1285 1109 1352 initio
1124 1287 1166 1351 ad
1182 1307 1242 1352 sua
1257 1309 1363 1372 usque

82 1410 204 1480 tempore
218 1399 379 1482 produxit
424 1397 474 1460 De
489 1396 716 1461 reeentioribus
731 1396 909 1473 haereticis,
933 1395 1029 1478 plena
1044 1395 1189 1476 undique
1204 1407 1252 1457 est
1266 1397 1365 1459 encle-

82 1481 191 1570 sias‘tica
204 1505 350 1586 historia,
371 1521 472 1586 quam
486 1503 763 1604 uirieomplures,
788 1503 951 1588 iidemque
972 1503 1171 1586 celeberrimi
1192 1523 1368 1592 exornave-

83 1625 148 1692 runt,
171 1615 360 1682 ethaue'ob
375 1633 453 1679 -rem
479 1632 760 1696 supervacaneum
785 1612 926 1677 laborem
953 1611 1180 1693 impenderem,
1208 1614 1234 1676 si
1252 1613 1369 1680 vellem
1461 1619 1465 1626 '

83 1726 210 1808 singulas
223 1727 461 1790 haereticorum
473 1735 583 1808 sectas.
593 1721 790 1788 recensendo
809 1741 1068 1789 commemorare.
1104 1724 1254 1788 Tantum
1269 1724 1369 1788 obiter

82 1833 232 1914 attingam,
258 1841 359 1916 qaam
374 1833 408 1896 in
434 1831 625 1896 universum
648 1833 693 1896 ad
717 1829 936 1898 confutandas
958 1849 1071 1896 omnes
1097 1831 1247 1901 haereses
1272 1833 1371 1914 pluri·

83 1959 159 2008 mum
173 1943 293 2026 seleon
307 1953 343 2008 et
356 1942 546 2028 generaliter
561 1940 678 2020 diuam,
693 1941 744 2004 vel
763 1959 866 2004 anum
892 1951 1122 2023 argumentum
1137 1941 1284 2006 sufficere
1299 1959 1371 2024 pos-

82 2068 111 2112 se
123 2049 161 2115 ad
173 2049 460 2118 demonstrandam
482 2061 610 2116 nostrae
626 2046 701 2112 fidei
716 2047 893 2127 veritatem,
916 2065 955 2110 aa
970 2048 1184 2114 sonetitetem.
1208 2046 1371 2112 Nimirum

83 2153 150 2226 ides
163 2162 307 2228 nostroe
334 2156 403 2218 Deo
419 2155 488 2238 ipso
501 2155 658 2238 originem
685 2155 781 2220 trahit
796 2157 1007 2240 perspicuam,
1033 2155 1219 2224 certissimis
1240 2155 1372 2220 divinae
1410 2218 1413 2226 .

83 2259 399 2338 uoluntatispraeulis
415 2261 601 2330 iudicatam.
645 2265 792 2331 Primum
806 2263 861 2334 illa
875 2263 938 2330 fuit
964 2265 1033 2328 Deo
1048 2275 1179 2330 auctore
1201 2268 1372 2350 proposita.

84 2368 185 2435 deinde
211 2371 326 2438 eviris
351 2372 562 2456 integerrimis
587 2372 799 2456 promulgate,
827 2371 1119 2456 promulgationem
1133 2373 1237 2455 ipsa-m
1260 2371 1376 2448 eodem

82 2499 194 2565 semper
210 2481 281 2549 Deo
305 2482 407 2564 signis
430 2481 637 2552 evidentibus
662 2481 884 2544 confirmante
927 2479 996 2546 Ista
1009 2479 1070 2544 suit
1084 2481 1188 2546 forme
1210 2481 1375 2546 Moesicae

83 2585 160 2670 legis,
183 2592 277 2676 eujus
293 2602 397 2671 testes,
425 2589 476 2656 vel
491 2592 577 2674 ipsos
603 2589 838 2658 infensissimos
862 2569 1011 2654 inimicos
1033 2601 1157 2654 nostros
1178 2590 1375 2654 adducimus

83 2695 224 2764 iudaeos.
268 2701 337 2764 lsta
351 2701 454 2766 forma
480 2699 699 2782 Erarrgelieae
715 2699 802 2782 legis,
829 2699 1094 2781 quemchristus
1120 2701 1188 2783 ipse
1203 2699 1313 2782 palam
1331 2697 1374 2764 ie-

82 2803 127 2882 eit
142 2805 307 2875 Christum
322 2806 404 2886 dieo,
420 2827 519 2890 quem
535 2808 562 2876 si
579 2807 632 2872 vel
646 2799 873 2892 nequissimae,
900 2819 932 2870 et
947 2807 1089 2890 perditae
1104 2821 1249 2872 caeterae
1263 2819 1376 2892 gentes

84 2911 231 3012 plumat
246 2907 433 2998 religiosum
459 2916 566 2980 virum
590 2913 691 2980 fuisse
715 2934 782 2980 nou
798 2926 970 2996 potuerunt
995 2934 1060 2978 nou
1087 2911 1241 2994 confiteri,
1267 2915 1377 2978 Deum

81 3023 200 3092 eredere
214 3045 346 3090 necesse
360 3037 417 3106 est,
444 3025 576 3110 quando
592 3025 655 3108 iper
662 3034 729 3090 met
743 3025 866 3090 Filium
882 3023 952 3106 Dei,
978 3037 1143 3110 propterea
1165 3023 1254 3108 quod
1270 3024 1379 3088 Deum

82 3149 148 3196 esse
162 3134 189 3198 si
203 3134 294 3213 dixit,
321 3153 362 3198 ne
376 3133 623 3212 ootroludemus,
649 3136 739 3216 pium
755 3143 787 3196 et
801 3133 987 3216 religiosum
1012 3133 1131 3212 heberi,
1154 3132 1206 3196 vel
1221 3131 1310 3216 apud
1325 3151 1381 3196 ex·

84 3249 211 3322 tranans,
227 3254 260 3308 et
273 3243 398 3310 alienos
412 3243 561 3307 homines
577 3241 726 3334 potuisse,
739 3240 799 3323 qui
814 3239 962 3304 divinem
987 3240 1048 3304 sibi
1063 3252 1214 3304 naturam
1230 3257 1294 3302 oon
1310 3237 1381 3300 sine

82 3357 176 3420 atroci
191 3337 394 3440 blasphemia
409 3355 614 3422 adseruieset.
658 3353 758 3424 Quod
775 3354 801 3416 si
816 3353 951 3435 quidam
967 3351 1051 3431 fidei,
1074 3363 1106 3415 et
1120 3370 1247 3416 morum
1263 3345 1383 3415 restau-

83 3475 198 3528 ratores
210 3467 295 3532 rnitti
319 3471 341 3532 a
357 3466 427 3530 Deo
441 3475 534 3528 extra
548 3463 693 3526 ordinem
709 3463 898 3541 debuerunt,
921 3460 1012 3542 quod
1027 3455 1204 3540 aliquando
1228 3459 1261 3520 in
1277 3467 1383 3520 vetere

83 3565 151 3652 lege
164 3572 337 3656 coadgrsse
351 3573 487 3650 solutus,
513 3591 578 3636 non
593 3569 667 3633 aliis
682 3571 773 3634 Deus
787 3590 861 3634 eom
885 3567 1061 3652 gerendam
1076 3565 1384 3652 provinciammon·

83 3677 178 3762 davit,
193 3703 295 3766 quern
309 3685 387 3748 viris
402 3701 529 3749 morum
544 3683 702 3765 imprimis
718 3682 896 3766 integritate
912 3680 1061 3764 probetis
1084 3675 1201 3774 deiude
1217 3677 1385 3762 prophetia

83 3801 114 3852 et
128 3794 290 3860 miraculis
315 3793 412 3877 plane
428 3793 618 3876 magnificis,
645 3771 903 3859 suaerrrissionis
929 3787 1111 3852 testimonia
1134 3787 1383 3869 perhibentibus,

86 3903 130 3968 uti
144 3903 328 3994 observavit
343 3885 552 3969 Iuno'oentius
576 3903 635 3971 ΙΙΙ.
653 3903 686 3967 in
701 3922 770 3985 cap.
787 3903 834 3966 12.
860 3901 900 3967 de
916 3899 1098 3968 haereticis.
1139 3898 1262 3963 Sistent
1276 3897 1387 3960 heore-

83 4012 137 4078 tiei
155 4015 302 4094 universi,
319 4015 444 4092 sistent,
469 4014 587 4078 amabo
602 4012 681 4094 illos,
698 4009 1049 4094 quocumquenomine
1064 4019 1265 4085 censeantur,
1286 4015 1386 4070 seete·

87 4141 158 4188 urm
171 4145 304 4200 suarum
319 4135 477 4191 auctores.
519 4123 612 4188 'I'um
627 4141 702 4186 vero
718 4131 845 4188 tautum
860 4120 969 4202 aberit,
984 4129 1019 4182 ut
1033 4119 1067 4182 in
1081 4117 1128 4180 eis
1143 4117 1326 4180 divinorum
1344 4115 1388 4178 le·

88 4242 232 4312 gaiorum
256 4231 429 4316 qualitates
454 4229 617 4308 miremur,
643 4229 721 4310 quin
750 4228 856 4310 potius
882 4227 1013 4290 vitiosos
1038 4223 1195 4304 homiues,
1222 4219 1388 4284 seditionis

86 4355 253 4426 amatores,
280 4339 475 4428 turpissimis
488 4339 621 4424 flagitiis
647 4338 840 4420 inquinatos,
867 4351 927 4398 nee
942 4335 1008 4398 elie
1030 4333 1070 4398 de
1084 4351 1193 4410 eausa,
1219 4347 1319 4412 quam
1336 4329 1389 4392 rel

85 4453 218 4536 ambitu,
233 4455 286 4522 rel
300 4451 436 4533 invidia,
460 4449 512 4516 vel
529 4447 708 4530 iracrurdie,
735 4445 786 4512 vel
802 4445 903 4511 enimi
918 4442 1120 4534 aegritudine
1144 4441 1321 4508 concitatos
1336 4437 1388 4502 rie-
