3276 4984
128 459 166 504 us
180 461 329 504 rossem
345 461 575 507 unuurnosrrr
593 461 819 507 ΡΔιιτιτιοΝΕ
837 463 878 507 ru
893 463 1112 525 nsersrntun,
1127 463 1261 524 neuun,
1278 444 1343 510 ileo.
1366 439 1410 508 27

27 607 28 626 ³
126 583 236 664 gradus.
279 583 365 648 Nam
380 583 421 648 de
437 583 590 671 legitimis
606 585 726 667 nuptiis
742 585 855 669 idjam
871 583 1071 649 tradiderunt
1096 585 1313 650 Jureoonsulti
1329 585 1411 649 Eth-

125 687 184 768 uici,
197 687 217 751 l.
231 690 281 753 30.
298 689 583 776 nuereg.jur.,1.
601 693 649 756 15.
672 689 704 753 ff.
720 691 761 754 de
776 689 894 754 condit.
911 701 942 754 et
957 691 1139 770 demonstr,
1166 693 1186 755 l.
1203 693 1253 756 32.
1272 695 1292 758 l.
1314 693 1358 754 13.
1376 689 1409 754 ff.

124 793 156 856 de
168 793 268 858 donat.
285 797 340 860 int
356 798 423 877 vir..
452 809 483 861 et
498 817 597 879 uxor,
613 797 654 860 de
669 809 738 860 reto
753 787 863 860 aulem
889 799 1093 861 matrimonio
1108 799 1226 861 clarius
1242 797 1360 876 adhuc,
1379 807 1411 860 et

124 905 273 987 propositis
295 919 480 970 sanctorum
505 903 663 990 exemplis
678 907 784 969 testati
810 917 885 980 sunt
900 905 1105 968 ecclesiastici
1123 905 1243 984 Patres,
1270 921 1409 985 quorum

123 1011 234 1095 plurimi
255 1033 462 1078 recensentur
487 1015 520 1078 in
536 1033 636 1078 causa
651 1015 702 1080 27.
729 1023 853 1097 quaest.
882 1017 909 1076 i.
954 1011 1040 1076 Hinc
1066 1012 1161 1094 plane
1188 1009 1410 1094 proficiscitur,

123 1136 199 1200 posse
212 1124 366 1206 conjuges
381 1121 478 1185 etiam
495 1131 567 1206 post
581 1122 693 1186 datum
708 1135 859 1186 mutuam
875 1121 983 1202 fidem,
999 1131 1030 1183 et
1044 1119 1165 1184 factam
1181 1119 1321 1182 invicem
1338 1135 1410 1179 suo-

123 1245 180 1290 mm
192 1247 360 1312 corporum
376 1239 573 1312 potestatem,
590 1247 631 1293 ex
646 1247 806 1293 consensu
822 1229 990 1308 abstinere,
1007 1227 1100 1290 firmo
1115 1225 1327 1290 nihilominus
1343 1243 1411 1286 ma·

121 1343 200 1396 rente
213 1335 356 1420 conjugii
381 1335 522 1416 vinculo,
548 1337 592 1401 itu
607 1335 741 1401 ducents
767 1337 849 1401 inter
863 1345 1004 1399 caeteros
1026 1335 1210 1417 Augustino
1227 1334 1296 1398 libr.
1323 1335 1351 1397 1.
1369 1331 1410 1394 de

122 1439 231 1520 nuptiis,
246 1455 279 1503 et
294 1442 539 1526 concupicentie
553 1463 622 1529 cup.
640 1447 690 1510 rt.
706 1445 760 1510 ibi:
790 1446 923 1521 Quibus
937 1465 1011 1509 uera
1020 1445 1185 1529 ptaarertt
1196 1465 1237 1508 err
1251 1463 1410 1507 emmetra

120 1549 153 1612 oi
166 1572 222 1616 usu
236 1554 387 1618 carnalis
401 1557 680 1640 concupiscentiae
693 1559 731 1622 in
743 1567 943 1644 perpetuum
958 1557 1128 1636 abstinere,
1145 1555 1240 1634 obsit,
1268 1563 1306 1618 ut
1320 1557 1409 1619 inter

120 1658 362 1728 tlluoinctelum
386 1665 560 1751 conjugale
575 1676 771 1752 rumpatur,·
796 1670 897 1732 immo
913 1689 947 1731 eo
963 1667 1104 1750 firmius
1118 1668 1189 1746 crit,
1215 1665 1409 1751 quo'magis

121 1787 152 1831 aa
158 1781 252 1855 pacta
265 1795 380 1840 secum
394 1775 539 1856 inierint,
556 1796 639 1863 qnae
654 1777 775 1856 carius,
800 1777 1053 1862 concordiusque
1067 1775 1234 1839 sananda
1248 1783 1328 1838 sunt
1343 1795 1410 1838 non

119 1875 328 1963 voluptuariis
341 1882 480 1947 rteaibus
503 1905 684 1970 corporum,
710 1883 769 1949 seri
782 1885 982 1949 uoluntariis
1008 1883 1177 1968 affectibus
1203 1886 1408 1948 animorum.

119 1983 212 2072 Neque
225 1994 317 2056 enim
322 1995 497 2078 fallaciter
513 1995 552 2058 ab
580 1995 708 2078 Angeia
723 1993 849 2058 dictum
864 2003 913 2058 est
927 1995 974 2058 acl
988 1993 1099 2079 Josep:
1125 1993 1203 2058 Noli
1218 1996 1333 2058 timere
1359 2015 1410 2058 ac·

118 2103 207 2184 cipere
223 2103 379 2168 Mariam
404 2107 578 2190 conjugem
604 2115 707 2168 tuam.
756 2103 888 2190 Oonjua
914 2113 1050 2168 vocatur
1065 2126 1105 2167 ea
1117 2106 1234 2188 prima
1254 2103 1325 2187 fide
1340 2105 1409 2168 cies-

115 2215 316 2292 poosutiorris,
333 2235 436 2298 quarn
450 2216 620 2279 conariitu
644 2235 702 2278 nee
727 2223 933 2298 cognoverat,
959 2235 1017 2278 nec
1033 2217 1179 2298 fuerant
1200 2216 1412 2298 cogniturus

117 2317 170 2385 Nec
179 2325 336 2406 perierat,
353 2345 410 2387 nec
423 2325 568 2389 utendas
582 2333 752 2388 neareserot
767 2325 920 2412 conjugis
936 2327 1126 2409 appellatio,
1139 2327 1195 2389 ubi
1206 2327 1407 2412 nonfuerat,

116 2435 292 2520 tacsutura
307 2445 379 2500 erat
393 2439 506 2502 cornis
519 2437 591 2502 ulla
606 2437 802 2502 commistio.
838 2435 929 2502 Erat
944 2439 1068 2523 quippe
1082 2439 1142 2502 illa
1166 2435 1275 2521 Virgo,
1291 2439 1364 2502 ideo
1379 2439 1410 2501 et

115 2545 255 2620 sanctius,
273 2551 307 2608 et
320 2544 510 2609 mirabilius
527 2543 683 2632 jucunda
696 2545 767 2608 uiro
783 2565 851 2624 suo,
868 2545 949 2629 qnia
964 2547 1066 2609 etiarn
1073 2545 1226 2628 secanda
1241 2547 1312 2609 sine
1337 2547 1409 2608 uiro

116 2647 243 2733 Propter
269 2652 359 2738 quod
377 2651 479 2736 fidele
494 2653 691 2736 conjugium
716 2660 874 2735 parentes
906 2651 1035 2717 Christi
1049 2653 1160 2716 uocari
1175 2653 1269 2716 orabo
1284 2671 1409 2716 merue-

115 2769 187 2839 runt,
203 2769 233 2824 et
248 2783 316 2824 non
330 2763 439 2825 saltem
453 2761 513 2824 illa
529 2759 650 2839 Mater,
680 2761 915 2824 verumetiam
939 2759 996 2823 ille
1011 2759 1121 2822 Pater
1136 2761 1215 2845 ejus,
1231 2759 1323 2821 sicus
1338 2779 1408 2820 con-

109 2870 163 2952 jnx
175 2871 297 2934 matris
312 2871 390 2954 ejus
407 2877 586 2955 utrumqne
600 2877 714 2948 mente,
726 2889 792 2931 non
807 2889 913 2932 carne.
938 2915 945 2931 .
969 2915 977 2932 .
1001 2915 1008 2932 .
1043 2867 1112 2932 Sed
1126 2867 1267 2932 camillo
1281 2889 1345 2931 non
1361 2889 1409 2931 se-

116 2980 247 3045 minante
261 2981 326 3044 illu
337 2981 529 3065 peperisset,
542 2981 689 3064 prosecta
703 2999 762 3042 nec
777 2979 870 3042 ambo
883 2987 1041 3063 parentes
1056 2987 1171 3058 essent,
1189 2979 1257 3041 nisi
1271 2980 1359 3041 inter
1374 2998 1410 3041 se
1506 3060 1510 3068 Ι

115 3086 199 3150 amm
213 3089 286 3150 sine
302 3089 414 3152 cornis
425 3089 654 3152 commistione
669 3089 827 3173 conjuges
842 3097 957 3151 essent.

147 3189 186 3253 Ut
198 3195 320 3256 clarius
333 3195 396 3257 ista
404 3195 631 3279 intelligentur,
641 3195 897 3259 animadvertere
905 3197 999 3280 juvat
1010 3215 1087 3260 cum
1098 3195 1221 3260 Isidoro
1232 3197 1404 3280 Hispalen-

117 3293 208 3361 silibr.
223 3301 253 3363 9.
270 3303 434 3384 originum
449 3323 518 3388 cap.
536 3303 603 3384 ult,
620 3313 687 3370 tres
709 3307 746 3370 ob
776 3327 896 3370 causas
925 3310 1081 3393 conjuges
1097 3307 1178 3372 clici:
1221 3309 1346 3372 Prima
1360 3317 1409 3374 es't

117 3423 201 3472 torua
210 3413 329 3496 prolis,
345 3414 385 3478 cle
400 3415 602 3499 qualegitar
615 3405 650 3480 in
668 3415 803 3478 Genesi:
831 3416 983 3494 Crescite,
997 3425 1028 3479 et
1038 3419 1323 3502 multiplicamini.
1350 3417 1409 3483 Se-

118 3521 207 3586 cunda
221 3545 327 3589 causa
342 3527 511 3612 adjutorii,
528 3527 567 3590 cle
583 3547 649 3613 qua
663 3527 710 3591 ibi
734 3529 771 3591 in
803 3527 926 3591 Genesi
950 3529 1088 3593 dicitur:
1133 3528 1208 3594 Noa
1223 3537 1272 3594 est
1287 3533 1406 3596 bonum

118 3626 262 3697 loetum
277 3655 347 3698 esse
361 3637 477 3715 solam,
484 3638 663 3721 faciamus
679 3637 709 3700 ei
724 3637 932 3722 adjutorium
945 3637 1063 3700 monile.
1115 3637 1231 3700 Tertia
1240 3659 1343 3701 causa
1357 3639 1406 3700 in·

119 3743 323 3822 continentiae,
340 3745 427 3808 unde
441 3745 521 3810 dicit
537 3745 723 3830 Apostolus,
739 3737 778 3808 ut
793 3747 898 3831 quise
913 3765 978 3808 non
994 3745 1142 3823 continet,
1158 3745 1271 3807 urebat.
1304 3743 1405 3824 Equi-

120 3841 177 3912 dem
189 3851 273 3918 duae
289 3856 428 3935 primam
442 3853 547 3938 ipsam
561 3853 703 3938 conjugii
718 3853 882 3935 originem,
895 3864 993 3934 atque
1003 3851 1237 3914 institutionem
1250 3855 1404 3932 spectent,

119 3965 373 4038 qtrcmadmodum
389 3965 490 4047 liquet
504 3985 546 4028 ex
561 3963 702 4029 laudatis
718 3965 806 4048 apud
821 3957 984 4028 isidorum
999 3963 1162 4028 Geneseos
1174 3961 1404 4025 monumentis.

119 4065 151 4130 lt
163 4084 315 4152 postrema
331 4088 401 4137 tum
427 4073 561 4138 demum
590 4075 721 4138 suborto
749 4073 849 4137 fuisse
864 4071 1001 4149 videtur,
1024 4087 1100 4133 cum
1117 4071 1149 4132 in
1167 4079 1254 4132 statu
1268 4078 1405 4130 naturae

119 4171 208 4258 lapsae
223 4181 443 4265 ingravescere
458 4183 605 4246 humana
619 4183 790 4246 infirmitas
806 4183 918 4265 coepit,
932 4181 974 4244 ad
986 4201 1087 4263 quam
1099 4197 1177 4241 sune
1189 4197 1291 4240 unam
1302 4177 1407 4257 A'pos.

29 4277 30 4284 ἵ
119 4283 186 4350 tolus
199 4307 301 4372 nuper
314 4289 402 4374 apud
417 4291 578 4354 Isidorum
595 4291 747 4356 laudatus
764 4293 912 4380 respexit.
944 4293 1030 4355 Cum
1045 4307 1121 4352 vero
1136 4307 1232 4352 nemo
1247 4305 1317 4348 esse
1333 4303 1405 4368 pos-

120 4387 155 4468 sit
168 4397 220 4476 qui
234 4399 448 4461 substantiam
463 4397 605 4482 conjugii
620 4399 662 4462 ed
677 4411 873 4483 postremum
888 4399 976 4462 hauc
987 4417 1122 4461 causum
1135 4393 1332 4459 referendam
1346 4413 1403 4478 pu-

121 4505 162 4584 tet,
174 4516 277 4592 utpote
292 4528 376 4593 quse
390 4511 540 4595 conjugio
564 4511 634 4596 jem
648 4513 822 4575 constituto
851 4521 963 4594 postea
989 4509 1134 4588 accessit,
1151 4505 1233 4570 illud
1249 4513 1403 4586 superest,
