3276 4984
172 377 215 438 52
532 397 773 444 ntssearnsto
795 397 970 458 secunus,
994 399 1072 442 cue.
1095 377 1120 442 l.

171 528 297 600 cuntur,
313 531 344 582 et
359 520 420 584 sub
437 520 589 602 regimine
604 519 765 599 curatoris,
781 529 839 582 aut
855 521 990 603 majores
1003 531 1087 600 suut,
1113 535 1146 584 et
1171 531 1344 605 utrumque
1371 535 1474 606 potes·

172 641 271 694 tatem
300 651 358 694 seu
388 632 545 710 tutoriam,
572 651 630 694 sau
659 631 852 694 curatoriam
881 643 1063 696 evaseruut
1109 633 1255 698 Profecto
1280 638 1406 716 quoties
1435 637 1477 702 de

172 741 389 804 siliissamilias
404 751 527 822 agatur,
543 740 620 802 olim
636 759 677 804 cx
693 739 831 802 Romani
844 740 925 821 juris
941 740 1196 806 institutionibus
1219 742 1321 806 multo
1337 744 1476 810 dissimi-

173 851 211 912 lis
226 851 404 914 habebatur
419 850 499 912 ratio
515 847 662 926 filiorum,
679 859 711 910 et
727 848 878 912 filiarum.
924 848 1097 926 Nimirum,
1125 851 1171 914 uti
1186 849 1330 914 tradebat
1344 853 1478 918 Servius

172 960 333 1042 Sulpitius
348 959 417 1022 loco
433 977 530 1040 supra
546 957 680 1020 laudato
697 954 786 1039 apud
812 956 966 1034 Gellium,
982 975 1121 1038 sponsus
1146 957 1361 1040 stipulabatur
1385 977 1481 1042 spon-

172 1085 243 1128 sam
260 1067 299 1130 ab
315 1087 358 1142 eo,
371 1065 459 1128 narde
475 1064 769 1146 ducendcsnlsset,
785 1061 817 1125 id
839 1076 896 1142 est,
913 1068 1037 1146 epatre
1053 1081 1199 1146 sponsae,
1223 1084 1263 1126 ex
1290 1083 1355 1146 qno
1370 1065 1479 1147 liquet,

171 1197 309 1262 sponsae
336 1187 457 1258 patrem
483 1176 662 1240 consentire
685 1175 874 1256 oportuisse,
901 1193 968 1238 nou
995 1192 1157 1266 sponsam.
1202 1173 1283 1238 Erat
1307 1176 1389 1241 haec
1415 1175 1479 1241 vis·

172 1307 320 1354 summae
336 1285 430 1364 illius,
456 1305 556 1368 quam
584 1284 702 1348 vetusti
729 1293 877 1366 parentes
903 1283 1075 1362 habebant,
1103 1284 1269 1366 potestatis
1295 1285 1327 1349 in
1355 1285 1478 1365 liberos,

171 1417 254 1480 quos
270 1416 325 1480 pro
340 1395 467 1459 arbitrio
483 1415 542 1458 suo
557 1393 681 1458 alienae
697 1393 840 1456 suntiliae
866 1391 1004 1457 inserere
1029 1403 1183 1476 pnrer·ant;
1200 1412 1338 1475 eamque
1353 1394 1477 1460 obrem

171 1516 260 1588 puter
276 1523 413 1586 sponsae
428 1501 531 1566 filiam
547 1501 586 1564 do
603 1519 703 1565 manu
719 1499 782 1562 lere
798 1520 859 1564 sun
875 1500 907 1561 in
924 1499 1066 1562 alienam
1090 1517 1236 1578 manum,
1264 1501 1332 1564 sire
1358 1501 1390 1564 in
1407 1519 1475 1564 roa·

170 1631 251 1674 num
267 1611 325 1674 viri
342 1609 543 1688 dimissurus,
559 1629 619 1672 sua
636 1619 762 1672 tautum
779 1607 945 1671 voluntate
960 1626 1036 1670 cum
1047 1626 1170 1691 sponso
1185 1609 1407 1694 contraheban
1422 1631 1477 1676 ue-

169 1736 233 1798 que
249 1716 280 1779 id
297 1717 430 1780 omuino
445 1716 593 1798 inrpnum
610 1713 697 1778 filiae
711 1715 891 1792 videbatur,
907 1716 1000 1800 cujus
1012 1715 1129 1780 deinde
1151 1735 1332 1782 consensus
1346 1721 1380 1784 in
1395 1719 1478 1782 celc-

170 1827 301 1890 braudis
318 1827 439 1910 nuptiis
453 1823 691 1908 exquirebatur.
736 1804 923 1888 Coiircenda
939 1823 1059 1888 deiude
1074 1822 1136 1888 suit
1152 1823 1283 1908 rigidior
1296 1825 1350 1890 illa
1366 1845 1479 1910 paren·

170 1947 241 1998 turn
257 1946 407 2016 potestas,
419 1943 530 2015 utpote
545 1951 628 2014 quae
644 1927 822 2013 aliquando
845 1931 1040 1994 immeritam
1069 1931 1177 1996 liberis
1203 1933 1377 2014 perniciem
1393 1933 1480 1998 adse
1506 1951 1509 1960 ’

171 2047 268 2128 raban
285 2043 495 2127 quamobrem
510 2042 594 2106 sicut
609 2044 641 2104 in
657 2040 731 2104 aliis
745 2041 891 2120 obtinuit,
907 2040 1018 2104 mitius
1034 2041 1088 2124 agi
1102 2060 1179 2106 cum
1195 2043 1303 2130 liberis
1326 2056 1477 2126 coeptum
1524 2027 1532 2050 ⁹

170 2173 226 2239 cst,
243 2173 450 2238 cautumque,
467 2167 504 2220 ut
529 2173 667 2238 sponsae
693 2154 795 2236 ipsius
819 2172 999 2218 consensus
1017 2154 1225 2240 requiriretur,
1244 2154 1265 2217 l¹
1280 2158 1306 2218 l.
1324 2157 1372 2220 11.
1388 2155 1422 2218 ff.
1438 2155 1480 2218 dc

171 2291 287 2350 sarona,
303 2269 359 2351 qui
375 2281 484 2332 tamen
500 2285 625 2348 semper
641 2265 706 2330 inte
735 2265 863 2328 venisse
889 2265 1126 2347 intelligeretur,
1148 2267 1274 2348 quoties
1290 2265 1357 2330 filia
1373 2269 1480 2330 scions

174 2379 315 2464 prudens
329 2376 492 2460 sponsioni
509 2387 662 2458 paternae
677 2385 784 2458 aperte
800 2391 865 2436 non
878 2374 1116 2454 contradiceret,
1132 2373 1152 2438 l.
1170 2376 1217 2438 12.
1235 2375 1267 2438 ff.
1283 2375 1324 2438 de
1337 2377 1407 2440 eod.
1423 2381 1480 2458 nt,

173 2491 328 2554 immone
343 2469 579 2550 concedebatur
603 2484 737 2568 quidem
762 2483 891 2566 puellae
913 2494 1066 2565 paternae
1081 2482 1241 2546 voluntati
1257 2485 1417 2568 refragari,
1432 2489 1481 2552 ui·

173 2599 201 2662 si
216 2617 322 2680 aequa
336 2597 483 2662 subesset
497 2592 708 2658 dissentiendi
723 2612 832 2666 causa,
851 2591 949 2656 veluti
973 2593 1000 2654 sl
1021 2592 1195 2675 indiguum
1219 2595 1363 2658 moribus
1386 2615 1481 2680 spon·

174 2729 248 2774 sum
263 2711 292 2772 ei
308 2721 396 2791 pater
410 2706 547 2787 eligeret,
564 2701 650 2766 dicta
666 2701 685 2766 l.
705 2701 752 2766 12.
770 2705 792 2769 l.
810 2705 837 2764 1.
860 2700 925 2766 Sed
942 2702 1134 2782 hacc‚,quae
1146 2700 1186 2763 de
1211 2719 1330 2783 sponsa
1352 2701 1421 2766 filia
1435 2701 1483 2766 di·

173 2822 284 2897 cimus¹
303 2839 368 2882 nou
383 2816 497 2882 eodem
513 2813 608 2878 modo
623 2811 687 2876 dici
702 2811 742 2874 de
764 2829 883 2894 sponso
908 2809 975 2874 filio
1000 2821 1146 2894 possuntr
1174 2827 1375 2892 qttanrqnam
1391 2811 1480 2876 enim

176 2945 314 3008 sponsus
331 2921 561 2986 filiusfamilias
576 2920 740 3002 sponsalia
764 2921 834 2984 sine
859 2937 1020 2984 consensu
1048 2921 1188 3002 parentis
1212 2921 1401 2984 contrahere
1415 2939 1481 2986 non

177 3049 291 3120 posset,
308 3035 390 3098 sicut
405 3051 464 3096 nec
477 3031 666 3096 contrahere
682 3039 804 3111 poterat
819 3029 1073 3105 matrimonium,
1090 3047 1156 3092 non
1168 3029 1249 3092 adeo
1265 3042 1373 3094 tamen
1384 3033 1417 3096 vi
1428 3051 1482 3114 pa-

178 3147 256 3211 triae
273 3142 436 3226 potestatis
452 3140 662 3223 premebatur,
679 3149 715 3200 nt
739 3155 839 3218 quarn
866 3137 925 3199 sibi
952 3149 1041 3219 pater
1064 3137 1238 3218 stipulatus
1260 3137 1375 3204 fuisset
1390 3161 1483 3224 spon·

180 3271 260 3330 sam,
276 3269 349 3312 earn
364 3249 480 3310 ducere
496 3257 662 3324 teneretur,
680 3245 699 3308 l.
716 3247 764 3308 13.
781 3245 812 3308 ff.
829 3243 870 3308 dc
884 3245 1035 3328 sponsat,
1062 3247 1162 3310 immo
1186 3261 1216 3311 et
1240 3261 1364 3332 poterat
1385 3255 1483 3316 etiarn

181 3365 252 3428 sine
266 3380 366 3424 causa
381 3360 476 3422 libere
491 3357 715 3420 contradicere.
760 3355 857 3418 Dices
871 3352 959 3430 sorte,
975 3356 1152 3436 etquidem
1171 3371 1260 3437 recte,
1274 3363 1392 3424 arctius
1407 3361 1486 3426 suis-

183 3495 217 3541 ιε
234 3471 402 3534 vinculum
419 3471 538 3548 patriae
564 3466 729 3548 potcstatis
755 3475 899 3546 respertu
926 3462 1076 3542 filiorum,
1103 3483 1204 3546 quam
1228 3465 1376 3544 filiarum,
1392 3470 1486 3552 quus

185 3583 230 3646 rei
246 3602 346 3642 carrusa
364 3595 447 3640 truta
463 3573 603 3638 venditio
619 3575 650 3634 in
667 3571 923 3651 eruaucipatiouc
938 3569 1086 3648 filiorum,
1110 3591 1174 3634 non
1201 3574 1234 3636 in
1260 3575 1486 3658 emancipatio

189 3711 229 3753 ue
245 3689 385 3751 siliarum
400 3684 475 3746 oliut
492 3681 671 3745 necessaria
687 3679 754 3740 luit.
800 3678 918 3738 Verum
935 3677 990 3738 illa
1005 3678 1198 3740 discriminis
1215 3679 1292 3740 ratio
1308 3682 1340 3741 in
1357 3699 1488 3762 sponsu·
1518 3665 1525 3680 ⁸

191 3801 274 3861 libus
289 3792 498 3870 observanda,
515 3810 578 3852 unu
597 3801 662 3850 tam
678 3808 719 3850 ex
737 3787 866 3850 viuculo
882 3789 1001 3868 patriae
1017 3791 1188 3868 potestatis,
1216 3809 1273 3851 seu
1296 3811 1337 3852 ex
1353 3791 1488 3854 uecessi-

191 3905 306 3968 tuline
324 3917 392 3964 nter
410 3911 563 3981 parentes,
579 3909 610 3957 et
627 3896 740 3958 liberos
757 3895 924 3977 pendebat,
941 3915 1040 3976 quam
1056 3917 1097 3960 cx
1112 3917 1212 3961 causa
1225 3898 1374 3978 familiae,
1387 3917 1490 3982 quau·

192 4014 374 4074 domorum
392 4004 562 4088 petrosilla
587 4023 704 4084 sponsa
731 4011 749 4070 ai
776 4025 893 4086 sponsu
917 4006 1061 4068 traducta
1078 4027 1142 4070 uou
1160 4009 1317 4089 propriam
1332 4009 1350 4070 t·
1368 4012 1490 4075 rniliam

95 4107 101 4117 ’
193 4118 340 4193 habebat,
356 4115 413 4176 scd
430 4113 569 4176 familiae
586 4110 866 4190 vi1·iinserel›arur;
883 4124 915 4172 nt
932 4111 1018 4176 lilius
1034 4133 1171 4196 sponsus
1188 4127 1312 4178 mortuo
1328 4133 1415 4198 patre
1426 4141 1492 4202 pro-

193 4227 493 4318 pr..uu·urcipiebnt
518 4224 636 4286 hubi-re
660 4221 827 4286 familiam.
871 4225 1093 4292 Quamobrem
1121 4225 1348 4290 filiusfamilias
1366 4233 1494 4294 vivente

196 4365 283 4430 patre
300 4347 420 4423 poterat
435 4331 638 4414 sponsalibus
653 4337 673 4394 a
701 4344 830 4412 parente
855 4333 1025 4393 contractis
1050 4331 1274 4410 contradicere,
1298 4355 1339 4398 ex
1354 4357 1392 4398 eo
1407 4337 1494 4419 qnod

195 4455 266 4524 lieet
282 4448 451 4530 conjugem
468 4461 531 4504 non
548 4441 686 4502 insuam
702 4459 810 4520 quarn,
834 4440 963 4502 virente
988 4451 1078 4522 patra
1102 4440 1247 4504 noudum
1274 4441 1422 4522 habcb'at,
1438 4442 1497 4506 sed
