<?xml version="1.0" encoding="UTF-8"?>
<!DOCTYPE html PUBLIC "-//W3C//DTD XHTML 1.0 Transitional//EN"
    "http://www.w3.org/TR/xhtml1/DTD/xhtml1-transitional.dtd">
<html xmlns="http://www.w3.org/1999/xhtml" xml:lang="en" lang="en">
 <head>
  <title>
</title>
<meta http-equiv="Content-Type" content="text/html;charset=utf-8" />
  <meta name='ocr-system' content='tesseract 3.04.00' />
  <meta name='ocr-capabilities' content='ocr_page ocr_carea ocr_par ocr_line ocrx_word'/>
</head>
<body>
  <div class='ocr_page' id='page_1' title='image "./carolisebastian00beragoog_0268.png"; bbox 0 0 3168 4982; ppageno 0'>
   <div class='ocr_carea' id='block_1_1' title="bbox 340 345 1404 430">
    <p class='ocr_par' dir='ltr' id='par_1_1' title="bbox 340 345 1404 430">
     <span class='ocr_line' id='line_1_1' title="bbox 340 345 1404 430; baseline -0.004 -2"><span class='ocrx_word' id='word_1_1' title='bbox 340 380 388 430; x_wconf 76' lang='grc' dir='ltr'>ιιι</span> <span class='ocrx_word' id='word_1_2' title='bbox 403 379 561 428; x_wconf 79' lang='grc' dir='ltr'>ιυιιιιιι</span> <span class='ocrx_word' id='word_1_3' title='bbox 579 377 764 428; x_wconf 80' lang='lat' dir='ltr'>necrnrna</span> <span class='ocrx_word' id='word_1_4' title='bbox 787 373 1136 427; x_wconf 78' lang='lat' dir='ltr'>rurrurunuronuu.</span> <span class='ocrx_word' id='word_1_5' title='bbox 1323 345 1404 424; x_wconf 57' lang='grc' dir='ltr'>Μ’</span> 
     </span>
    </p>
   </div>
   <div class='ocr_carea' id='block_1_2' title="bbox 17 498 1440 2974">
    <p class='ocr_par' dir='ltr' id='par_1_2' title="bbox 17 498 1393 2875">
     <span class='ocr_line' id='line_1_2' title="bbox 104 498 1392 588; baseline -0.001 -21"><span class='ocrx_word' id='word_1_6' title='bbox 104 499 345 588; x_wconf 64' lang='lat' dir='ltr'>quandoaurea</span> <span class='ocrx_word' id='word_1_7' title='bbox 369 504 421 567; x_wconf 82' lang='lat' dir='ltr'>vis</span> <span class='ocrx_word' id='word_1_8' title='bbox 439 521 559 568; x_wconf 89' lang='lat' dir='ltr'>nornen</span> <span class='ocrx_word' id='word_1_9' title='bbox 585 503 709 586; x_wconf 84' lang='lat' dir='ltr'>generis</span> <span class='ocrx_word' id='word_1_10' title='bbox 734 513 790 583; x_wconf 83' lang='lat' dir='ltr'>est,</span> <span class='ocrx_word' id='word_1_11' title='bbox 816 502 905 586; x_wconf 89' lang='lat' dir='ltr'>quod</span> <span class='ocrx_word' id='word_1_12' title='bbox 919 512 1048 585; x_wconf 89' lang='lat' dir='ltr'>raptum</span> <span class='ocrx_word' id='word_1_13' title='bbox 1072 499 1167 586; x_wconf 86' lang='lat' dir='ltr'>quasi</span> <span class='ocrx_word' id='word_1_14' title='bbox 1181 498 1233 565; x_wconf 77' lang='lat' dir='ltr'>vis</span> <span class='ocrx_word' id='word_1_15' title='bbox 1250 501 1392 586; x_wconf 85' lang='lat' dir='ltr'>speciem</span> 
     </span>
     <span class='ocr_line' id='line_1_3' title="bbox 104 611 1393 700; baseline -0.002 -21"><span class='ocrx_word' id='word_1_16' title='bbox 104 613 341 700; x_wconf 85' lang='lat' dir='ltr'>comprehendit.</span> <span class='ocrx_word' id='word_1_17' title='bbox 385 615 421 681; x_wconf 81' lang='lat' dir='ltr'>st</span> <span class='ocrx_word' id='word_1_18' title='bbox 435 613 626 696; x_wconf 81' lang='lat' dir='ltr'>consideres,</span> <span class='ocrx_word' id='word_1_19' title='bbox 641 613 803 698; x_wconf 89' lang='lat' dir='ltr'>quomodo</span> <span class='ocrx_word' id='word_1_20' title='bbox 817 613 900 678; x_wconf 88' lang='lat' dir='ltr'>inter</span> <span class='ocrx_word' id='word_1_21' title='bbox 913 633 948 678; x_wconf 87' lang='lat' dir='ltr'>ee</span> <span class='ocrx_word' id='word_1_22' title='bbox 962 613 1158 678; x_wconf 90' lang='lat' dir='ltr'>concinnata</span> <span class='ocrx_word' id='word_1_23' title='bbox 1179 613 1244 676; x_wconf 85' lang='lat' dir='ltr'>siut</span> <span class='ocrx_word' id='word_1_24' title='bbox 1258 611 1393 695; x_wconf 89' lang='lat' dir='ltr'>impedi·</span> 
     </span>
     <span class='ocr_line' id='line_1_4' title="bbox 104 705 1391 810; baseline 0 -20"><span class='ocrx_word' id='word_1_25' title='bbox 104 725 276 807; x_wconf 62' lang='lat' dir='ltr'>menta‘iba,</span> <span class='ocrx_word' id='word_1_26' title='bbox 292 747 377 810; x_wconf 87' lang='lat' dir='ltr'>qnae</span> <span class='ocrx_word' id='word_1_27' title='bbox 389 745 431 792; x_wconf 82' lang='lat' dir='ltr'>ex</span> <span class='ocrx_word' id='word_1_28' title='bbox 445 725 589 810; x_wconf 89' lang='lat' dir='ltr'>quadam</span> <span class='ocrx_word' id='word_1_29' title='bbox 601 727 681 791; x_wconf 87' lang='lat' dir='ltr'>inita</span> <span class='ocrx_word' id='word_1_30' title='bbox 695 725 777 792; x_wconf 92' lang='lat' dir='ltr'>inter</span> <span class='ocrx_word' id='word_1_31' title='bbox 789 726 1016 790; x_wconf 74' lang='lat' dir='ltr'><strong>contrahentes</strong></span> <span class='ocrx_word' id='word_1_32' title='bbox 1031 705 1271 789; x_wconf 72' lang='lat' dir='ltr'>necessitudine</span> <span class='ocrx_word' id='word_1_33' title='bbox 1285 725 1391 790; x_wconf 89' lang='lat' dir='ltr'>oriun-</span> 
     </span>
     <span class='ocr_line' id='line_1_5' title="bbox 104 827 1391 921; baseline 0.002 -25"><span class='ocrx_word' id='word_1_34' title='bbox 104 843 152 914; x_wconf 88' lang='lat' dir='ltr'>tur,</span> <span class='ocrx_word' id='word_1_35' title='bbox 174 833 254 899; x_wconf 88' lang='lat' dir='ltr'>nihil</span> <span class='ocrx_word' id='word_1_36' title='bbox 269 827 318 899; x_wconf 89' lang='lat' dir='ltr'>est</span> <span class='ocrx_word' id='word_1_37' title='bbox 331 835 436 921; x_wconf 87' lang='lat' dir='ltr'>magis</span> <span class='ocrx_word' id='word_1_38' title='bbox 452 834 646 918; x_wconf 76' lang='lat' dir='ltr'>involutum,</span> <span class='ocrx_word' id='word_1_39' title='bbox 673 835 799 899; x_wconf 89' lang='lat' dir='ltr'>namin</span> <span class='ocrx_word' id='word_1_40' title='bbox 815 834 916 919; x_wconf 88' lang='lat' dir='ltr'>primo</span> <span class='ocrx_word' id='word_1_41' title='bbox 930 833 1091 898; x_wconf 79' lang='lat' dir='ltr'>versiculo</span> <span class='ocrx_word' id='word_1_42' title='bbox 1105 844 1301 902; x_wconf 85' lang='lat' dir='ltr'>memoratur</span> <span class='ocrx_word' id='word_1_43' title='bbox 1317 853 1391 918; x_wconf 86' lang='lat' dir='ltr'>cog-</span> 
     </span>
     <span class='ocr_line' id='line_1_6' title="bbox 17 939 1389 1028; baseline -0.001 -24"><span class='ocrx_word' id='word_1_44' title='bbox 17 985 18 990; x_wconf 36' lang='lat'>1</span> <span class='ocrx_word' id='word_1_45' title='bbox 102 939 184 1022; x_wconf 88' lang='lat' dir='ltr'>natio,</span> <span class='ocrx_word' id='word_1_46' title='bbox 207 944 302 1028; x_wconf 87' lang='lat' dir='ltr'>cujus</span> <span class='ocrx_word' id='word_1_47' title='bbox 327 941 458 1006; x_wconf 89' lang='lat' dir='ltr'>nornine</span> <span class='ocrx_word' id='word_1_48' title='bbox 483 941 710 1006; x_wconf 88' lang='lat' dir='ltr'>intellexerunt</span> <span class='ocrx_word' id='word_1_49' title='bbox 734 941 924 1022; x_wconf 79' lang='lat' dir='ltr'>naturalem,</span> <span class='ocrx_word' id='word_1_50' title='bbox 951 939 1092 1021; x_wconf 81' lang='lat' dir='ltr'>civilem,</span> <span class='ocrx_word' id='word_1_51' title='bbox 1121 951 1155 1004; x_wconf 86' lang='lat' dir='ltr'>ct</span> <span class='ocrx_word' id='word_1_52' title='bbox 1179 939 1389 1026; x_wconf 84' lang='lat' dir='ltr'>spiritualem,</span> 
     </span>
     <span class='ocr_line' id='line_1_7' title="bbox 102 1045 1391 1134; baseline -0.002 -22"><span class='ocrx_word' id='word_1_53' title='bbox 102 1063 171 1132; x_wconf 86' lang='lat' dir='ltr'>quas</span> <span class='ocrx_word' id='word_1_54' title='bbox 184 1069 260 1114; x_wconf 88' lang='lat' dir='ltr'>seue</span> <span class='ocrx_word' id='word_1_55' title='bbox 274 1049 472 1134; x_wconf 82' lang='lat' dir='ltr'>distinguere</span> <span class='ocrx_word' id='word_1_56' title='bbox 497 1061 564 1114; x_wconf 91' lang='lat' dir='ltr'>erat</span> <span class='ocrx_word' id='word_1_57' title='bbox 579 1049 722 1114; x_wconf 83' lang='lat' dir='ltr'>maxime</span> <span class='ocrx_word' id='word_1_58' title='bbox 747 1059 973 1132; x_wconf 83' lang='lat' dir='ltr'>opportunum3</span> <span class='ocrx_word' id='word_1_59' title='bbox 1002 1045 1119 1111; x_wconf 87' lang='lat' dir='ltr'>deinde</span> <span class='ocrx_word' id='word_1_60' title='bbox 1134 1055 1206 1131; x_wconf 87' lang='lat' dir='ltr'>post</span> <span class='ocrx_word' id='word_1_61' title='bbox 1225 1046 1318 1130; x_wconf 85' lang='lat' dir='ltr'>plura</span> <span class='ocrx_word' id='word_1_62' title='bbox 1332 1045 1391 1110; x_wconf 89' lang='lat' dir='ltr'>im·</span> 
     </span>
     <span class='ocr_line' id='line_1_8' title="bbox 102 1148 1391 1244; baseline -0.004 -21"><span class='ocrx_word' id='word_1_63' title='bbox 102 1159 273 1244; x_wconf 87' lang='lat' dir='ltr'>pedimenta</span> <span class='ocrx_word' id='word_1_64' title='bbox 287 1161 321 1226; x_wconf 90' lang='lat' dir='ltr'>in</span> <span class='ocrx_word' id='word_1_65' title='bbox 337 1161 402 1225; x_wconf 89' lang='lat' dir='ltr'>line</span> <span class='ocrx_word' id='word_1_66' title='bbox 417 1159 551 1224; x_wconf 87' lang='lat' dir='ltr'>secundi</span> <span class='ocrx_word' id='word_1_67' title='bbox 565 1155 718 1223; x_wconf 72' lang='lat' dir='ltr'>uersiculi</span> <span class='ocrx_word' id='word_1_68' title='bbox 742 1167 932 1222; x_wconf 87' lang='lat' dir='ltr'>numeratur</span> <span class='ocrx_word' id='word_1_69' title='bbox 944 1157 1109 1235; x_wconf 81' lang='lat' dir='ltr'>honestas,</span> <span class='ocrx_word' id='word_1_70' title='bbox 1133 1173 1235 1237; x_wconf 90' lang='lat' dir='ltr'>quam</span> <span class='ocrx_word' id='word_1_71' title='bbox 1249 1155 1284 1218; x_wconf 92' lang='lat' dir='ltr'>in</span> <span class='ocrx_word' id='word_1_72' title='bbox 1298 1148 1391 1218; x_wconf 79' lang='lat' dir='ltr'>tento</span> 
     </span>
     <span class='ocr_line' id='line_1_9' title="bbox 103 1261 1390 1354; baseline -0.005 -23"><span class='ocrx_word' id='word_1_73' title='bbox 103 1269 244 1334; x_wconf 81' lang='lat' dir='ltr'>versiculo</span> <span class='ocrx_word' id='word_1_74' title='bbox 269 1270 476 1354; x_wconf 86' lang='lat' dir='ltr'>subsequitur</span> <span class='ocrx_word' id='word_1_75' title='bbox 500 1267 662 1332; x_wconf 84' lang='lat' dir='ltr'>adfinitas.</span> <span class='ocrx_word' id='word_1_76' title='bbox 706 1261 832 1331; x_wconf 82' lang='lat' dir='ltr'>Interea</span> <span class='ocrx_word' id='word_1_77' title='bbox 847 1263 1079 1348; x_wconf 82' lang='lat' dir='ltr'>vcro&#39;plurlme</span> <span class='ocrx_word' id='word_1_78' title='bbox 1104 1263 1289 1343; x_wconf 87' lang='lat' dir='ltr'>omiserunt,</span> <span class='ocrx_word' id='word_1_79' title='bbox 1304 1277 1390 1344; x_wconf 83' lang='lat' dir='ltr'>quae</span> 
     </span>
     <span class='ocr_line' id='line_1_10' title="bbox 100 1361 1388 1463; baseline -0.005 -20"><span class='ocrx_word' id='word_1_80' title='bbox 100 1391 177 1446; x_wconf 88' lang='lat' dir='ltr'>erant</span> <span class='ocrx_word' id='word_1_81' title='bbox 187 1382 366 1447; x_wconf 89' lang='lat' dir='ltr'>necessario</span> <span class='ocrx_word' id='word_1_82' title='bbox 378 1377 583 1444; x_wconf 85' lang='lat' dir='ltr'>recensenda.</span> <span class='ocrx_word' id='word_1_83' title='bbox 626 1375 822 1463; x_wconf 79' lang='lat' dir='ltr'>HuJ‘usmodi</span> <span class='ocrx_word' id='word_1_84' title='bbox 836 1385 885 1440; x_wconf 87' lang='lat' dir='ltr'>est</span> <span class='ocrx_word' id='word_1_85' title='bbox 899 1374 1041 1440; x_wconf 87' lang='lat' dir='ltr'>conditio</span> <span class='ocrx_word' id='word_1_86' title='bbox 1055 1376 1159 1458; x_wconf 87' lang='lat' dir='ltr'>turpis</span> <span class='ocrx_word' id='word_1_87' title='bbox 1173 1384 1284 1439; x_wconf 89' lang='lat' dir='ltr'>contra</span> <span class='ocrx_word' id='word_1_88' title='bbox 1297 1361 1388 1438; x_wconf 81' lang='lat' dir='ltr'>subs·</span> 
     </span>
     <span class='ocr_line' id='line_1_11' title="bbox 101 1479 1389 1577; baseline -0.008 -24"><span class='ocrx_word' id='word_1_89' title='bbox 101 1491 231 1571; x_wconf 87' lang='lat' dir='ltr'>tantiam,</span> <span class='ocrx_word' id='word_1_90' title='bbox 247 1509 307 1554; x_wconf 89' lang='lat' dir='ltr'>seu</span> <span class='ocrx_word' id='word_1_91' title='bbox 321 1497 473 1554; x_wconf 86' lang='lat' dir='ltr'>naturam</span> <span class='ocrx_word' id='word_1_92' title='bbox 487 1485 682 1554; x_wconf 86' lang='lat' dir='ltr'>matrimonii</span> <span class='ocrx_word' id='word_1_93' title='bbox 704 1483 1003 1577; x_wconf 74' lang='lat' dir='ltr'>dcoutruhentibus</span> <span class='ocrx_word' id='word_1_94' title='bbox 1024 1483 1180 1566; x_wconf 80' lang='lat' dir='ltr'>adposita,</span> <span class='ocrx_word' id='word_1_95' title='bbox 1191 1481 1289 1572; x_wconf 82' lang='lat' dir='ltr'>juxta</span> <span class='ocrx_word' id='word_1_96' title='bbox 1303 1479 1389 1564; x_wconf 83' lang='lat' dir='ltr'>capl-</span> 
     </span>
     <span class='ocr_line' id='line_1_12' title="bbox 100 1587 1387 1680; baseline -0.012 -17"><span class='ocrx_word' id='word_1_97' title='bbox 100 1597 194 1664; x_wconf 90' lang='lat' dir='ltr'>tulnm</span> <span class='ocrx_word' id='word_1_98' title='bbox 206 1593 322 1664; x_wconf 83' lang='lat' dir='ltr'>ult&#39;de</span> <span class='ocrx_word' id='word_1_99' title='bbox 336 1597 430 1662; x_wconf 91' lang='lat' dir='ltr'>cond.</span> <span class='ocrx_word' id='word_1_100' title='bbox 446 1595 555 1680; x_wconf 90' lang='lat' dir='ltr'>adpos.</span> <span class='ocrx_word' id='word_1_101' title='bbox 585 1593 782 1680; x_wconf 87' lang='lat' dir='ltr'>Hujusmodi</span> <span class='ocrx_word' id='word_1_102' title='bbox 797 1603 846 1657; x_wconf 91' lang='lat' dir='ltr'>est</span> <span class='ocrx_word' id='word_1_103' title='bbox 858 1601 963 1658; x_wconf 86' lang='lat' dir='ltr'>metus</span> <span class='ocrx_word' id='word_1_104' title='bbox 978 1591 1087 1675; x_wconf 83' lang='lat' dir='ltr'>gravis</span> <span class='ocrx_word' id='word_1_105' title='bbox 1097 1589 1215 1673; x_wconf 82' lang='lat' dir='ltr'>injuste</span> <span class='ocrx_word' id='word_1_106' title='bbox 1225 1587 1387 1664; x_wconf 82' lang='lat' dir='ltr'>incussus,</span> 
     </span>
     <span class='ocr_line' id='line_1_13' title="bbox 17 1691 1387 1785; baseline -0.009 -16"><span class='ocrx_word' id='word_1_107' title='bbox 17 1743 18 1748; x_wconf 20' lang='grc' dir='ltr'><strong>κ</strong></span> <span class='ocrx_word' id='word_1_108' title='bbox 100 1703 147 1785; x_wconf 91' lang='lat' dir='ltr'>qui</span> <span class='ocrx_word' id='word_1_109' title='bbox 159 1723 236 1768; x_wconf 87' lang='lat' dir='ltr'>sane</span> <span class='ocrx_word' id='word_1_110' title='bbox 251 1723 328 1768; x_wconf 89' lang='lat' dir='ltr'>cum</span> <span class='ocrx_word' id='word_1_111' title='bbox 343 1703 377 1766; x_wconf 86' lang='lat' dir='ltr'>vi</span> <span class='ocrx_word' id='word_1_112' title='bbox 391 1699 548 1767; x_wconf 86' lang='lat' dir='ltr'>confundi</span> <span class='ocrx_word' id='word_1_113' title='bbox 562 1721 628 1766; x_wconf 91' lang='lat' dir='ltr'>non</span> <span class='ocrx_word' id='word_1_114' title='bbox 643 1701 762 1780; x_wconf 88' lang='lat' dir='ltr'>debuit,</span> <span class='ocrx_word' id='word_1_115' title='bbox 778 1699 963 1785; x_wconf 81' lang='lat' dir='ltr'>praesertim</span> <span class='ocrx_word' id='word_1_116' title='bbox 978 1699 1021 1762; x_wconf 86' lang='lat' dir='ltr'>ab</span> <span class='ocrx_word' id='word_1_117' title='bbox 1035 1699 1083 1778; x_wconf 88' lang='lat' dir='ltr'>iis,</span> <span class='ocrx_word' id='word_1_118' title='bbox 1103 1697 1160 1778; x_wconf 91' lang='lat' dir='ltr'>qui</span> <span class='ocrx_word' id='word_1_119' title='bbox 1174 1705 1303 1780; x_wconf 88' lang='lat' dir='ltr'>raptum</span> <span class='ocrx_word' id='word_1_120' title='bbox 1317 1700 1339 1759; x_wconf 73' lang='lat' dir='ltr'>fi</span> <span class='ocrx_word' id='word_1_121' title='bbox 1353 1691 1387 1757; x_wconf 81' lang='lat' dir='ltr'>vi</span> 
     </span>
     <span class='ocr_line' id='line_1_14' title="bbox 100 1803 1387 1895; baseline -0.001 -24"><span class='ocrx_word' id='word_1_122' title='bbox 100 1803 282 1892; x_wconf 80' lang='lat' dir='ltr'>distinguere</span> <span class='ocrx_word' id='word_1_123' title='bbox 306 1809 479 1873; x_wconf 85' lang='lat' dir='ltr'>sciverunt</span> <span class='ocrx_word' id='word_1_124' title='bbox 521 1809 716 1895; x_wconf 83' lang='lat' dir='ltr'>Hujusmodi</span> <span class='ocrx_word' id='word_1_125' title='bbox 731 1819 779 1873; x_wconf 87' lang='lat' dir='ltr'>est</span> <span class='ocrx_word' id='word_1_126' title='bbox 794 1819 883 1872; x_wconf 84' lang='lat' dir='ltr'>aetas</span> <span class='ocrx_word' id='word_1_127' title='bbox 898 1805 1020 1890; x_wconf 89' lang='lat' dir='ltr'>nuptiis</span> <span class='ocrx_word' id='word_1_128' title='bbox 1035 1806 1152 1889; x_wconf 87' lang='lat' dir='ltr'>inepte,</span> <span class='ocrx_word' id='word_1_129' title='bbox 1168 1807 1236 1870; x_wconf 81' lang='lat' dir='ltr'>sire</span> <span class='ocrx_word' id='word_1_130' title='bbox 1250 1803 1338 1888; x_wconf 84' lang='lat' dir='ltr'>quod</span> <span class='ocrx_word' id='word_1_131' title='bbox 1352 1803 1387 1870; x_wconf 90' lang='lat' dir='ltr'>iu</span> 
     </span>
     <span class='ocr_line' id='line_1_15' title="bbox 98 1915 1388 2004; baseline -0.003 -21"><span class='ocrx_word' id='word_1_132' title='bbox 98 1917 147 1983; x_wconf 91' lang='lat' dir='ltr'>illa</span> <span class='ocrx_word' id='word_1_133' title='bbox 158 1939 222 1985; x_wconf 88' lang='lat' dir='ltr'>non</span> <span class='ocrx_word' id='word_1_134' title='bbox 237 1917 459 2004; x_wconf 85' lang='lat' dir='ltr'>intelligentur</span> <span class='ocrx_word' id='word_1_135' title='bbox 473 1919 553 1984; x_wconf 89' lang='lat' dir='ltr'>oblri</span> <span class='ocrx_word' id='word_1_136' title='bbox 568 1939 662 2004; x_wconf 87' lang='lat' dir='ltr'>posse</span> <span class='ocrx_word' id='word_1_137' title='bbox 677 1921 863 2001; x_wconf 81' lang='lat' dir='ltr'>nuptiarum</span> <span class='ocrx_word' id='word_1_138' title='bbox 878 1919 993 1998; x_wconf 86' lang='lat' dir='ltr'>officia,</span> <span class='ocrx_word' id='word_1_139' title='bbox 1015 1919 1084 1981; x_wconf 84' lang='lat' dir='ltr'>sive</span> <span class='ocrx_word' id='word_1_140' title='bbox 1099 1915 1186 2000; x_wconf 89' lang='lat' dir='ltr'>quod</span> <span class='ocrx_word' id='word_1_141' title='bbox 1201 1916 1235 1980; x_wconf 90' lang='lat' dir='ltr'>iu</span> <span class='ocrx_word' id='word_1_142' title='bbox 1249 1915 1308 1980; x_wconf 78' lang='lat' dir='ltr'>illu</span> <span class='ocrx_word' id='word_1_143' title='bbox 1321 1915 1388 1980; x_wconf 89' lang='lat' dir='ltr'>ido·</span> 
     </span>
     <span class='ocr_line' id='line_1_16' title="bbox 99 2021 1387 2110; baseline -0.002 -22"><span class='ocrx_word' id='word_1_144' title='bbox 99 2041 152 2089; x_wconf 87' lang='lat' dir='ltr'>nea</span> <span class='ocrx_word' id='word_1_145' title='bbox 165 2043 227 2091; x_wconf 90' lang='lat' dir='ltr'>non</span> <span class='ocrx_word' id='word_1_146' title='bbox 242 2025 386 2109; x_wconf 84' lang='lat' dir='ltr'>fingatur</span> <span class='ocrx_word' id='word_1_147' title='bbox 401 2025 471 2110; x_wconf 89' lang='lat' dir='ltr'>lege</span> <span class='ocrx_word' id='word_1_148' title='bbox 485 2025 664 2088; x_wconf 84' lang='lat' dir='ltr'>consensio.</span> <span class='ocrx_word' id='word_1_149' title='bbox 706 2021 902 2107; x_wconf 83' lang='lat' dir='ltr'>Hujnsrnodi</span> <span class='ocrx_word' id='word_1_150' title='bbox 917 2031 966 2088; x_wconf 88' lang='lat' dir='ltr'>est</span> <span class='ocrx_word' id='word_1_151' title='bbox 980 2021 1038 2088; x_wconf 81' lang='lat' dir='ltr'>a&#39;ut</span> <span class='ocrx_word' id='word_1_152' title='bbox 1052 2022 1149 2104; x_wconf 88' lang='lat' dir='ltr'>luror,</span> <span class='ocrx_word' id='word_1_153' title='bbox 1164 2023 1387 2104; x_wconf 80' lang='lat' dir='ltr'>autumantis,</span> 
     </span>
     <span class='ocr_line' id='line_1_17' title="bbox 98 2133 1386 2220; baseline 0.002 -23"><span class='ocrx_word' id='word_1_154' title='bbox 98 2147 146 2200; x_wconf 85' lang='lat' dir='ltr'>aut</span> <span class='ocrx_word' id='word_1_155' title='bbox 159 2137 286 2202; x_wconf 88' lang='lat' dir='ltr'>morbus</span> <span class='ocrx_word' id='word_1_156' title='bbox 300 2136 461 2201; x_wconf 83' lang='lat' dir='ltr'>amentiae</span> <span class='ocrx_word' id='word_1_157' title='bbox 484 2133 659 2220; x_wconf 87' lang='lat' dir='ltr'>proximus,</span> <span class='ocrx_word' id='word_1_158' title='bbox 674 2135 782 2220; x_wconf 90' lang='lat' dir='ltr'>qualis</span> <span class='ocrx_word' id='word_1_159' title='bbox 806 2135 840 2200; x_wconf 91' lang='lat' dir='ltr'>in</span> <span class='ocrx_word' id='word_1_160' title='bbox 855 2151 978 2202; x_wconf 87' lang='lat' dir='ltr'>ecesse</span> <span class='ocrx_word' id='word_1_161' title='bbox 993 2135 1128 2215; x_wconf 84' lang='lat' dir='ltr'>ridetur,</span> <span class='ocrx_word' id='word_1_162' title='bbox 1153 2133 1211 2218; x_wconf 90' lang='lat' dir='ltr'>qui</span> <span class='ocrx_word' id='word_1_163' title='bbox 1225 2135 1269 2199; x_wconf 81' lang='lat' dir='ltr'>ab</span> <span class='ocrx_word' id='word_1_164' title='bbox 1281 2133 1386 2200; x_wconf 83' lang='lat' dir='ltr'>inlan-</span> 
     </span>
     <span class='ocr_line' id='line_1_18' title="bbox 98 2241 1386 2328; baseline 0.002 -20"><span class='ocrx_word' id='word_1_165' title='bbox 98 2245 310 2327; x_wconf 83' lang='lat' dir='ltr'>liaet&#39;mutus,</span> <span class='ocrx_word' id='word_1_166' title='bbox 336 2255 369 2308; x_wconf 89' lang='lat' dir='ltr'>et</span> <span class='ocrx_word' id='word_1_167' title='bbox 382 2243 501 2310; x_wconf 88' lang='lat' dir='ltr'>surdus</span> <span class='ocrx_word' id='word_1_168' title='bbox 516 2243 623 2324; x_wconf 87' lang='lat' dir='ltr'>simul,</span> <span class='ocrx_word' id='word_1_169' title='bbox 648 2255 679 2308; x_wconf 88' lang='lat' dir='ltr'>et</span> <span class='ocrx_word' id='word_1_170' title='bbox 693 2262 811 2307; x_wconf 85' lang='lat' dir='ltr'>caecus</span> <span class='ocrx_word' id='word_1_171' title='bbox 824 2241 895 2308; x_wconf 81' lang='lat' dir='ltr'>luit</span> <span class='ocrx_word' id='word_1_172' title='bbox 937 2243 1135 2328; x_wconf 72' lang='lat' dir='ltr'>Huiusmodi</span> <span class='ocrx_word' id='word_1_173' title='bbox 1160 2243 1300 2326; x_wconf 88' lang='lat' dir='ltr'>denique</span> <span class='ocrx_word' id='word_1_174' title='bbox 1321 2242 1386 2310; x_wconf 78' lang='lat' dir='ltr'>diei</span> 
     </span>
     <span class='ocr_line' id='line_1_19' title="bbox 97 2349 1386 2436; baseline -0.001 -21"><span class='ocrx_word' id='word_1_175' title='bbox 97 2359 188 2434; x_wconf 85' lang='lat' dir='ltr'>potest</span> <span class='ocrx_word' id='word_1_176' title='bbox 199 2351 343 2416; x_wconf 86' lang='lat' dir='ltr'>officium</span> <span class='ocrx_word' id='word_1_177' title='bbox 358 2351 478 2428; x_wconf 90' lang='lat' dir='ltr'>tutoris,</span> <span class='ocrx_word' id='word_1_178' title='bbox 502 2359 534 2415; x_wconf 91' lang='lat' dir='ltr'>et</span> <span class='ocrx_word' id='word_1_179' title='bbox 547 2352 703 2415; x_wconf 82' lang='lat' dir='ltr'>curatoris</span> <span class='ocrx_word' id='word_1_180' title='bbox 718 2361 794 2415; x_wconf 86' lang='lat' dir='ltr'>ante</span> <span class='ocrx_word' id='word_1_181' title='bbox 808 2349 972 2414; x_wconf 87' lang='lat' dir='ltr'>redditum</span> <span class='ocrx_word' id='word_1_182' title='bbox 994 2351 1123 2431; x_wconf 74' lang='lat' dir='ltr'>nitelae,</span> <span class='ocrx_word' id='word_1_183' title='bbox 1141 2351 1191 2414; x_wconf 81' lang='lat' dir='ltr'>rel</span> <span class='ocrx_word' id='word_1_184' title='bbox 1205 2367 1302 2416; x_wconf 84' lang='lat' dir='ltr'>curae</span> <span class='ocrx_word' id='word_1_185' title='bbox 1316 2367 1386 2436; x_wconf 85' lang='lat' dir='ltr'>ges-</span> 
     </span>
     <span class='ocr_line' id='line_1_20' title="bbox 98 2449 1386 2546; baseline 0.002 -24"><span class='ocrx_word' id='word_1_186' title='bbox 98 2459 305 2525; x_wconf 84' lang='lat' dir='ltr'>taerationern</span> <span class='ocrx_word' id='word_1_187' title='bbox 328 2462 424 2546; x_wconf 83' lang='lat' dir='ltr'>juxta</span> <span class='ocrx_word' id='word_1_188' title='bbox 438 2479 485 2542; x_wconf 88' lang='lat' dir='ltr'>ea,</span> <span class='ocrx_word' id='word_1_189' title='bbox 512 2477 596 2544; x_wconf 88' lang='lat' dir='ltr'>qnae</span> <span class='ocrx_word' id='word_1_190' title='bbox 621 2460 769 2543; x_wconf 83' lang='lat' dir='ltr'>superius</span> <span class='ocrx_word' id='word_1_191' title='bbox 794 2459 912 2524; x_wconf 82' lang='lat' dir='ltr'>tradita</span> <span class='ocrx_word' id='word_1_192' title='bbox 926 2449 1013 2524; x_wconf 82' lang='lat' dir='ltr'>sunt</span> <span class='ocrx_word' id='word_1_193' title='bbox 1056 2459 1154 2524; x_wconf 86' lang='lat' dir='ltr'>Dicta</span> <span class='ocrx_word' id='word_1_194' title='bbox 1168 2459 1249 2524; x_wconf 85' lang='lat' dir='ltr'>haec</span> <span class='ocrx_word' id='word_1_195' title='bbox 1274 2461 1386 2525; x_wconf 87' lang='lat' dir='ltr'>omnia</span> 
     </span>
     <span class='ocr_line' id='line_1_21' title="bbox 17 2563 1385 2654; baseline 0.005 -26"><span class='ocrx_word' id='word_1_196' title='bbox 17 2599 18 2604; x_wconf 18' lang='grc' dir='ltr'><strong>κ</strong></span> <span class='ocrx_word' id='word_1_197' title='bbox 96 2567 191 2648; x_wconf 79' lang='lat' dir='ltr'>velim,</span> <span class='ocrx_word' id='word_1_198' title='bbox 206 2587 272 2633; x_wconf 90' lang='lat' dir='ltr'>non</span> <span class='ocrx_word' id='word_1_199' title='bbox 286 2589 325 2633; x_wconf 92' lang='lat' dir='ltr'>eo</span> <span class='ocrx_word' id='word_1_200' title='bbox 340 2569 458 2650; x_wconf 86' lang='lat' dir='ltr'>auimo,</span> <span class='ocrx_word' id='word_1_201' title='bbox 483 2579 519 2634; x_wconf 93' lang='lat' dir='ltr'>ut</span> <span class='ocrx_word' id='word_1_202' title='bbox 532 2569 686 2654; x_wconf 87' lang='lat' dir='ltr'>vulgatas</span> <span class='ocrx_word' id='word_1_203' title='bbox 701 2571 923 2653; x_wconf 83' lang='lat' dir='ltr'>interpretum,</span> <span class='ocrx_word' id='word_1_204' title='bbox 951 2579 984 2634; x_wconf 90' lang='lat' dir='ltr'>et</span> <span class='ocrx_word' id='word_1_205' title='bbox 998 2569 1275 2653; x_wconf 86' lang='lat' dir='ltr'>Pragmaticorum</span> <span class='ocrx_word' id='word_1_206' title='bbox 1289 2563 1385 2636; x_wconf 86' lang='lat' dir='ltr'>tredi-</span> 
     </span>
     <span class='ocr_line' id='line_1_22' title="bbox 17 2675 1384 2768; baseline 0.007 -29"><span class='ocrx_word' id='word_1_207' title='bbox 17 2759 18 2768; x_wconf 48' lang='lat'>,</span> <span class='ocrx_word' id='word_1_208' title='bbox 97 2675 186 2742; x_wconf 87' lang='lat' dir='ltr'>tiones</span> <span class='ocrx_word' id='word_1_209' title='bbox 199 2679 311 2743; x_wconf 81' lang='lat' dir='ltr'>videar</span> <span class='ocrx_word' id='word_1_210' title='bbox 334 2679 462 2763; x_wconf 86' lang='lat' dir='ltr'>penitus</span> <span class='ocrx_word' id='word_1_211' title='bbox 477 2679 681 2764; x_wconf 79' lang='lat' dir='ltr'>improbasse,</span> <span class='ocrx_word' id='word_1_212' title='bbox 709 2679 767 2742; x_wconf 88' lang='lat' dir='ltr'>sed</span> <span class='ocrx_word' id='word_1_213' title='bbox 781 2687 818 2743; x_wconf 92' lang='lat' dir='ltr'>ut</span> <span class='ocrx_word' id='word_1_214' title='bbox 831 2677 953 2762; x_wconf 86' lang='lat' dir='ltr'>liqueat</span> <span class='ocrx_word' id='word_1_215' title='bbox 978 2680 1101 2759; x_wconf 86' lang='lat' dir='ltr'>saltem,</span> <span class='ocrx_word' id='word_1_216' title='bbox 1117 2697 1251 2744; x_wconf 88' lang='lat' dir='ltr'>menon</span> <span class='ocrx_word' id='word_1_217' title='bbox 1266 2677 1384 2763; x_wconf 73' lang='lat' dir='ltr'>injurie</span> 
     </span>
     <span class='ocr_line' id='line_1_23' title="bbox 17 2769 1384 2875; baseline 0.003 -28"><span class='ocrx_word' id='word_1_218' title='bbox 17 2769 19 2812; x_wconf 44' lang='grc' dir='ltr'>ἶ</span> <span class='ocrx_word' id='word_1_219' title='bbox 97 2781 172 2850; x_wconf 84' lang='lat' dir='ltr'>inea</span> <span class='ocrx_word' id='word_1_220' title='bbox 195 2785 264 2871; x_wconf 85' lang='lat' dir='ltr'>ipsa</span> <span class='ocrx_word' id='word_1_221' title='bbox 286 2787 590 2875; x_wconf 84' lang='lat' dir='ltr'>impedimentorum</span> <span class='ocrx_word' id='word_1_222' title='bbox 613 2789 746 2853; x_wconf 88' lang='lat' dir='ltr'>materie</span> <span class='ocrx_word' id='word_1_223' title='bbox 771 2787 1005 2872; x_wconf 83' lang='lat' dir='ltr'>pertractanda,</span> <span class='ocrx_word' id='word_1_224' title='bbox 1031 2787 1207 2874; x_wconf 78' lang='lat' dir='ltr'>avulgata</span> <span class='ocrx_word' id='word_1_225' title='bbox 1231 2786 1384 2854; x_wconf 75' lang='lat' dir='ltr'>methodo</span> 
     </span>
    </p>

    <p class='ocr_par' dir='ltr' id='par_1_3' title="bbox 17 2893 1440 2974">
     <span class='ocr_line' id='line_1_24' title="bbox 17 2893 1440 2974; baseline 0.001 -16"><span class='ocrx_word' id='word_1_226' title='bbox 17 2927 19 2974; x_wconf 60' lang='lat' dir='ltr'>p</span> <span class='ocrx_word' id='word_1_227' title='bbox 96 2893 256 2963; x_wconf 60' lang='lat' dir='ltr'>misse.</span> <span class='ocrx_word' id='word_1_228' title='bbox 360 2910 362 2918; x_wconf 58' lang='lat'><strong>¹</strong></span> <span class='ocrx_word' id='word_1_229' title='bbox 1437 2903 1440 2910; x_wconf 55' lang='lat'><strong>¹</strong></span> 
     </span>
    </p>
   </div>
   <div class='ocr_carea' id='block_1_3' title="bbox 582 3367 882 3476">
    <p class='ocr_par' dir='ltr' id='par_1_4' title="bbox 582 3367 882 3476">
     <span class='ocr_line' id='line_1_25' title="bbox 582 3367 882 3476; baseline -0.02 -34"><span class='ocrx_word' id='word_1_230' title='bbox 582 3367 817 3476; x_wconf 68' lang='lat' dir='ltr'>Quaestio</span> <span class='ocrx_word' id='word_1_231' title='bbox 839 3369 882 3436; x_wconf 85' lang='lat' dir='ltr'>lt</span> 
     </span>
    </p>
   </div>
   <div class='ocr_carea' id='block_1_4' title="bbox 352 3617 1105 3708">
    <p class='ocr_par' dir='ltr' id='par_1_5' title="bbox 352 3565 1105 3708">
     <span class='ocr_line' id='line_1_26' title="bbox 352 3617 1105 3708; baseline 0.009 -30"><span class='ocrx_word' id='word_1_232' title='bbox 352 3617 429 3684; x_wconf 75' lang='lat' dir='ltr'>..De</span> <span class='ocrx_word' id='word_1_233' title='bbox 448 3618 757 3692; x_wconf 61' lang='lat' dir='ltr'>mustacem</span> <span class='ocrx_word' id='word_1_234' title='bbox 779 3618 1105 3708; x_wconf 65' lang='lat' dir='ltr'>dbpmutonitua-</span> 
     </span>
    </p>
   </div>
   <div class='ocr_carea' id='block_1_5' title="bbox 17 3863 1382 4438">
    <p class='ocr_par' dir='ltr' id='par_1_6' title="bbox 17 3863 1382 4426">
     <span class='ocr_line' id='line_1_27' title="bbox 17 3863 1382 4134; baseline -0.001 -57"><span class='ocrx_word' id='word_1_235' title='bbox 17 4013 19 4026; x_wconf 78' lang='lat'>‘</span> <span class='ocrx_word' id='word_1_236' title='bbox 99 3863 362 4114; x_wconf 57' lang='grc' dir='ltr'><strong>ΕΟΝΤΙΝΕΙΤ</strong></span> <span class='ocrx_word' id='word_1_237' title='bbox 383 3991 588 4134; x_wconf 70' lang='lat' dir='ltr'>quaudoque,</span> <span class='ocrx_word' id='word_1_238' title='bbox 604 4023 641 4078; x_wconf 93' lang='lat' dir='ltr'>ut</span> <span class='ocrx_word' id='word_1_239' title='bbox 654 4017 677 4080; x_wconf 83' lang='lat' dir='ltr'>t</span> <span class='ocrx_word' id='word_1_240' title='bbox 688 4013 833 4098; x_wconf 87' lang='lat' dir='ltr'>generali</span> <span class='ocrx_word' id='word_1_241' title='bbox 847 4011 1019 4097; x_wconf 84' lang='lat' dir='ltr'>disciplina</span> <span class='ocrx_word' id='word_1_242' title='bbox 1031 4011 1150 4098; x_wconf 89' lang='lat' dir='ltr'>legum,</span> <span class='ocrx_word' id='word_1_243' title='bbox 1166 4009 1285 4096; x_wconf 78' lang='lat' dir='ltr'>quibus</span> <span class='ocrx_word' id='word_1_244' title='bbox 1295 4019 1382 4076; x_wconf 88' lang='lat' dir='ltr'>certo</span> 
     </span>
     <span class='ocr_line' id='line_1_28' title="bbox 17 4102 1381 4213; baseline -0.001 -29"><span class='ocrx_word' id='word_1_245' title='bbox 17 4185 19 4194; x_wconf 73' lang='grc'>,</span> <span class='ocrx_word' id='word_1_246' title='bbox 96 4102 287 4213; x_wconf 64' lang='lat' dir='ltr'>pomparum</span> <span class='ocrx_word' id='word_1_247' title='bbox 301 4108 410 4206; x_wconf 82' lang='lat' dir='ltr'>generi</span> <span class='ocrx_word' id='word_1_248' title='bbox 432 4119 581 4208; x_wconf 84' lang='lat' dir='ltr'>conjugio</span> <span class='ocrx_word' id='word_1_249' title='bbox 605 4118 825 4186; x_wconf 87' lang='lat' dir='ltr'>contrahendo</span> <span class='ocrx_word' id='word_1_250' title='bbox 845 4119 1080 4204; x_wconf 89' lang='lat' dir='ltr'>interdicitur,&#39;</span> <span class='ocrx_word' id='word_1_251' title='bbox 1072 4130 1116 4184; x_wconf 83' lang='lat' dir='ltr'>tta</span> <span class='ocrx_word' id='word_1_252' title='bbox 1141 4117 1381 4202; x_wconf 80' lang='lat' dir='ltr'>postulantibus</span> 
     </span>
     <span class='ocr_line' id='line_1_29' title="bbox 17 4220 1379 4336; baseline -0.002 -49"><span class='ocrx_word' id='word_1_253' title='bbox 17 4233 18 4306; x_wconf 83' lang='lat' dir='ltr'>j</span> <span class='ocrx_word' id='word_1_254' title='bbox 97 4221 297 4336; x_wconf 80' lang='lat' dir='ltr'>singularibus</span> <span class='ocrx_word' id='word_1_255' title='bbox 311 4248 485 4320; x_wconf 76' lang='lat' dir='ltr'>causarum</span> <span class='ocrx_word' id='word_1_256' title='bbox 510 4226 727 4314; x_wconf 86' lang='lat' dir='ltr'>quarumdam</span> <span class='ocrx_word' id='word_1_257' title='bbox 743 4227 911 4314; x_wconf 82' lang='lat' dir='ltr'>adjunctis,</span> <span class='ocrx_word' id='word_1_258' title='bbox 936 4243 1098 4309; x_wconf 84' lang='lat' dir='ltr'>exaequo</span> <span class='ocrx_word' id='word_1_259' title='bbox 1112 4220 1242 4288; x_wconf 89' lang='lat' dir='ltr'>ctbouo</span> <span class='ocrx_word' id='word_1_260' title='bbox 1258 4237 1379 4302; x_wconf 89' lang='lat' dir='ltr'>eorum,</span> 
     </span>
     <span class='ocr_line' id='line_1_30' title="bbox 17 4312 1381 4438; baseline -0.01 -33"><span class='ocrx_word' id='word_1_261' title='bbox 17 4413 18 4418; x_wconf 6' lang='grc' dir='ltr'>ἵ</span> <span class='ocrx_word' id='word_1_262' title='bbox 96 4331 131 4396; x_wconf 67' lang='lat' dir='ltr'>td</span> <span class='ocrx_word' id='word_1_263' title='bbox 145 4312 220 4433; x_wconf 62' lang='lat' dir='ltr'>quob</span> <span class='ocrx_word' id='word_1_264' title='bbox 231 4339 377 4438; x_wconf 83' lang='lat' dir='ltr'>pertinet,</span> <span class='ocrx_word' id='word_1_265' title='bbox 392 4337 639 4430; x_wconf 80' lang='lat' dir='ltr'>dispensatione,</span> <span class='ocrx_word' id='word_1_266' title='bbox 655 4349 752 4426; x_wconf 87' lang='lat' dir='ltr'>atque</span> <span class='ocrx_word' id='word_1_267' title='bbox 766 4335 970 4422; x_wconf 86' lang='lat' dir='ltr'>indulgentia</span> <span class='ocrx_word' id='word_1_268' title='bbox 983 4335 1159 4401; x_wconf 88' lang='lat' dir='ltr'>recedatur.</span> <span class='ocrx_word' id='word_1_269' title='bbox 1201 4329 1306 4402; x_wconf 74' lang='lat' dir='ltr'>Qua·</span> <span class='ocrx_word' id='word_1_270' title='bbox 1297 4347 1332 4393; x_wconf 88' lang='grc' dir='ltr'>ιιι</span> <span class='ocrx_word' id='word_1_271' title='bbox 1345 4344 1381 4393; x_wconf 85' lang='lat' dir='ltr'>re</span> 
     </span>
    </p>
   </div>
   <div class='ocr_carea' id='block_1_6' title="bbox 17 4408 1380 4598">
    <p class='ocr_par' dir='ltr' id='par_1_7' title="bbox 17 4408 1380 4598">
     <span class='ocr_line' id='line_1_31' title="bbox 17 4408 1380 4598; baseline -0.004 -89"><span class='ocrx_word' id='word_1_272' title='bbox 17 4433 18 4438; x_wconf 61' lang='grc'>’</span> <span class='ocrx_word' id='word_1_273' title='bbox 95 4408 270 4532; x_wconf 79' lang='lat' dir='ltr'>autplices</span> <span class='ocrx_word' id='word_1_274' title='bbox 283 4457 361 4517; x_wconf 84' lang='lat' dir='ltr'>suut</span> <span class='ocrx_word' id='word_1_275' title='bbox 384 4434 572 4534; x_wconf 84' lang='lat' dir='ltr'>disputandi</span> <span class='ocrx_word' id='word_1_276' title='bbox 586 4467 716 4514; x_wconf 74' lang='lat' dir='ltr'>musae</span> <span class='ocrx_word' id='word_1_277' title='bbox 758 4445 804 4514; x_wconf 79' lang='lat' dir='ltr'>Et</span> <span class='ocrx_word' id='word_1_278' title='bbox 817 4445 1214 4598; x_wconf 43' lang='lat' dir='ltr'>prich‘gssteelrnrttffium</span> <span class='ocrx_word' id='word_1_279' title='bbox 1227 4439 1262 4507; x_wconf 89' lang='lat' dir='ltr'>iu</span> <span class='ocrx_word' id='word_1_280' title='bbox 1276 4437 1380 4505; x_wconf 87' lang='lat' dir='ltr'>onmi-</span> 
     </span>
    </p>
   </div>
   <div class='ocr_carea' id='block_1_7' title="bbox 0 0 1588 4982">
    <p class='ocr_par' dir='ltr' id='par_1_8' title="bbox 0 0 1588 4982">
     <span class='ocr_line' id='line_1_32' title="bbox 0 0 1588 4982; baseline 0 4"><span class='ocrx_word' id='word_1_281' title='bbox 0 0 1588 4982; x_wconf 95' lang='lat' dir='ltr'> </span> 
     </span>
    </p>
   </div>
  </div>
 </body>
</html>
