3276 4984
128 425 174 468 ns
190 423 353 470 vunosar
370 393 600 472 usuaruourr
617 425 843 472 enarramus
861 427 902 472 ru
917 427 1137 486 aaarnruon,
1153 426 1289 485 neuun,
1305 405 1371 474 &a
1392 407 1434 471 25

126 539 216 621 apud
232 539 418 605 Ecclesiam
449 542 591 626 stabilita
619 561 760 625 superna
788 541 1021 620 bencdictione,
1046 541 1147 623 juxta
1161 539 1307 622 phrasim
1322 539 1439 602 'Pertu-

126 646 206 710 liani
216 649 288 731 jam
303 652 452 732 superius
468 650 692 730 laudaticum
708 651 951 714 matrimonium
967 661 1166 729 memoraret,
1183 647 1271 732 quod
1286 649 1439 714 Ecclesia

127 759 290 839 mutiat,
308 760 481 844 confimat
495 762 620 840 oblatio,
638 762 792 844 obsignat
809 761 997 839 benedictio,
1012 759 1137 841 Augelr'
1150 757 1354 868 renuntient,
1371 754 1439 818 Pa·

129 873 178 930 ter
193 867 263 930 RA
273 867 391 933 TUM
398 870 502 934 babet.

169 978 339 1062 Equidem
354 981 457 1061 video,
487 981 779 1064 perspectissimam
801 1000 872 1068 esse
896 999 972 1058 rem,
996 997 1081 1060 quae
1107 976 1231 1060 passim
1255 973 1316 1036 sub
1330 969 1441 1034 oculos
1520 1052 1521 1056 Ἰ

129 1087 270 1166 ponitur,
285 1105 363 1150 cum
377 1087 502 1168 dicitur,
518 1088 694 1172 aliquando
708 1089 897 1172 conjugium
919 1106 989 1150 essa
1015 1097 1048 1150 et
1072 1085 1262 1168 legitimum,
1278 1093 1309 1144 et
1324 1091 1439 1161 ratum;
1539 1111 1540 1115 ¹

129 1196 215 1278 quod
233 1198 367 1278 scilicet,
382 1209 415 1262 et
433 1201 530 1284 Juxta
554 1199 702 1284 publicas
727 1201 815 1284 legas
830 1210 1034 1264 contractum
1060 1198 1109 1277 sit,
1124 1209 1157 1260 et
1170 1193 1372 1262 Sacrameuti
1385 1192 1443 1254 ha·

129 1308 228 1370 beant
242 1307 446 1392 dignitatatem
463 1310 540 1374 item
554 1329 631 1374 cum
646 1309 771 1390 dicitur,
787 1328 859 1374 asse
889 1308 1072 1390 legitimum
1087 1317 1226 1384 tantum,
1242 1323 1308 1368 non
1323 1311 1441 1380 ratum3

130 1413 218 1496 quod
233 1415 357 1480 scilicet
372 1416 498 1499 legibus
526 1419 665 1500 publicis
691 1418 871 1483 civitatum
885 1399 1154 1482 'consentaneum
1185 1415 1234 1493 sit,
1262 1411 1319 1476 sed
1334 1411 1388 1474 vel
1402 1409 1443 1474 ob

130 1537 290 1602 personae
305 1520 477 1604 defectum,
492 1525 545 1588 vel
559 1525 601 1588 ob
615 1525 696 1590 alias
725 1547 844 1592 causas
873 1527 1125 1592 Sacramentum
1153 1543 1224 1588 essa
1252 1541 1318 1608 non
1334 1519 1443 1604 possit.

130 1633 176 1696 At
198 1652 276 1696 vero
301 1651 379 1698 oum
408 1634 551 1716 traditur,
582 1634 757 1718 aliquando
788 1647 896 1700 ratum
910 1655 994 1716 esse,
1009 1654 1077 1700 nou
1099 1633 1289 1716 legitimum,
1300 1633 1395 1714 juvat
1410 1627 1445 1694 id

133 1740 230 1823 paulo
246 1759 325 1806 cum
340 1743 447 1822 latius,
470 1752 540 1806 turn
554 1743 673 1808 clarius
701 1743 873 1826 explicare.
931 1743 989 1808 Ex
1003 1743 1052 1822 iis,
1078 1761 1162 1823 quae
1185 1742 1240 1824 jus
1269 1737 1364 1800 civile
1378 1755 1445 1800 nou

130 1849 289 1932 probavit,
305 1849 469 1931 quaedam
484 1861 560 1914 sunt
573 1851 706 1914 omniuo
720 1851 877 1914 damnata
897 1850 953 1931 ita,
970 1860 1007 1914 ut
1021 1848 1151 1914 nullum
1165 1846 1298 1910 omnino
1313 1845 1446 1908 sortian-

131 1971 183 2022 tur
198 1959 364 2043 eflectum3
381 1959 545 2044 quaedam
559 1971 678 2040 autem,
695 1981 781 2043 quae
797 1960 871 2023 licet
896 1979 962 2024 nou
977 1959 1110 2024 omniuo
1125 1957 1257 2040 probata
1272 1955 1344 2034 sint,
1359 1971 1447 2016 eam·

130 2085 195 2150 que
208 2068 254 2130 ob
268 2087 336 2132 rem
350 2070 439 2132 cirili
454 2069 571 2136 effectu
585 2082 723 2151 careant,
740 2071 772 2136 in
790 2089 851 2134 sua
866 2079 976 2132 tamen
992 2067 1102 2130 adhuc
1117 2081 1235 2134 natura
1255 2064 1445 2144 consistunt,

130 2195 169 2239 ac
183 2177 213 2240 si
227 2176 318 2260 apud
333 2178 499 2243 Romanos
513 2180 601 2244 cives
617 2199 682 2244 non
698 2190 879 2262 agerentur.
903 2179 967 2242 Est
984 2178 1070 2244 haec
1085 2178 1244 2261 generalis
1259 2175 1448 2259 pactionum

131 2285 360 2352 universarum
374 2286 528 2368 doctrina,
544 2308 683 2371 quarum
698 2289 829 2370 aliquae
843 2289 972 2371 penitus
997 2298 1187 2352 evertuntur
1212 2287 1350 2370 positiva
1365 2283 1446 2368 lege,

129 2399 271 2484 alicujus
287 2399 405 2482 populi,
422 2399 574 2482 velquod
597 2401 706 2464 minus
734 2400 898 2478 honestae,
915 2398 969 2462 vel
997 2397 1085 2480 quod
1116 2397 1330 2481 Reipublicae
1346 2394 1448 2478 perui·

129 2508 238 2570 ciosae
254 2505 436 2589 videantur3
454 2508 537 2570 aliae
551 2513 571 2572 e
585 2508 745 2570 contrario
756 2525 968 2588 quamquam
980 2525 1047 2570 non
1058 2506 1190 2568 omuino
1201 2507 1364 2589 juventur,
1380 2521 1448 2566 sua

129 2615 306 2692 tineentur,
321 2613 408 2695 quod
435 2625 529 2694 certa,
555 2618 627 2700 jure
657 2616 794 2698 publico,
828 2616 1027 2701 praestituta
1056 2591 1160 2680 sonna
1185 2613 1357 2676 destitutae
1386 2613 1450 2694 sint

127 2725 243 2788 adhuc
260 2736 370 2788 tamen
384 2729 567 2792 naturalem
593 2729 822 2812 obligationem
854 2728 1025 2807 inducunt,
1053 2726 1139 2809 quod
1155 2745 1221 2790 nou
1238 2728 1303 2788 sint
1317 2727 1449 2788 omnino

128 2842 320 2918 damnatae,
335 2843 532 2923 eaedemque
562 2844 692 2924 proprie·
713 2852 809 2924 pacta
839 2840 931 2904 nuda
960 2840 1174 2923 appellantur.
1219 2837 1449 2904 Accommode·

129 2969 205 3012 mus
220 2948 370 3030 regulam
384 2949 607 3029 matrimoniis,
637 2969 725 3031 quae
755 2969 834 3012 sane
850 2959 882 3012 et
913 2950 985 3032 ipsa
1003 2950 1161 3032 pactione,
1190 2951 1258 3012 sive
1288 2969 1465 3014 consensu*

129 3060 297 3124 ineuntur.
339 3058 442 3122 Juxta
455 3060 605 3142 conjugia
620 3070 704 3139 sunt,
720 3079 806 3140 quaa
821 3058 863 3122 ad
879 3059 1006 3141 ,legum
1025 3059 1238 3142 publicarum
1269 3060 1451 3122 sanctiones

129 3165 363 3246 undecumque
373 3175 489 3228 exacta
498 3164 795 3248 deprehenduntur.
819 3167 872 3232 Ad
887 3169 1081 3252 injustorum
1091 3169 1314 3252 conjugiorum
1326 3168 1450 3250 duplex

129 3291 179 3342 est
194 3279 330 3362 species:
347 3276 412 3340 alia
426 3277 514 3344 euim
529 3276 602 3340 licet
618 3277 748 3360 injusta,
766 3275 876 3340 adhuc
892 3287 1003 3340 tamen
1027 3278 1180 3360 conjugia
1194 3287 1280 3356 suut,
1296 3277 1451 3340 nimirum

130 3389 208 3452 binc
223 3405 291 3450 nou
306 3385 462 3451 habentia
475 3405 589 3450 omues
606 3386 726 3468 publici
737 3387 819 3470 juris
849 3385 993 3467 effectus,
1010 3386 1100 3450 illinc
1129 3405 1196 3450 non
1210 3389 1345 3450 omniuo
1361 3386 1451 3452 dam-

130 3511 216 3576 nata‚
232 3496 331 3578 quasi
346 3513 433 3558 mero
461 3505 596 3558 naturae
607 3495 678 3577 jure
707 3495 900 3559 consistant.
943 3497 1172 3567 Quamobrem
1189 3496 1272 3560 belle
1287 3497 1451 3580 Ulpianus

131 3607 165 3668 iu
194 3605 214 3667 l.
249 3602 298 3666 13.
330 3605 351 3669 i.
384 3601 421 3681 1,
447 3603 560 3685 juncto
590 3605 611 3670 i.
641 3602 671 3668 4.
701 3601 734 3664 ff.
765 3603 806 3666 de
835 3604 895 3686 leg.
926 3603 991 3669 Jul.
1035 3604 1075 3667 de
1104 3604 1215 3686 adult,
1246 3617 1308 3668 tres
1338 3608 1451 3671 mulia

133 3733 203 3777 rum
218 3711 344 3792 species
360 3709 522 3788 indicavit,
553 3729 688 3774 uxorem
700 3711 839 3793 justam,
869 3727 1004 3776 uxorem
1034 3711 1197 3795 injustam,
1215 3725 1247 3774 ct
1261 3732 1343 3792 earn,
1366 3733 1451 3794 quae

134 3838 213 3882 uxor
242 3837 306 3880 nec
333 3817 406 3895 dici,
437 3835 496 3880 nec
525 3837 602 3882 esse*
624 3829 738 3902 potest,
771 3829 808 3882 ut
838 3822 872 3882 iu
902 3837 1004 3883 rrxore
1032 3821 1209 3905 sivejusta,
1240 3823 1309 3884 sive
1332 3824 1452 3906 injusta

134 3925 329 3989 adulterium
349 3925 610 4004 committeretur,
640 3943 706 3988 non
735 3925 770 3990 in
798 3945 847 4007 ea,
880 3945 970 4009 quae
998 3929 1150 4009 quamvis
1180 3929 1287 4008 ducta,
1319 3941 1396 4011 puta
1410 3930 1451 3994 ob

132 4036 453 4119 consanguinitatem
480 4055 540 4102 uec
569 4037 638 4101 dixi
668 4057 759 4117 uxor,
789 4057 850 4106 uec
879 4059 951 4102 esse
979 4050 1093 4122 potest:
1109 4051 1141 4102 et
1169 4040 1303 4122 quando
1331 4042 1452 4124 injusta

132 4169 213 4213 uxor
228 4149 341 4212 adhuc
354 4148 399 4212 ab
412 4168 460 4229 aa,
486 4167 570 4232 quaa
600 4169 661 4214 uec
690 4149 816 4230 dicitur,
845 4171 910 4216 nec
940 4163 989 4214 est
1019 4171 1110 4232 uxor,
1137 4153 1354 4237 distinguitur,
1377 4153 1451 4234 quis

129 4255 269 4319 inficiari
284 4265 395 4336 potest,
412 4256 566 4338 injustam
591 4277 723 4322 uxorem
750 4258 822 4338 dici,
848 4279 933 4342 quae
962 4260 1091 4343 legibus
1113 4261 1272 4326 Romanis
1287 4281 1368 4326 uxor
1383 4283 1450 4330 non

131 4366 279 4446 babetur,
299 4383 381 4428 uxor
396 4375 506 4428 tamen
522 4367 646 4448 proprie
661 4379 713 4429 est
727 4368 869 4430 naturali
889 4369 960 4452 jure
982 4367 1070 4449 quod
1092 4367 1232 4450 positiva
1247 4368 1300 4432 lex
1316 4367 1449 4436 minime

131 4473 363 4543 immutaverit.
383 4553 389 4562 ¹
407 4473 571 4558 Exempla
585 4473 757 4558 perspicua
771 4487 856 4542 sunt
900 4479 1013 4628 QuiriF
1019 4477 1114 4625 cuimI
1115 4479 1160 4626 1ῗί
1176 4477 1268 4625 sergi,
1284 4488 1342 4544 aut
1356 4499 1446 4564 pere.

1017 4584 1074 4626 cru.
1150 4600 1201 4624 .-
1242 4609 1248 4624 .
