3276 4984
326 419 457 470 sturnus
476 403 531 468 Π
552 423 676 468 onusta
700 421 894 471 evonenus
917 421 1199 470 ntflsouvtrrrun.
1375 399 1418 466 87

26 569 28 638 L
126 543 379 626 lltqnamqnam
393 543 474 627 siut,
489 525 545 627 qni
571 555 691 628 putent,
718 543 987 626 distinguendum
1009 543 1118 608 adhuc
1144 563 1214 606 esse
1239 543 1422 612 intersum

26 657 27 664 ’
125 671 284 736 sponsum,
299 653 357 734 qui
371 653 566 734 praecedens
578 673 722 738 sponsae
734 653 859 718 crimen
874 653 1052 735 ignorabat,
1065 663 1097 716 et
1111 672 1197 731 eum,
1210 652 1266 733 qui
1282 665 1422 734 noverat,

125 760 150 822 si
169 771 278 823 tamen
302 759 407 823 verbis
420 761 588 826 Innocenti
605 763 804 839 insistamus,
828 777 894 826 nou
910 771 1003 826 erunt
1027 738 1212 850 buiusmodi
1237 759 1424 833 discrimina

124 869 329 952 admittendae
356 872 419 935 nisi
433 871 510 935 forte
532 893 574 936 ex
598 893 636 935 eo
651 873 786 936 crimina
813 871 957 938 imiamis
978 891 1097 956 sponsa
1122 872 1208 938 sacta
1222 871 1325 951 luerit,
1338 893 1423 954 quse

125 999 198 1044 sane
213 979 368 1042 infamiae
382 992 460 1044 nota
474 1001 576 1064 quum
602 991 761 1066 perpetua
777 982 826 1060 sit,
841 981 1014 1047 honesturn
1028 983 1134 1046 virum
1143 983 1215 1064 jura
1225 983 1349 1062 optimo
1363 981 1427 1061 dier

123 1091 255 1157 trahite
270 1091 326 1155 tali
341 1111 441 1156 uxore
456 1091 615 1172 discenda,
631 1113 732 1176 quem
747 1093 920 1157 honestam
940 1092 1082 1175 putabat
1126 1091 1251 1156 Potiore
1264 1111 1343 1154 sane
1352 1092 1425 1176 jure

124 1202 295 1288 sponsalia,
310 1214 343 1265 et
361 1203 494 1286 quidem
508 1225 549 1268 ex
563 1221 654 1288 parte
679 1207 844 1286 utriusque
859 1205 968 1288 sponsi
990 1203 1218 1282 dissolvuntur,
1234 1223 1338 1286 quum
1349 1216 1424 1288 post

123 1307 189 1400 ¹pen
205 1317 394 1398 supervenit
408 1314 548 1379 alterutri
572 1315 726 1400 adfinitas
739 1333 781 1378 ex
803 1315 972 1378 inhonesto
986 1315 1081 1394 coitu,
1097 1314 1373 1396 quemadmodum
1388 1316 1423 1380 in

122 1445 156 1487 sa
172 1425 292 1508 speeie,
307 1443 372 1506 qna
386 1443 523 1508 sponsus
536 1443 677 1509 sponsae
691 1426 790 1488 sorori
812 1424 1044 1502 comissaretur,
1059 1443 1129 1488 can.
1146 1423 1206 1504 31,
1222 1435 1254 1490 et
1267 1425 1317 1488 32
1332 1443 1425 1490 cans.

123 1535 317 1617 aequalest.
343 1535 380 1612 1,
395 1553 444 1596 res
457 1534 544 1600 enirn
569 1533 701 1596 devenit
719 1532 763 1598 ad
786 1551 864 1596 etms
876 1551 1000 1612 casum,
1027 1549 1092 1612 quo
1105 1529 1250 1597 contrabi
1277 1531 1358 1596 inter
1371 1529 1428 1594 ad·

125 1645 203 1710 lines
217 1644 461 1708 matrimonium
476 1645 596 1727 nequit.
639 1645 765 1723 Fateor,
783 1645 825 1707 ob
843 1643 1121 1727 supervenientem
1143 1641 1346 1710 adfinitatem
1362 1659 1427 1708 non

128 1751 235 1817 dirimi
259 1751 501 1816 matrimonium
521 1755 590 1838 jam·
605 1763 815 1833 contractum
842 1751 899 1814 sed
926 1751 1065 1829 facilius
1085 1769 1185 1833 qnam
1200 1751 1350 1836 conjugia
1365 1753 1428 1818 dis

127 1859 207 1921 solvi
233 1857 400 1940 sponsalia
414 1877 508 1922 nemo
530 1861 665 1942 ignoras
682 1847 727 1922 et'
739 1845 864 1922 srrffioit
878 1859 920 1921 ad
947 1857 1153 1922 dissolvenda
1178 1861 1350 1944 sponsalia,
1366 1861 1430 1932 tul'c

125 1967 217 2052 obiici
233 1965 509 2049 impedimentum,
525 1966 613 2048 qnod
627 1965 850 2030 contrahendo
877 1967 1083 2030 matrimonio
1093 1968 1187 2048 obsit,
1203 1969 1277 2034 litet
1291 1981 1429 2040 oontrnc.

125 2089 194 2142 tum
219 2095 288 2138 non
303 2074 441 2138 dirimat
481 2075 566 2138 Sunt
589 2073 812 2152 nihilominus,
825 2073 882 2155 qrti
908 2073 1017 2138 farore
1042 2075 1222 2141 innocentis
1247 2077 1365 2157 sponsi,
1381 2077 1427 2145 itu

125 2183 291 2268 sponsalia
305 2183 473 2245 subsistere
487 2182 608 2264 opinati
625 2193 711 2263 sunt,
726 2191 762 2245 ut
781 2191 929 2244 teneatur
944 2201 1017 2244 reus
1032 2181 1073 2244 ad
1089 2181 1360 2274 dispensationem
1375 2205 1428 2269 pe.

125 2291 260 2354 tendam
273 2297 295 2355 s
310 2291 413 2372 posito
437 2289 674 2373 impedimento,
691 2309 806 2358 rerum
834 2291 917 2358 haec
931 2289 1012 2362 mihi
1031 2287 1180 2357 videntur
1205 2289 1302 2355 nimis
1313 2269 1429 2364 {abhor-

124 2419 191 2464 rere
205 2405 227 2464 a
243 2407 330 2462 recta
343 2399 514 2467 aaronem
528 2397 710 2482 disciplina,
726 2393 792 2465 uisi
805 2397 885 2466 torte
900 2417 941 2464 er
962 2399 1123 2480 inquitate
1137 2400 1299 2482 quaedam
1314 2419 1428 2482 rerum,

26 2559 27 2568 ,
124 2529 345 2596 pomonarum,
362 2529 419 2572 sen
433 2527 605 2574 carnarum
630 2508 784 2592 adjuncta
799 2507 927 2589 aliquid
942 2507 977 2572 in
992 2527 1032 2572 aa
1046 2527 1079 2573 ra
1094 2507 1309 2576 relaxandum
1323 2519 1429 2594 postu·

123 2621 198 2700 lent,
213 2617 306 2702 quod
321 2617 484 2701 prudentis
502 2615 627 2701 judicis
640 2615 769 2680 arbitrio
794 2615 969 2698 reliquitur.
1012 2615 1179 2680 Praeterea
1196 2625 1299 2680 mores
1314 2617 1429 2682 alteru·

124 2731 203 2793 ttius
217 2728 330 2810 sponsi
355 2727 500 2810 corrupti,
515 2744 555 2789 ac
569 2725 685 2790 mutati
701 2725 849 2789 dicentur
872 2725 917 2790 ad
930 2725 1139 2790 dissolvenda
1164 2725 1334 2810 sponsalia,
1350 2747 1427 2812 quo·

26 2857 27 2864 ¹
124 2836 183 2898 ties
197 2834 280 2898 alter
296 2833 437 2896 alterins
450 2833 526 2896 odia
545 2834 579 2897 in
594 2851 629 2896 se
644 2853 699 2916 per
723 2833 874 2918 injuriam
898 2835 1089 2916 provocavit.
1132 2835 1240 2918 Atque
1265 2833 1300 2900 id
1314 2855 1427 2904 rerum

124 2955 181 3025 est,
209 2945 240 3008 si
264 2945 300 3008 in
325 2943 484 3008 haeresim
506 2943 657 3010 alteruter
679 2945 809 3025 incidat,
830 2945 992 3028 siquidem
1016 2947 1082 3010 hue
1104 2947 1272 3012 commode
1296 2948 1430 3016 refertur

125 3053 322 3119 Sanctorum
335 3053 471 3118 Patnun
485 3055 652 3136 sententia,
667 3073 733 3137 qna
757 3053 921 3135 docemur,
935 3055 1121 3137 haereticos,
1136 3069 1167 3121 et
1186 3057 1334 3124 infideles
1348 3061 1429 3124 inter

26 3183 27 3190 ¹
126 3159 313 3226 irmiearios
327 3161 490 3242 recenseri,
505 3181 576 3226 carr.
601 3163 639 3242 5,
655 3163 731 3226 aa
745 3181 833 3226 caus.
848 3163 899 3226 aa
922 3182 953 3246 q.
971 3163 998 3227 1.
1042 3163 1126 3227 Item
1139 3183 1252 3228 rernm
1267 3175 1323 3245 est,
1340 3166 1366 3229 si
1381 3165 1428 3229 al·

26 3359 27 3362 ¹
127 3277 243 3334 terutsr
257 3270 368 3334 minus
382 3269 553 3336 honestam
567 3271 669 3337 vitam
684 3269 790 3350 diseat,
805 3291 890 3354 quae
904 3293 946 3338 ex
966 3274 1057 3358 turpi,
1075 3287 1105 3338 et
1119 3275 1283 3359 impudica
1297 3295 1426 3342 conver·

26 3371 28 3432 ἶ
128 3379 250 3446 anone
274 3377 563 3462 dipensationis.
589 3399 670 3444 vers.
692 3381 762 3445 His
786 3381 873 3448 ittae
886 3381 955 3444 cod.
982 3380 1022 3444 de
1048 3383 1230 3464 sponsalib,
1254 3383 1426 3466 insupersi

26 3537 27 3584 4
127 3487 276 3554 aloerurm
291 3485 355 3550 talc
379 3487 501 3551 crimen
516 3487 673 3568 admittat,
700 3487 788 3552 unde
809 3488 962 3552 reddatur
976 3487 1115 3554 infamis:
1135 3500 1261 3572 recepte
1276 3491 1362 3553 enim
1378 3500 1427 3554 est

26 3585 28 3598 ¹
129 3596 225 3661 veluti
249 3596 363 3678 regula
377 3595 543 3678 genomis,
569 3615 684 3678 graves
699 3597 779 3660 istas
803 3617 929 3664 morum
955 3597 1157 3676 mutationes,
1183 3597 1267 3659 sient
1281 3605 1316 3660 ut
1330 3597 1427 3680 pluri·

129 3725 215 3774 mum
229 3709 266 3772 in
281 3705 494 3773 matrimoniis
518 3705 691 3772 concreatis
705 3705 884 3770 divertendi
909 3691 1061 3789 praebent
1085 3704 1267 3787 legitimum
1281 3725 1424 3784 causam,

129 3817 170 3880 ita
182 3836 322 3882 causam
348 3815 499 3899 praebere
513 3814 715 3898 sponsalium
740 3813 871 3878 vinculo
901 3811 1114 3890 dissolvendo,
1140 3810 1227 3892 qnod
1242 3830 1320 3875 sane
1335 3831 1427 3894 argu·

26 3979 27 3988 ,
130 3925 333 3991 mentatiouis
356 3943 462 4007 genus
476 3923 685 3988 Innocentius
709 3921 771 3986 ΠΙ.
785 3921 915 3986 admisit
930 3923 964 3986 in
989 3921 1073 3984 dicto
1088 3941 1157 4003 cap.
1172 3921 1223 3984 25.
1245 3919 1286 3984 de
1296 3921 1425 4006 jruejur.

129 4033 347 4119 inprincipio.
390 4033 476 4096 Hinc
491 4036 587 4096 etiarn
602 4032 629 4095 si
655 4031 730 4094 talis
755 4031 873 4094 eradat
887 4033 996 4114 sponsi
1020 4031 1183 4114 asperitas,
1204 4031 1257 4094 vel
1281 4029 1424 4108 saevitia,

129 4156 239 4212 utnon
254 4145 318 4209 nisi
334 4143 524 4209 miserabilis
549 4143 668 4228 sperari
679 4145 781 4228 possit
794 4144 965 4207 contractis
979 4144 1100 4226 nuptiis
1125 4161 1261 4226 sponsae
1275 4139 1424 4221 conditio,

129 4268 181 4315 our
194 4271 334 4336 sponsae
358 4269 425 4315 non
439 4249 633 4314 concedetur
656 4250 690 4314 in
712 4251 889 4314 libertatem
915 4249 1122 4332 proclamare,
1148 4246 1288 4330 quando,
1303 4247 1331 4311 si
1345 4239 1427 4332 nup

132 4360 186 4424 tiss
199 4361 420 4441 contraxisset,
442 4361 513 4446 jure
527 4359 682 4424 divertere
696 4359 819 4444 posset?
840 4377 911 4442 cap.
928 4359 974 4423 ld
991 4360 1025 4424 in
1047 4357 1112 4422 fine
1126 4359 1167 4421 de
1188 4357 1284 4420 restit.
1300 4355 1427 4439 spoliat·
1522 4379 1525 4404 ¹

134 4467 243 4554 iisqne
256 4471 453 4539 emmaum
476 4471 603 4554 probari
618 4479 722 4554 potest
734 4489 779 4534 ex
802 4485 874 4552 cap.
889 4469 918 4532 5.
933 4467 989 4552 qui
1004 4467 1076 4532 cler.
1092 4466 1144 4530 val
1160 4483 1241 4546 vor,
1256 4484 1298 4530 ex
1313 4485 1377 4548 quo
1392 4465 1427 4532 li-
