3210 4990
151 420 194 467 ne
217 419 274 482 rrs,
295 421 357 471 aur
382 420 531 468 urruns
549 417 752 466 couruorcu
774 415 1021 466 courasneee
1040 377 1252 464 'secusdum
1320 389 1404 496 163¹

23 543 24 564 ³
101 541 286 608 detererem
308 553 366 624 est,
387 542 548 608 Isidorum
572 531 801 624 Hispalensem
825 536 962 604 indicto
978 537 1096 622 cap.3.
1111 536 1316 619 dedespons.
1332 534 1391 600 im·

23 717 24 720 ¹
100 647 190 730 puber.
206 649 378 733 scripsisse,
392 649 528 732 puberes
543 666 586 712 ex
608 646 723 712 babitu
750 644 891 728 corporis
921 643 1087 728 appellari.
1131 642 1253 708 Verum
1280 641 1388 721 miror,

99 755 171 836 quod
184 756 261 820 hinc
276 767 468 840 argumenta
482 762 503 822 a
516 755 594 818 viris
609 753 786 818 dialecticis
801 750 1001 834 proferantur
1017 753 1051 818 in
1081 750 1239 832 medians
1270 750 1391 814 etenim

99 860 170 940 quod
184 861 304 926 ibIdem
320 861 449 926 tradidit
463 861 615 940 Isidorus,
641 861 777 943 pertinet
789 859 833 922 ad
861 859 1040 942 simplicem
1054 859 1195 922 nomInis
1211 857 1389 940 etgymolo·

99 970 179 1052 giam,
193 991 295 1054 quam
310 986 444 1038 sanctus
457 974 506 1036 vir
519 971 710 1055 avplicabat,
736 970 777 1034 de
798 969 1030 1034 vocabulorum
1044 969 1245 1034 derivatione
1260 979 1390 1032 tantum

100 1077 247 1160 sollicitus,
264 1099 330 1148 uon
346 1099 421 1144 vero
449 1080 492 1144 ad
519 1080 601 1163 juris
629 1079 772 1156 effectus,
799 1077 917 1160 quibus
943 1077 1023 1140 ratio
1052 1075 1223 1140 baberetur
1251 1073 1394 1156 conjugii

99 1185 302 1266 contrahendi,
319 1185 491 1268 dequibus
520 1185 663 1250 Isidorus
687 1185 821 1250 minime
846 1185 972 1268 agebat.
1015 1182 1110 1248 Adde
1125 1183 1184 1263 his,
1212 1201 1277 1246 non
1292 1181 1394 1246 luisse

99 1309 263 1379 compertas
284 1299 456 1362 Jestiniani
485 1299 572 1380 leges
602 1297 732 1376 Isidoro,
763 1307 873 1378 utpote
902 1296 961 1377 qui
991 1295 1025 1358 in
1057 1294 1220 1378 Hispania
1248 1293 1393 1374 degebat,

98 1407 303 1490 iuqua'solus
318 1409 569 1473 Theodosianus
583 1408 687 1472 codex
702 1408 943 1485 observabatur,
961 1407 1000 1486 is,
1016 1407 1160 1488 inquam,
1172 1406 1276 1470 codex
1285 1405 1395 1470 Theo·

23 1583 24 1590 ,
98 1514 248 1598 dotianus,
281 1517 317 1582 iu
344 1509 410 1599 quo
438 1517 609 1580 lau'datum
624 1517 813 1598 rescriptum
838 1511 1045 1594 Diocletiani,
1061 1526 1093 1580 et
1108 1516 1297 1580 NaxImiani
1313 1515 1396 1578 desi-

23 1647 24 1672 1
98 1619 265 1702 derabatur,
282 1643 420 1706 eamque
433 1625 475 1688 ob
491 1643 557 1686 ram
571 1623 661 1706 apud
690 1623 855 1714 Hispanos
885 1625 1037 1688 nondum
1067 1635 1135 1686 erat
1166 1623 1296 1705 publica
1325 1624 1397 1706 lege

23 1715 24 1718 '
98 1723 159 1788 finis
172 1728 346 1812 Impositus
360 1729 631 1812 disputationibus
661 1730 900 1807 Cassiunoruur,
917 1741 949 1792 et
983 1729 1278 1813 Proculejunorum.
1321 1731 1397 1796 Nou

98 1831 194 1916 ignoro
208 1847 331 1930 tamen,
347 1838 427 1902 illud
449 1837 625 1920 aliquando
641 1837 674 1902 tn
703 1838 919 1902 ecclesiastico
943 1839 1017 1923 jure
1047 1837 1221 1902 definitum
1236 1839 1345 1918 fuisse,
1363 1851 1400 1904 ut

23 1949 24 2016 j
97 1943 197 2028 sipost
210 1955 379 2010 contracta
393 1946 475 2008 inter
490 1947 634 2028 legitima
657 1956 762 2008 aetate
778 1946 915 2011 minores
930 1946 1092 2031 conjugia,
1109 1946 1202 2008 certis
1224 1963 1394 2028 argumen-

99 2056 130 2118 tis
142 2057 364 2122 demonstrata
377 2055 492 2122 fuisset
506 2059 666 2140 pubertas,
682 2067 761 2139 puta
786 2057 865 2138 quia
888 2057 962 2139 quis
978 2057 1100 2140 prolem
1117 2055 1201 2120 infra
1216 2057 1397 2140 legitirnam

23 2149 24 2156 '
99 2171 224 2226 mntem
239 2161 404 2242 edidisset,
420 2174 477 2228 aut
491 2165 697 2246 suscepisset,
727 2175 911 2228 contractus
941 2163 995 2228 ille
1025 2167 1174 2250 conjugii
1189 2165 1302 2230 firmus
1313 2155 1400 2250 jndi-

23 2331 24 2336 ,
98 2280 218 2348 caretur,
235 2281 432 2352 argumento
445 2290 515 2353 cap.
531 2273 559 2350 6,
576 2283 607 2333 et
636 2271 693 2334 ult.
725 2271 767 2334 de
796 2271 989 2354 desponsat,
1015 2275 1148 2357 impub,
1163 2275 1251 2356 quod
1281 2295 1400 2340 usuve-

23 2387 24 2412 ἱ
98 2373 240 2442 nuatum
256 2375 461 2460 potissimum
483 2379 595 2460 potuit,
610 2377 743 2460 quando
771 2379 975 2444 clandestina
1004 2384 1213 2448 matrimonia
1230 2385 1317 2448 irrita
1333 2405 1400 2452 nou

98 2475 302 2544 habebantur.
345 2480 411 2546 Sed
422 2483 457 2546 hi
473 2483 653 2567 singulares
668 2505 765 2550 casus
791 2487 873 2552 nibil
900 2489 1023 2554 habent
1052 2511 1227 2559 commune
1257 2512 1334 2558 cunr
1349 2514 1403 2578 ge-

23 2581 24 2620 ³
98 2590 188 2654 uerali
202 2591 287 2674 lege,
317 2609 401 2673 quae
416 2593 538 2675 suadet,
555 2615 620 2658 uon
635 2617 706 2660 esse
731 2608 808 2660 ante
836 2611 958 2666 certam
973 2611 1111 2666 aetatem
1128 2606 1338 2672 matrimonia
1352 2626 1402 2670 ce-

23 2709 24 2760 l
99 2693 255 2762 lebranda:
272 2717 378 2783 neque
392 2700 526 2783 ipsemet
540 2703 560 2766 J
563 2703 756 2786 ustiniauus,
772 2707 828 2788 qui
838 2711 977 2774 castitati
989 2729 1124 2778 suorum
1135 2723 1316 2795 temporum
1328 2733 1402 2780 con·

23 2821 24 2884 ss
100 2809 198 2871 venire
213 2809 366 2890 decrevit,
383 2821 419 2874 ut
433 2830 474 2874 ne
488 2831 530 2876 ex
559 2814 674 2880 habitu
698 2819 837 2899 corporis
861 2819 1015 2902 pubertas
1043 2824 1275 2904 aestimaretur,
1291 2825 1403 2910 hujus

23 2969 24 2976 ,
99 2917 176 2982 modi
191 2921 349 3002 conjuges
364 2921 586 2990 dissociandos
601 2945 672 2993 esse
686 2926 829 3008 elisisset,
845 2931 979 3011 quando
998 2943 1121 3000 cenum
1138 2945 1195 3013 est,
1214 2935 1321 3019 ipsum
1331 2937 1405 3007 ''edi-

23 3029 25 3078 t
100 3027 184 3111 risse,
200 3031 236 3094 in
253 3030 317 3094 bac
331 3033 545 3129 generationis
573 3037 706 3104 materie
720 3037 827 3122 legem
841 3041 974 3124 obsequi
1004 3045 1128 3126 debere,
1155 3065 1221 3110 uon
1246 3049 1405 3132 imperare

100 3149 234 3218 naturae,
254 3138 275 3202 l.
293 3141 341 3204 12.
357 3140 427 3206 cod.
442 3141 484 3206 de
513 3142 598 3226 legit
629 3144 768 3226 haered,
793 3149 909 3232 juncta
923 3151 943 3214 1.
959 3152 1010 3216 27.
1036 3153 1106 3218 cod
1122 3154 1163 3218 de
1186 3159 1317 3239 nuptiIs
1361 3159 1403 3224 In

23 3233 24 3296 ἓ
100 3259 269 3332 conspectu
284 3248 401 3314 horum
429 3251 578 3318 omnium
601 3255 673 3336 jure
688 3255 809 3338 optimo
838 3259 1083 3343 concludemds,
1110 3263 1216 3347 legem
1241 3245 1417 3351 conjugia

23 3357 24 3396 l
101 3371 166 3420 rum
178 3357 403 3441 impuberibus
417 3358 538 3426 dictam
552 3360 717 3444 duplicem
739 3363 858 3430 habere
883 3377 1016 3449 partem:
1033 3369 1068 3432 iu
1083 3371 1188 3451 prima
1197 3373 1253 3456 jus
1267 3385 1405 3437 naturae

101 3467 221 3546 versari,
232 3465 323 3548 quod
337 3477 370 3530 et
382 3467 508 3534 consilii
533 3479 690 3552 expertes,
719 3482 751 3538 at
778 3473 922 3538 necdum
950 3493 1080 3558 corpore
1106 3475 1242 3540 idoneos
1255 3483 1277 3544 a
1291 3480 1404 3563 conju·

103 3571 295 3656 giorepellit;
312 3575 347 3638 in
375 3575 520 3640 secunda
543 3579 598 3661 jus
626 3579 802 3660 positivum
827 3584 956 3663 versari,
982 3584 1080 3666 quod,
1107 3605 1148 3648 ex
1164 3587 1304 3650 naturali
1319 3607 1401 3670 qua·

103 3679 171 3746 darn
199 3681 399 3748 verecundia
426 3703 595 3770 corporum
623 3685 820 3769 Inspectione
849 3689 987 3770 sublata,
1015 3701 1104 3754 certa
1132 3702 1276 3774 tempora
1302 3694 1407 3756 deter-

102 3789 241 3872 minavit,
277 3793 397 3874 quibus
432 3793 576 3876 primum
609 3797 837 3862 contrahentes
873 3809 1156 3881 praesumerentur
1193 3802 1331 3884 puberes
1366 3819 1406 3864 ac

23 3937 24 3942 κ
104 3912 263 3983 propterea
276 3901 392 3968 idonei.
437 3904 548 3972 Prima
560 3905 618 3970 illa
632 3927 708 3990 pers
721 3909 862 3993 conjugii
888 3910 1106 3976 substantiam
1135 3925 1267 3996 spectat,
1282 3923 1407 3996 propte-

106 4025 215 4090 reaque
230 4010 389 4076 adrereus
412 4012 505 4078 illam
531 4016 856 4080 contrahentesnihil
871 4029 982 4100 agent·
1021 4020 1132 4108 Altera
1155 4041 1238 4104 pars,
1268 4041 1333 4102 qua
1348 4039 1406 4102 pu-

106 4119 202 4188 bertas
216 4143 377 4206 annorum
391 4145 527 4192 numero
537 4127 734 4212 designatur,
750 4140 902 4194 naturam
917 4129 1052 4212 quidem
1061 4132 1206 4214 seqnitur
1217 4133 1251 4195 in
1264 4133 1311 4210 iis,
1321 4149 1407 4212 quae

23 4315 24 4320 ἵ
107 4227 328 4309 utplurimum
342 4233 545 4317 contingunt,
568 4254 635 4302 non
649 4255 775 4321 semper
803 4248 1004 4302 tamencum
1028 4249 1146 4304 natura
1159 4240 1312 4318 consistit,
1328 4259 1406 4321 quo·

107 4333 189 4402 nitttu
203 4349 322 4406 natura
337 4341 371 4406 in
385 4343 584 4428 quibusdam
606 4345 710 4427 citius,
725 4345 760 4410 iu
774 4347 973 4429 quibusdam
988 4349 1119 4428 tardius,
1135 4359 1167 4412 et
1181 4349 1281 4416 animi
1296 4367 1409 4430 corpo-

23 4473 24 4484 *
108 4441 144 4510 tit
158 4446 241 4514 vires
254 4447 402 4532 absolvit,
417 4461 515 4536 atqua
529 4452 565 4518 in
578 4451 641 4518 hoc
651 4455 898 4538 connaturalis,
910 4455 968 4606 sad
979 4455 1120 4608 pasituilva
1132 4454 1407 4604 Ιὲὂοειωαῐειῑίοφ

961 4560 1019 4606 OM·
1093 4575 1145 4602 ι““““
1188 4584 1195 4602 r

878 4628 893 4662 0
