3276 4984
187 379 229 441 56
543 348 788 444 nisssnrnuro
810 399 984 459 securior,
1008 397 1086 442 car.
1108 377 1134 442 L

183 520 292 604 perius
306 519 459 600 diximus,
475 529 565 604 pater
578 521 678 612 etiarn
692 521 895 604 ignorantem
909 519 1054 604 puellam
1068 517 1257 602 spondebam
1282 527 1316 582 at
1332 527 1417 584 tutor
1430 538 1489 604 pu·

185 629 300 712 pillam
314 649 380 694 non
396 629 488 692 aliter
502 629 660 712 spondere
674 639 808 714 poterat,
825 629 887 694 nisi
902 630 1019 714 etipsa
1034 627 1157 712 pupilla
1171 629 1394 709 consensisset,
1422 627 1442 691 l.
1457 630 1490 692 6.

184 738 218 802 ff.
236 737 275 801 de
290 739 473 820 sponsalib,
489 737 668 824 etquidem
678 741 758 823 Jure,
774 739 843 802 sive
858 737 944 820 quod
962 749 1051 816 tanta
1066 757 1165 820 penes
1181 748 1317 802 tutorem
1331 757 1397 802 non
1422 749 1491 802 erat

181 853 334 928 potestas,
358 857 483 926 quanta
508 865 608 929 penes
624 859 746 932 patrem
772 847 963 928 habebatur,
992 847 1060 909 sive
1075 843 1163 930 quod
1190 847 1302 910 tutoris
1316 847 1491 911 auctoritas

180 951 343 1016 firmando
359 956 467 1036 potius
492 955 620 1040 puellae
634 956 769 1019 consilio
784 975 956 1020 accessura
971 967 1047 1036 erat,
1073 975 1210 1039 eamque
1223 955 1265 1020 ob
1279 976 1347 1021 rem
1361 955 1491 1040 puellae

182 1079 363 1126 consensus
379 1064 606 1145 requirebatur,
634 1064 687 1128 cui
703 1065 816 1128 tutoris
841 1085 1020 1130 consensus
1036 1066 1209 1130 accederet.
1252 1065 1327 1130 Nou
1341 1063 1429 1130 idem
1443 1065 1491 1130 di·

185 1169 328 1234 cendum
343 1181 393 1234 ost
407 1171 447 1234 de
463 1171 664 1240 curatoribus
679 1173 851 1253 minorum,
868 1174 936 1236 sive
951 1173 1178 1252 masculorum,
1202 1169 1271 1265 sive
1286 1171 1489 1254 feminarum,

157 1265 161 1280 ⁸
186 1283 243 1364 qui
259 1283 379 1346 scilicet
397 1285 466 1367 jam
481 1283 675 1368 pupillarem
699 1294 839 1347 aetatem
853 1285 1059 1350 excesserint:
1071 1283 1234 1366 ,siquidem
1254 1283 1408 1346 curatoris
1423 1282 1491 1348 offi-

186 1389 275 1454 cium
290 1391 460 1474 praecipue
475 1402 598 1474 spectat
611 1412 719 1456 rerum
729 1393 1049 1472 administrationem,
1071 1409 1134 1454 nec
1149 1385 1212 1452 nisi
1227 1387 1418 1454 secundario
1433 1388 1492 1452 mi·

186 1515 304 1560 norum
318 1495 507 1562 eorumdem
533 1515 696 1581 personas,
725 1477 936 1581 quamobrem
950 1499 1008 1562 rite
1024 1499 1162 1560 minores
1176 1495 1246 1558 sine
1260 1513 1421 1558 consensu
1437 1513 1492 1558 cn-

185 1613 328 1670 ratorum
343 1606 508 1687 sponsalia
523 1605 722 1687 contrahent,
735 1606 756 1669 l.
771 1607 822 1670 20.
838 1605 871 1668 ff.
887 1607 927 1669 de
942 1608 1005 1672 ritu
1020 1615 1118 1689 nupt,
1137 1603 1225 1688 quod
1239 1624 1329 1668 mera
1343 1622 1492 1686 persona-

187 1711 226 1776 lis
241 1715 393 1797 obligatio
409 1717 443 1778 in
458 1717 618 1800 proposito
637 1729 786 1798 narsetum
811 1737 1012 1801 quamquam
1027 1718 1182 1786 curatoris
1197 1717 1343 1784 officium
1369 1717 1493 1782 deside·

185 1831 271 1886 retur
284 1821 320 1885 in
336 1821 409 1885 dote
424 1824 658 1908 constituenda,
685 1827 887 1892 similibusve
907 1827 1042 1912 juribus,
1069 1847 1153 1912 quae
1167 1847 1218 1892 res
1232 1825 1420 1892 eorumdem
1433 1827 1493 1892 mi·

185 1950 303 1994 norum
318 1931 475 1997 afficiunt.
1123 2009 1126 2016 Ι

228 2043 272 2105 Ut
287 2043 355 2108 vim
381 2043 546 2128 sponsalia
560 2043 735 2126 obtineant,
760 2066 876 2130 parum
901 2045 1000 2128 refert,
1026 2067 1069 2112 an
1085 2066 1163 2132 pure
1178 2057 1336 2135 concepta
1359 2047 1432 2132 sint,
1447 2069 1492 2114 an

186 2171 262 2215 vero
277 2153 364 2216 diem
379 2153 539 2239 adjectam
553 2153 704 2236 habeant,
724 2155 778 2218 vel
792 2156 1017 2250 conditionem.
1061 2157 1200 2228 Quoties
1214 2175 1293 2240 pure
1307 2157 1494 2242 concipiun-

186 2273 244 2342 tur,
260 2262 393 2344 pariunt
417 2261 551 2344 quidem
566 2263 677 2328 statim
700 2261 928 2348 obligationem
953 2263 1151 2330 matrimonii
1176 2263 1398 2344 contrahendi,
1425 2283 1493 2330 nou

185 2387 260 2431 eam
273 2379 394 2448 tamen,
420 2387 505 2450 quae
520 2367 630 2432 statim
657 2367 773 2433 debeat
788 2389 884 2434 suurn
910 2369 1062 2432 effectum
1077 2369 1204 2433 habere:
1231 2369 1392 2451 siquidem
1407 2387 1494 2452 quae

186 2495 227 2541 ex
244 2477 450 2559 sponsalibus
465 2477 618 2562 obligatio
634 2479 785 2558 nascitur,
802 2477 1001 2560 singularem
1015 2477 1113 2542 habet
1127 2489 1287 2560 naturam,
1302 2479 1356 2542 cui
1371 2479 1497 2544 scilicet

185 2585 352 2670 quoddam
367 2597 495 2670 tempus
511 2587 602 2666 inest,
629 2587 662 2650 in
678 2587 766 2670 quod
791 2587 980 2671 conjugium
1005 2585 1182 2651 differatur.
1227 2587 1323 2650 Ratio
1338 2587 1373 2650 in
1387 2607 1425 2650 eo
1440 2607 1494 2674 pc

186 2698 248 2760 sita
263 2708 320 2778 est,
335 2697 414 2779 quia
437 2696 608 2782 sponsalia,
633 2705 666 2761 et
681 2697 922 2761 matrimonium
947 2697 1042 2780 quasi
1057 2695 1123 2760 duo
1149 2707 1335 2760 contractus
1350 2695 1494 2762 rnvicem

185 2808 438 2894 distinguuntur,
456 2809 530 2882 licet
545 2811 624 2874 alter
639 2809 681 2874 ad
696 2809 833 2874 alterum
848 2809 1010 2890 reseratum
1026 2827 1066 2872 ac
1081 2819 1246 2893 propterea
1260 2807 1317 2891 qui
1329 2807 1495 2894 sponsalia

182 2925 388 3003 contrahunt,
404 2945 481 2990 cum
496 2924 682 2988 contrahere
698 2922 939 2986 matrimonium
966 2932 1105 3006 possent,
1121 2941 1158 2984 eo
1174 2919 1283 2984 animo
1297 2940 1367 2982 esse
1383 2919 1495 2984 viden·

183 3043 243 3111 tur,
260 3043 296 3094 ut
311 3034 452 3116 cogitent
477 3033 617 3114 quidem,
634 3030 873 3110 deliberantque
896 3027 936 3090 de
951 3029 1156 3092 matrimonio
1177 3027 1355 3110 aliquando
1371 3039 1496 3092 contra-

183 3135 301 3217 hend0,
329 3137 432 3201 nolint
455 3149 561 3203 tamen
590 3139 697 3202 statim
720 3137 764 3200 ad
789 3135 1049 3200 contrahendum
1079 3137 1323 3202 matrimonium
1349 3137 1495 3220 obligari.

183 3245 255 3328 Hoc
271 3257 399 3328 tempus
425 3245 502 3310 olim
530 3246 612 3309 adeo
627 3245 784 3310 incertum
810 3255 885 3324 erat,
903 3255 939 3306 ut
964 3245 1032 3327 ejus
1059 3241 1204 3307 definitio
1226 3241 1268 3306 ob
1296 3243 1394 3321 varia,
1410 3261 1498 3324 qnae

183 3359 323 3438 subesse,
340 3359 390 3420 vel
416 3377 578 3442 emergere
592 3367 730 3440 possent,
756 3373 930 3420 cansarum
962 3354 1115 3438 adiuncta
1130 3374 1173 3418 ex
1198 3354 1364 3437 prudentis
1375 3353 1496 3438 judicis

181 3465 310 3529 arbitrio
325 3466 456 3528 omnino
471 3463 632 3548 penderet.
677 3463 763 3527 Cum
777 3481 855 3524 vero
883 3461 902 3526 J
907 3461 1016 3526 udices
1046 3461 1143 3525 nimis
1158 3459 1351 3524 diuturnum
1367 3472 1497 3545 tempus

182 3569 360 3651 aliquando
386 3569 644 3648 determinarent,
671 3569 741 3652 lege
768 3569 871 3652 Papia
894 3569 1035 3650 Augusti
1060 3578 1165 3631 aetate
1191 3567 1258 3631 lata
1283 3569 1497 3634 constitutum

182 3673 252 3753 fuir,
269 3685 306 3736 ut
331 3695 471 3760 sponsus
486 3679 570 3741 intra
595 3677 765 3740 biennium
792 3677 904 3740 datam
931 3677 1031 3742 fidem
1057 3676 1212 3760 impleret,
1228 3677 1276 3740 uti
1301 3675 1395 3740 refert
1409 3677 1497 3742 Dion

179 3785 247 3850 libr.
265 3783 325 3865 54,
341 3806 380 3849 ac
407 3785 596 3868 generaliter
611 3785 707 3848 tradit
731 3785 907 3850 Suetonius
933 3787 967 3850 in
991 3787 1140 3869 Augusto
1162 3785 1208 3850 ite
1231 3786 1273 3849 de
1288 3783 1358 3868 lege
1384 3785 1501 3870 Papia·
1612 3795 1626 3850 ’ζ

183 3901 335 3963 scribens:
362 3897 537 3963 Cocrtooit
559 3906 690 3983 tempus
704 3919 845 3982 sponsas
866 3899 1017 3964 habendi.
1062 3897 1152 3962 Earn
1166 3897 1208 3962 ob
1222 3914 1359 3962 eausam
1373 3897 1498 3964 lactum
1612 3893 1628 3912 ’“

181 4017 238 4086 est,
255 4017 290 4068 ut
305 4005 332 4067 si
348 4003 458 4087 elapso
474 4003 604 4068 biennio
620 4023 759 4086 sponsus
776 4003 923 4068 nondum
939 4023 1095 4089 sponsam
1108 4003 1264 4084 duxisset,
1281 4015 1388 4086 posset
1403 4023 1499 4088 spon·
1609 4003 1619 4050 ²³

185 4137 221 4180 sa
237 4115 320 4178 alias
333 4113 395 4178 sibi
420 4113 553 4198 nuptias
568 4129 730 4194 quaerere,
756 4112 776 4176 l.
792 4115 822 4176 2.
838 4113 900 4177 cod
914 4113 954 4176 de
981 4113 1134 4196 sponsal,
1150 4111 1238 4195 quod
1263 4111 1399 4196 quidem
1414 4111 1496 4178 intel
1609 4125 1613 4132 '

183 4226 257 4308 lige,
273 4225 335 4288 nisi
347 4225 463 4310 justae,
490 4243 529 4288 ac
545 4223 745 4288 necessariae
770 4244 889 4290 causae
904 4224 1091 4294 diuturnius
1113 4223 1222 4289 adhuc
1238 4233 1367 4308 tempus
1389 4235 1501 4308 postu·
1607 4227 1617 4250 ⁶

185 4336 294 4414 larent,
310 4345 391 4418 puta
417 4334 547 4398 infirma
561 4333 679 4416 sponsi,
707 4353 886 4416 sponsaeve
913 4333 1075 4412 valetudo,
1092 4344 1151 4398 aut
1173 4343 1290 4398 mortes
1315 4345 1499 4418 parentum,
1607 4350 1633 4394 ³:

183 4453 242 4507 aut
256 4445 410 4527 capitalia
423 4443 570 4526 crimine,
586 4454 643 4508 aut
658 4443 818 4528 longiores
832 4441 1104 4528 peregrinationes
1118 4461 1161 4506 ex
1172 4443 1362 4510 necessitate
1377 4441 1502 4524 sactae,
1612 4463 1617 4488 '-
1634 4469 1637 4480 ·
