3134 4984
578 464 625 520 ort
643 465 807 518 sarroma-
991 486 994 495 ·
1094 485 1105 494 ·
1286 440 1349 526 lid

69 617 96 663 ra
106 596 310 662 atsmttocs
321 593 462 678 dignum
475 602 533 672 est,
549 593 604 656 ubi
620 591 727 674 agitur
752 590 793 656 do
810 586 957 671 precibus
972 586 1109 670 alicujus
1124 584 1227 670 gratia
1244 583 1349 666 latetis,

69 723 124 774 tum
137 709 260 774 demum
284 708 456 776 simoniam
471 704 607 784 admitti,
634 723 710 766 curn
726 703 760 768 itt
775 701 984 767 concessione
994 701 1075 784 juris
1103 699 1278 781 spiritualis
1293 718 1348 780 pe·

68 817 147 880 tentis
161 831 299 900 persona,
322 825 354 878 et
369 799 609 879 commendatio
634 810 819 888 attenditur,
847 829 912 876 nou
931 829 1004 872 sero
1026 827 1102 874 cum
1119 829 1228 891 preces
1253 809 1296 871 ab
1310 827 1350 872 co

68 925 144 1004 fiunt,
170 927 223 1007 qui
238 925 353 988 merita
365 921 546 1006 singularia
571 921 707 1002 alicujus
722 919 852 982 exhibet
870 917 1025 996 Praelato,
1053 929 1088 982 nt
1102 937 1213 982 eorum
1230 919 1348 980 iutuitu

69 1035 101 1096 atl
113 1035 264 1116 spirituale
284 1035 340 1118 jars
354 1030 598 1097 consedendum
615 1039 793 1104 ruoveatur,
820 1023 1098 1106 quemadmodum
1120 1022 1349 1086 animadvertit

68 1143 220 1206 Gratianus
235 1155 306 1226 post
319 1157 480 1206 canonem
497 1139 567 1202 122.
584 1155 673 1200 caus.
691 1139 718 1200 i.
734 1147 859 1218 quaest.
878 1137 905 1198 1.
949 1133 1050 1204 erod
1067 1135 1093 1196 si
1115 1133 1268 1201 exhibitis
1284 1151 1352 1196 me.

67 1251 121 1314 ritis
134 1252 293 1316 Praelatus
309 1269 374 1320 non
389 1261 458 1314 tam
472 1247 610 1324 illorum,
625 1265 725 1326 qtram
741 1242 1002 1308 commendantis
1016 1239 1119 1323 gratia
1130 1240 1187 1324 jus
1202 1238 1349 1320 spiritua·

68 1356 90 1418 le
101 1357 251 1436 oooeodrte
268 1357 384 1423 smum
400 1355 550 1423 mentalis
564 1355 598 1418 in
613 1373 654 1416 ea
668 1354 773 1436 specie
789 1352 947 1416 simoniae
964 1369 1034 1412 rens
1050 1349 1228 1412 habebitur.

99 1472 244 1556 Experto
259 1474 304 1536 rei
319 1469 502 1558 spiritrtslis,
518 1485 603 1552 quae
617 1468 718 1550 pretio
732 1466 929 1542 aestimatur,
946 1463 1118 1529 simoniam
1132 1459 1258 1524 admitti
1273 1477 1350 1524 corr·

66 1577 150 1660 tingit,
165 1579 214 1644 rsl
228 1599 305 1644 cum
322 1597 372 1648 res
385 1595 505 1655 morae,
524 1577 581 1642 trel
596 1593 738 1642 curares
753 1575 928 1656 religiosae,
945 1572 995 1634 val
1012 1589 1089 1636 curu
1112 1589 1161 1634 res
1178 1589 1281 1651 nsque
1299 1589 1350 1632 sa-

65 1707 132 1768 crae,
152 1709 254 1773 neqrre
279 1690 454 1773 religiosae,
478 1687 536 1752 sed
552 1689 647 1753 robus
672 1687 781 1768 arteris,
805 1697 863 1750 aut
878 1685 1036 1768 religiosis
1050 1682 1199 1751 adnexae
1215 1681 1249 1746 in
1264 1701 1348 1749 oom-

66 1797 199 1860 orereiruo
214 1797 431 1861 deducuntur.
474 1797 615 1862 Nomine
631 1797 674 1860 rei
689 1815 804 1880 sacrae·
827 1793 972 1876 intelligo
987 1794 1052 1872 illa,
1075 1811 1159 1874 qnae
1174 1812 1217 1859 ex
1233 1807 1349 1855 natura

65 1906 180 1984 anasei
205 1927 245 1972 ex
261 1907 385 1985 dirius,
410 1905 462 1970 vel
476 1906 753 1972 eneoclasrastiea
778 1904 980 1968 institutione
995 1903 1074 1981 Deo,
1097 1911 1130 1964 et
1145 1907 1178 1966 in
1206 1901 1267 1964 Dei
1280 1901 1348 1964 cui-

65 2017 121 2072 tora
133 2011 277 2078 dedicata
303 2025 389 2092 sunta
406 2015 451 2078 uti
465 2025 550 2080 sunt·
567 2013 786 2092 Sacramenta,
813 2013 1072 2090 sacramentalia,
1087 2021 1119 2074 et
1134 2011 1197 2074 alia
1213 2011 1348 2100 hrrjusco

63 2121 178 2200 genem,
202 2123 324 2204 quibua
339 2122 484 2204 proxime
509 2121 667 2190 secedunt
689 2121 845 2208 reliquiae
872 2121 1096 2205 mysteriorum
1120 2121 1350 2204 redemptionis

63 2243 178 2310 nostrae,
204 2243 306 2316 morte
319 2235 522 2300 Sanctorum.
566 2233 706 2302 Nomine
721 2236 765 2300 rei
792 2235 958 2318 religiosae
985 2233 1129 2316 intelligo
1144 2233 1208 2313 illa,
1231 2234 1263 2296 in
1279 2234 1349 2315 qui·

61 2333 110 2402 bus
123 2338 220 2420 pisus
242 2351 415 2408 osaoetm
430 2343 510 2408 xsiue
532 2344 781 2422 consecratione,
810 2345 855 2408 uti
871 2355 947 2410 sttrrt
971 2343 1167 2425 sepulturae,
1195 2343 1349 2425 professio

60 2448 229 2527 cortamina,
256 2459 291 2510 et
305 2447 371 2515 atta
385 2449 482 2535 hujus
497 2452 631 2539 generis.
674 2451 815 2518 Nomine
830 2453 874 2516 rei
893 2469 998 2534 neque
1015 2471 1133 2524 sacrae.
1158 2470 1263 2532 ireque
1279 2451 1349 2516 reli-

59 2551 160 2636 giosae,
184 2559 242 2624 sati
259 2559 356 2624 sabos
370 2561 478 2638 saeris,
505 2573 563 2626 aut
577 2561 732 2645 religiosis
748 2559 898 2626 adnexae
921 2559 1011 2626 illam
1026 2560 1182 2643 intelligo,
1205 2573 1262 2624 aut
1277 2563 1348 2626 sins

58 2677 112 2741 qua
125 2683 171 2728 res
184 2667 261 2750 ipsa
284 2667 470 2751 spiritualis,
495 2669 546 2732 vel
563 2669 712 2753 religiosa
737 2671 871 2738 minime
885 2671 1038 2748 subsistit,
1066 2671 1164 2736 vetuti
1192 2669 1297 2734 solum
1313 2673 1348 2736 in

58 2769 216 2853 sepultura,
230 2772 342 2838 daura
355 2775 391 2838 iu
407 2777 675 2856 sacrarunotione,
690 2791 723 2842 et
738 2779 866 2855 similra,
889 2785 1082 2860 autquasi
1097 2777 1255 2861 spirituali
1272 2800 1348 2862 pen·

57 2873 151 2943 datsx
174 2883 454 2962 sui-immoriens,
480 2885 583 2950 veluti
599 2888 830 2969 praebendales
857 2888 1002 2954 redditus
1027 2890 1058 2954 in
1076 2889 1239 2970 beneficio,
1261 2903 1293 2954 et
1306 2893 1349 2955 si·

56 2984 142 3050 milia.
159 3037 162 3044 .
183 2991 302 3075 Itaque
317 2993 485 3075 imprimis*
495 3013 593 3059 nemo
604 2995 744 3074 dubitat,
759 3017 808 3059 res
822 2997 910 3078 ipsus
923 3015 1042 3073 sacras,
1060 2996 1110 3057 vel
1135 2996 1298 3078 religiosas
1314 2998 1347 3062 in

56 3098 273 3172 commercium
289 3099 409 3164 adduci
435 3121 500 3166 non
516 3121 617 3185 posse,
642 3104 730 3185 quod
745 3123 833 3184 sane,
860 3115 895 3166 nt
909 3103 1058 3185 superius
1084 3103 1278 3182 dictumest,
1296 3101 1347 3167 rel

55 3199 104 3282 ipsi
118 3209 260 3276 aethnici
284 3209 434 3276 detestati
447 3209 587 3292 ditarunt,
612 3211 633 3276 l.
649 3213 678 3276 6.
694 3211 745 3277 22
760 3213 821 3290 23,
849 3223 881 3274 et
895 3213 946 3276 24.
966 3211 998 3274 ff.
1015 3211 1056 3277 de
1080 3211 1224 3276 ootttroh.
1250 3223 1348 3295 empt.

56 3309 244 3384 Proiectae:
266 3322 338 3404 jore
352 3319 572 3384 eeclesiastico
597 3333 753 3388 sexcenta
772 3320 902 3404 proferri
928 3333 1057 3402 possent
1081 3332 1291 3384 monumenta
1306 3318 1350 3386 de

54 3419 136 3486 febru
147 3426 261 3506 sacrisr
278 3425 320 3490 de
334 3425 529 3510 professione
543 3438 659 3492 arnam.
669 3409 818 3513 religiosa
841 3429 974 3494 laudare
989 3427 1129 3494 sufficiat
1142 3447 1302 3492 cottonem
1316 3428 1350 3494 3.

53 3545 128 3596 caus.
146 3538 172 3600 1.
187 3547 317 3619 quaest
332 3538 373 3618 2,
387 3549 420 3602 et
433 3539 474 3602 de
487 3539 663 3622 sepulturis
676 3545 834 3612 canonem
855 3544 903 3608 12.
923 3563 1010 3610 cans
1030 3543 1077 3606 13.
1094 3554 1217 3626 quaest.
1235 3545 1264 3604 2,
1308 3541 1346 3606 ld

52 3641 121 3706 adeo
135 3665 252 3716 rerum
267 3661 323 3729 ost
351 3661 386 3712 ut
400 3651 428 3714 si
443 3669 493 3714 res
507 3669 608 3734 sacra,
636 3653 686 3716 rel
704 3655 853 3736 religiosa
870 3653 1036 3734 residetur,
1064 3675 1104 3718 ne
1121 3655 1263 3719 venditio
1277 3656 1347 3736 qui-

51 3747 113 3818 dem
130 3757 248 3838 valeat,
274 3779 341 3842 quo
353 3779 433 3826 casu
448 3779 499 3826 ras
523 3762 579 3828 illa
594 3781 696 3842 sacra,
722 3761 774 3826 vel
789 3763 937 3846 religiosa
952 3764 1090 3845 coeperit
1118 3763 1250 3846 prosena
1267 3764 1345 3840 fieri,

49 3856 66 3918 l·
79 3861 125 3926 83-
141 3869 162 3934 i.
178 3869 209 3945 a,
224 3867 260 3932 d.
276 3867 319 3931 de
332 3869 416 3934 verb.
432 3869 564 3952 obligat.
604 3871 645 3934 At
660 3871 715 3934 ubi
728 3872 839 3955 agitur
850 3871 894 3934 de
911 3871 1004 3934 rebus
1019 3871 1245 3954 corporalibus,
1261 3889 1346 3951 qrrae

48 3967 269 4051 spiritualibus,
298 3975 347 4038 rei
373 3975 530 4059 religiosis
549 3979 737 4060 ‚cohaeream
764 3981 881 4044 mirum
907 3993 965 4058 est,
991 3993 1070 4061 quot
1095 3980 1345 4044 simoniacorum

47 4071 177 4158 armagis
200 4081 385 4162 prodierint,
408 4086 465 4166 qui
490 4087 635 4152 abomni
659 4089 799 4154 simonia
825 4107 862 4152 se
888 4089 1051 4154 immunes
1076 4109 1147 4152 esse
1169 4087 1345 4166 firrrrerunt,

45 4182 158 4290 orionas
172 4185 265 4267 quod
290 4192 465 4271 temporale
479 4195 689 4261 commodum
714 4207 938 4278 praestaretur,
961 4197 1094 4260 sutrinse
1116 4193 1345 4258 concederetur

45 4297 222 4404 ”limitum
238 4292 283 4354 tei
298 4295 483 4377 spiritualis,
507 4319 594 4382 quae
611 4303 855 4370 inaestimabilis
870 4310 928 4382 est,
956 4304 1062 4367 sedin
1087 4304 1344 4386 repensationem

43 4410 81 4456 ¹0¹
103 4399 280 4492 comtestalis
305 4404 463 4474 adnexas
506 4411 592 4478 Hirro
620 4416 741 4496 passim
768 4417 916 4483 nonnulli
945 4427 1107 4498 potarunt,
1130 4433 1223 4496 posse
1248 4413 1343 4476 rendi

42 4517 259 4580 mm
281 4513 434 4600 ombus,
451 4517 716 4622 adclamari
740 4544 807 4609 orto
831 4525 974 4594 cursare
994 4523 1180 4609 coniectura
1201 4534 1260 4604 est,
1275 4539 1353 4610 uota¹
