<?xml version="1.0" encoding="UTF-8"?>
<!DOCTYPE html PUBLIC "-//W3C//DTD XHTML 1.0 Transitional//EN"
    "http://www.w3.org/TR/xhtml1/DTD/xhtml1-transitional.dtd">
<html xmlns="http://www.w3.org/1999/xhtml" xml:lang="en" lang="en">
 <head>
  <title>
</title>
<meta http-equiv="Content-Type" content="text/html;charset=utf-8" />
  <meta name='ocr-system' content='tesseract 3.04.00' />
  <meta name='ocr-capabilities' content='ocr_page ocr_carea ocr_par ocr_line ocrx_word'/>
</head>
<body>
  <div class='ocr_page' id='page_1' title='image "./carolisebastian00beragoog_0347.png"; bbox 0 0 3146 4980; ppageno 0'>
   <div class='ocr_carea' id='block_1_1' title="bbox 193 457 1141 548">
    <p class='ocr_par' dir='ltr' id='par_1_1' title="bbox 193 457 1141 548">
     <span class='ocr_line' id='line_1_1' title="bbox 193 457 1141 548; baseline 0.001 -17"><span class='ocrx_word' id='word_1_1' title='bbox 193 459 257 534; x_wconf 80' lang='lat' dir='ltr'><strong><em>stt</em></strong></span> <span class='ocrx_word' id='word_1_2' title='bbox 553 485 796 533; x_wconf 79' lang='lat' dir='ltr'><strong><em>nrsssnrtrto</em></strong></span> <span class='ocrx_word' id='word_1_3' title='bbox 818 457 989 548; x_wconf 76' lang='lat' dir='ltr'><strong><em>sossius,</em></strong></span> <span class='ocrx_word' id='word_1_4' title='bbox 1006 485 1082 534; x_wconf 77' lang='lat' dir='ltr'><strong><em>cte.</em></strong></span> <span class='ocrx_word' id='word_1_5' title='bbox 1097 459 1141 532; x_wconf 87' lang='lat' dir='ltr'><strong><em>tt.</em></strong></span> 
     </span>
    </p>
   </div>
   <div class='ocr_carea' id='block_1_2' title="bbox 91 588 1563 4490">
    <p class='ocr_par' dir='ltr' id='par_1_2' title="bbox 91 588 1563 4490">
     <span class='ocr_line' id='line_1_2' title="bbox 195 588 1494 697; baseline -0.005 -19"><span class='ocrx_word' id='word_1_6' title='bbox 195 608 443 694; x_wconf 78' lang='lat' dir='ltr'><strong><em>Evangelioom</em></strong></span> <span class='ocrx_word' id='word_1_7' title='bbox 466 591 734 694; x_wconf 86' lang='lat' dir='ltr'><strong><em>etApostoiicam</em></strong></span> <span class='ocrx_word' id='word_1_8' title='bbox 757 588 950 688; x_wconf 80' lang='lat' dir='ltr'><strong><em>doctrinam,</em></strong></span> <span class='ocrx_word' id='word_1_9' title='bbox 975 617 1115 697; x_wconf 87' lang='lat' dir='ltr'><strong><em>propter</em></strong></span> <span class='ocrx_word' id='word_1_10' title='bbox 1128 607 1334 674; x_wconf 70' lang='lat' dir='ltr'><strong><em>adulterium</em></strong></span> <span class='ocrx_word' id='word_1_11' title='bbox 1358 607 1494 674; x_wconf 78' lang='lat' dir='ltr'><strong><em>citerius</em></strong></span> 
     </span>
     <span class='ocr_line' id='line_1_3' title="bbox 193 713 1494 802; baseline 0 -20"><span class='ocrx_word' id='word_1_12' title='bbox 193 719 386 802; x_wconf 75' lang='lat' dir='ltr'><strong><em>conjugum,</em></strong></span> <span class='ocrx_word' id='word_1_13' title='bbox 411 717 619 781; x_wconf 76' lang='lat' dir='ltr'><strong><em>matrimonii</em></strong></span> <span class='ocrx_word' id='word_1_14' title='bbox 643 717 815 782; x_wconf 84' lang='lat' dir='ltr'><strong><em>vincutum</em></strong></span> <span class='ocrx_word' id='word_1_15' title='bbox 838 738 905 781; x_wconf 85' lang='lat' dir='ltr'><strong><em>nort</em></strong></span> <span class='ocrx_word' id='word_1_16' title='bbox 914 737 1012 802; x_wconf 86' lang='lat' dir='ltr'><strong><em>posse</em></strong></span> <span class='ocrx_word' id='word_1_17' title='bbox 1027 713 1172 798; x_wconf 87' lang='lat' dir='ltr'><strong><em>dissolui,</em></strong></span> <span class='ocrx_word' id='word_1_18' title='bbox 1198 721 1430 802; x_wconf 74' lang='lat' dir='ltr'><strong><em>etuti-temque,</em></strong></span> <span class='ocrx_word' id='word_1_19' title='bbox 1447 717 1494 782; x_wconf 79' lang='lat' dir='ltr'><strong><em>oet</em></strong></span> 
     </span>
     <span class='ocr_line' id='line_1_4' title="bbox 193 821 1494 910; baseline -0.005 -16"><span class='ocrx_word' id='word_1_20' title='bbox 193 835 308 908; x_wconf 85' lang='lat' dir='ltr'><strong><em>ettam¹</em></strong></span> <span class='ocrx_word' id='word_1_21' title='bbox 321 828 531 904; x_wconf 76' lang='lat' dir='ltr'><strong><em>innocentem,</em></strong></span> <span class='ocrx_word' id='word_1_22' title='bbox 557 825 615 910; x_wconf 81' lang='lat' dir='ltr'><strong><em>qui</em></strong></span> <span class='ocrx_word' id='word_1_23' title='bbox 639 845 778 890; x_wconf 88' lang='lat' dir='ltr'><strong><em>consum</em></strong></span> <span class='ocrx_word' id='word_1_24' title='bbox 802 825 966 891; x_wconf 84' lang='lat' dir='ltr'><strong><em>adulterio</em></strong></span> <span class='ocrx_word' id='word_1_25' title='bbox 981 840 1046 888; x_wconf 89' lang='lat' dir='ltr'><strong><em>uon</em></strong></span> <span class='ocrx_word' id='word_1_26' title='bbox 1063 821 1162 902; x_wconf 82' lang='lat' dir='ltr'><strong><em>dedit,</em></strong></span> <span class='ocrx_word' id='word_1_27' title='bbox 1187 840 1369 906; x_wconf 77' lang='lat' dir='ltr'><strong><em>proposse,</em></strong></span> <span class='ocrx_word' id='word_1_28' title='bbox 1397 824 1494 888; x_wconf 77' lang='lat' dir='ltr'><strong><em>attus</em></strong></span> 
     </span>
     <span class='ocr_line' id='line_1_5' title="bbox 193 931 1496 1020; baseline -0.005 -18"><span class='ocrx_word' id='word_1_29' title='bbox 193 937 332 1020; x_wconf 83' lang='lat' dir='ltr'><strong><em>conjttge</em></strong></span> <span class='ocrx_word' id='word_1_30' title='bbox 346 937 481 1013; x_wconf 77' lang='lat' dir='ltr'><strong><em>siurone,</em></strong></span> <span class='ocrx_word' id='word_1_31' title='bbox 498 935 594 998; x_wconf 82' lang='lat' dir='ltr'><strong><em>alind</em></strong></span> <span class='ocrx_word' id='word_1_32' title='bbox 607 935 862 999; x_wconf 85' lang='lat' dir='ltr'><strong><em>matrimonium</em></strong></span> <span class='ocrx_word' id='word_1_33' title='bbox 875 931 1073 1012; x_wconf 72' lang='lat' dir='ltr'><strong><em>contrahere,</em></strong></span> <span class='ocrx_word' id='word_1_34' title='bbox 1089 933 1320 1018; x_wconf 72' lang='lat' dir='ltr'><strong><em>moechatione</em></strong></span> <span class='ocrx_word' id='word_1_35' title='bbox 1341 948 1428 1012; x_wconf 86' lang='lat' dir='ltr'><strong><em>eum,</em></strong></span> <span class='ocrx_word' id='word_1_36' title='bbox 1442 933 1496 1019; x_wconf 78' lang='lat' dir='ltr'><strong><em>qni</em></strong></span> 
     </span>
     <span class='ocr_line' id='line_1_6' title="bbox 193 1020 1563 1130; baseline -0.002 -23"><span class='ocrx_word' id='word_1_37' title='bbox 193 1041 337 1107; x_wconf 86' lang='lat' dir='ltr'><strong><em>dimissa</em></strong></span> <span class='ocrx_word' id='word_1_38' title='bbox 362 1041 516 1106; x_wconf 84' lang='lat' dir='ltr'><strong><em>adultero</em></strong></span> <span class='ocrx_word' id='word_1_39' title='bbox 541 1041 647 1106; x_wconf 81' lang='lat' dir='ltr'><strong><em>atiani</em></strong></span> <span class='ocrx_word' id='word_1_40' title='bbox 671 1041 812 1120; x_wconf 83' lang='lat' dir='ltr'><strong><em>dunerit,</em></strong></span> <span class='ocrx_word' id='word_1_41' title='bbox 837 1051 868 1104; x_wconf 87' lang='lat' dir='ltr'><strong><em>ct</em></strong></span> <span class='ocrx_word' id='word_1_42' title='bbox 893 1061 975 1120; x_wconf 69' lang='lat' dir='ltr'><strong><em>euni</em></strong></span> <span class='ocrx_word' id='word_1_43' title='bbox 1002 1061 1086 1130; x_wconf 81' lang='lat' dir='ltr'><strong><em>qttac</em></strong></span> <span class='ocrx_word' id='word_1_44' title='bbox 1098 1035 1240 1105; x_wconf 79' lang='lat' dir='ltr'><strong><em>dimisso</em></strong></span> <span class='ocrx_word' id='word_1_45' title='bbox 1263 1020 1418 1105; x_wconf 59' lang='lat' dir='ltr'><strong><em>&#39;adstitere</em></strong></span> <span class='ocrx_word' id='word_1_46' title='bbox 1439 1041 1496 1106; x_wconf 85' lang='lat' dir='ltr'><strong><em>ciii</em></strong></span> <span class='ocrx_word' id='word_1_47' title='bbox 1562 1041 1563 1046; x_wconf 72' lang='grc'>’</span> 
     </span>
     <span class='ocr_line' id='line_1_7' title="bbox 194 1147 1497 1234; baseline 0.001 -19"><span class='ocrx_word' id='word_1_48' title='bbox 194 1153 355 1234; x_wconf 75' lang='lat' dir='ltr'><strong><em>nupserit,</em></strong></span> <span class='ocrx_word' id='word_1_49' title='bbox 372 1149 551 1214; x_wconf 85' lang='lat' dir='ltr'><strong><em>anathemo</em></strong></span> <span class='ocrx_word' id='word_1_50' title='bbox 565 1151 618 1212; x_wconf 85' lang='lat' dir='ltr'><strong><em>sit.</em></strong></span> <span class='ocrx_word' id='word_1_51' title='bbox 662 1147 753 1212; x_wconf 84' lang='lat' dir='ltr'><strong><em>Haec</em></strong></span> <span class='ocrx_word' id='word_1_52' title='bbox 769 1147 914 1213; x_wconf 89' lang='lat' dir='ltr'><strong><em>definitio</em></strong></span> <span class='ocrx_word' id='word_1_53' title='bbox 935 1159 1092 1213; x_wconf 86' lang='lat' dir='ltr'><strong><em>consonat</em></strong></span> <span class='ocrx_word' id='word_1_54' title='bbox 1106 1149 1345 1214; x_wconf 82' lang='lat' dir='ltr'><strong><em>vetustissimas</em></strong></span> <span class='ocrx_word' id='word_1_55' title='bbox 1363 1151 1497 1216; x_wconf 84' lang='lat' dir='ltr'><strong><em>Petrum</em></strong></span> 
     </span>
     <span class='ocr_line' id='line_1_8' title="bbox 194 1254 1496 1343; baseline 0.001 -20"><span class='ocrx_word' id='word_1_56' title='bbox 194 1259 367 1340; x_wconf 73' lang='lat' dir='ltr'><strong><em>traditioni,</em></strong></span> <span class='ocrx_word' id='word_1_57' title='bbox 395 1277 533 1342; x_wconf 88' lang='lat' dir='ltr'><strong><em>quorum</em></strong></span> <span class='ocrx_word' id='word_1_58' title='bbox 548 1267 760 1324; x_wconf 88' lang='lat' dir='ltr'><strong><em>monumenta</em></strong></span> <span class='ocrx_word' id='word_1_59' title='bbox 784 1257 926 1342; x_wconf 87' lang='lat' dir='ltr'><strong><em>plurima</em></strong></span> <span class='ocrx_word' id='word_1_60' title='bbox 940 1269 1054 1323; x_wconf 84' lang='lat' dir='ltr'><strong><em>extant</em></strong></span> <span class='ocrx_word' id='word_1_61' title='bbox 1076 1259 1110 1323; x_wconf 90' lang='lat' dir='ltr'><strong><em>in</em></strong></span> <span class='ocrx_word' id='word_1_62' title='bbox 1136 1277 1225 1323; x_wconf 87' lang='lat' dir='ltr'><strong><em>caus.</em></strong></span> <span class='ocrx_word' id='word_1_63' title='bbox 1241 1254 1292 1324; x_wconf 79' lang='lat'><strong><em>32.</em></strong></span> <span class='ocrx_word' id='word_1_64' title='bbox 1318 1273 1445 1343; x_wconf 82' lang='lat' dir='ltr'><strong><em>quaest.</em></strong></span> <span class='ocrx_word' id='word_1_65' title='bbox 1468 1261 1496 1324; x_wconf 84' lang='grc'><strong><em>7.</em></strong></span> 
     </span>
     <span class='ocr_line' id='line_1_9' title="bbox 195 1364 1498 1452; baseline 0.001 -21"><span class='ocrx_word' id='word_1_66' title='bbox 195 1367 298 1438; x_wconf 76' lang='lat' dir='ltr'><strong><em>Quod</em></strong></span> <span class='ocrx_word' id='word_1_67' title='bbox 313 1384 388 1431; x_wconf 86' lang='lat' dir='ltr'><strong><em>vero</em></strong></span> <span class='ocrx_word' id='word_1_68' title='bbox 413 1365 499 1450; x_wconf 84' lang='lat' dir='ltr'><strong><em>apud</em></strong></span> <span class='ocrx_word' id='word_1_69' title='bbox 516 1366 656 1430; x_wconf 83' lang='lat' dir='ltr'><strong><em>Graecos</em></strong></span> <span class='ocrx_word' id='word_1_70' title='bbox 681 1365 847 1448; x_wconf 87' lang='lat' dir='ltr'><strong><em>negotium</em></strong></span> <span class='ocrx_word' id='word_1_71' title='bbox 872 1364 1031 1430; x_wconf 80' lang='lat' dir='ltr'><strong><em>facessere</em></strong></span> <span class='ocrx_word' id='word_1_72' title='bbox 1051 1369 1162 1450; x_wconf 86' lang='lat' dir='ltr'><strong><em>potuit,</em></strong></span> <span class='ocrx_word' id='word_1_73' title='bbox 1186 1367 1353 1452; x_wconf 81' lang='lat' dir='ltr'><strong><em>spectabat</em></strong></span> <span class='ocrx_word' id='word_1_74' title='bbox 1376 1385 1498 1452; x_wconf 84' lang='lat' dir='ltr'><strong><em>germa-</em></strong></span> 
     </span>
     <span class='ocr_line' id='line_1_10' title="bbox 174 1470 1497 1562; baseline -0.002 -22"><span class='ocrx_word' id='word_1_75' title='bbox 174 1522 177 1528; x_wconf 81' lang='lat'>·</span> <span class='ocrx_word' id='word_1_76' title='bbox 194 1495 274 1540; x_wconf 85' lang='lat' dir='ltr'><strong><em>num</em></strong></span> <span class='ocrx_word' id='word_1_77' title='bbox 302 1471 592 1558; x_wconf 81' lang='lat' dir='ltr'><strong><em>interpretationem</em></strong></span> <span class='ocrx_word' id='word_1_78' title='bbox 609 1471 885 1562; x_wconf 80' lang='lat' dir='ltr'><strong><em>Evangelicomm</em></strong></span> <span class='ocrx_word' id='word_1_79' title='bbox 910 1473 1083 1540; x_wconf 81' lang='lat' dir='ltr'><strong><em>verborum</em></strong></span> <span class='ocrx_word' id='word_1_80' title='bbox 1097 1471 1185 1558; x_wconf 82' lang='lat' dir='ltr'><strong><em>apud</em></strong></span> <span class='ocrx_word' id='word_1_81' title='bbox 1209 1470 1417 1540; x_wconf 68' lang='lat' dir='ltr'><strong><em>stamnum</em></strong></span> <span class='ocrx_word' id='word_1_82' title='bbox 1431 1490 1497 1558; x_wconf 81' lang='lat' dir='ltr'><strong><em>esp.</em></strong></span> 
     </span>
     <span class='ocr_line' id='line_1_11' title="bbox 194 1575 1500 1668; baseline 0.001 -19"><span class='ocrx_word' id='word_1_83' title='bbox 194 1585 234 1668; x_wconf 83' lang='grc'><strong><em>5.,</em></strong></span> <span class='ocrx_word' id='word_1_84' title='bbox 251 1585 305 1650; x_wconf 87' lang='lat' dir='ltr'><strong><em>ubi</em></strong></span> <span class='ocrx_word' id='word_1_85' title='bbox 320 1595 493 1668; x_wconf 83' lang='lat' dir='ltr'><strong><em>postquam</em></strong></span> <span class='ocrx_word' id='word_1_86' title='bbox 517 1575 732 1650; x_wconf 78' lang='lat' dir='ltr'><strong><em>enarravirse&#39;t</em></strong></span> <span class='ocrx_word' id='word_1_87' title='bbox 747 1579 896 1647; x_wconf 76' lang='lat' dir='ltr'><strong><em>Christus</em></strong></span> <span class='ocrx_word' id='word_1_88' title='bbox 922 1581 1095 1664; x_wconf 81' lang='lat' dir='ltr'><strong><em>Dominus,</em></strong></span> <span class='ocrx_word' id='word_1_89' title='bbox 1115 1581 1204 1667; x_wconf 85' lang='lat' dir='ltr'><strong><em>opud</em></strong></span> <span class='ocrx_word' id='word_1_90' title='bbox 1219 1581 1363 1648; x_wconf 77' lang='lat' dir='ltr'><strong><em>iudaeos</em></strong></span> <span class='ocrx_word' id='word_1_91' title='bbox 1378 1589 1500 1650; x_wconf 61' lang='lat' dir='ltr'><strong><em>veteru</em></strong></span> 
     </span>
     <span class='ocr_line' id='line_1_12' title="bbox 194 1687 1499 1776; baseline -0.002 -17"><span class='ocrx_word' id='word_1_92' title='bbox 194 1695 230 1759; x_wconf 89' lang='lat' dir='ltr'><strong><em>in</em></strong></span> <span class='ocrx_word' id='word_1_93' title='bbox 245 1695 311 1758; x_wconf 85' lang='lat' dir='ltr'><strong><em>usti</em></strong></span> <span class='ocrx_word' id='word_1_94' title='bbox 323 1693 433 1774; x_wconf 87' lang='lat' dir='ltr'><strong><em>fuisse,</em></strong></span> <span class='ocrx_word' id='word_1_95' title='bbox 460 1704 496 1756; x_wconf 89' lang='lat' dir='ltr'><strong><em>ut</em></strong></span> <span class='ocrx_word' id='word_1_96' title='bbox 510 1693 710 1776; x_wconf 85' lang='lat' dir='ltr'><strong><em>quicumque</em></strong></span> <span class='ocrx_word' id='word_1_97' title='bbox 736 1689 909 1757; x_wconf 87' lang='lat' dir='ltr'><strong><em>dimitteret</em></strong></span> <span class='ocrx_word' id='word_1_98' title='bbox 923 1687 1067 1772; x_wconf 86' lang='lat' dir='ltr'><strong><em>uxorem,</em></strong></span> <span class='ocrx_word' id='word_1_99' title='bbox 1094 1687 1240 1756; x_wconf 79' lang='lat' dir='ltr'><strong><em>libellum</em></strong></span> <span class='ocrx_word' id='word_1_100' title='bbox 1255 1689 1382 1776; x_wconf 80' lang='lat' dir='ltr'><strong><em>repudii</em></strong></span> <span class='ocrx_word' id='word_1_101' title='bbox 1404 1691 1499 1772; x_wconf 83' lang='lat' dir='ltr'><strong><em>daret,</em></strong></span> 
     </span>
     <span class='ocr_line' id='line_1_13' title="bbox 193 1787 1500 1894; baseline 0 -28"><span class='ocrx_word' id='word_1_102' title='bbox 193 1803 240 1866; x_wconf 82' lang='lat' dir='ltr'><strong><em>ita</em></strong></span> <span class='ocrx_word' id='word_1_103' title='bbox 254 1799 406 1867; x_wconf 85' lang='lat' dir='ltr'><strong><em>subdidit:</em></strong></span> <span class='ocrx_word' id='word_1_104' title='bbox 434 1801 515 1894; x_wconf 73' lang='lat' dir='ltr'><strong><em>Ego</em></strong></span> <span class='ocrx_word' id='word_1_105' title='bbox 530 1809 643 1865; x_wconf 85' lang='lat' dir='ltr'><strong><em>autem</em></strong></span> <span class='ocrx_word' id='word_1_106' title='bbox 657 1799 728 1864; x_wconf 85' lang='lat' dir='ltr'><strong><em>dico</em></strong></span> <span class='ocrx_word' id='word_1_107' title='bbox 751 1799 856 1864; x_wconf 86' lang='lat' dir='ltr'><strong><em>uobis:</em></strong></span> <span class='ocrx_word' id='word_1_108' title='bbox 872 1799 952 1886; x_wconf 80' lang='lat' dir='ltr'><strong><em>qnia</em></strong></span> <span class='ocrx_word' id='word_1_109' title='bbox 966 1799 1084 1878; x_wconf 65' lang='lat' dir='ltr'><strong><em>omnin</em></strong></span> <span class='ocrx_word' id='word_1_110' title='bbox 1111 1801 1170 1886; x_wconf 82' lang='lat' dir='ltr'><strong><em>qui</em></strong></span> <span class='ocrx_word' id='word_1_111' title='bbox 1182 1787 1350 1864; x_wconf 76' lang='lat' dir='ltr'><strong><em>dimiserit</em></strong></span> <span class='ocrx_word' id='word_1_112' title='bbox 1362 1817 1500 1866; x_wconf 71' lang='lat' dir='ltr'><strong><em>unsrun</em></strong></span> 
     </span>
     <span class='ocr_line' id='line_1_14' title="bbox 193 1903 1563 2000; baseline 0.003 -28"><span class='ocrx_word' id='word_1_113' title='bbox 193 1927 301 1985; x_wconf 83' lang='lat' dir='ltr'><strong><em>stram,</em></strong></span> <span class='ocrx_word' id='word_1_114' title='bbox 317 1907 699 1992; x_wconf 75' lang='lat' dir='ltr'><strong><em>ecceptosomicationis</em></strong></span> <span class='ocrx_word' id='word_1_115' title='bbox 711 1929 822 1988; x_wconf 88' lang='lat' dir='ltr'><strong><em>causa,</em></strong></span> <span class='ocrx_word' id='word_1_116' title='bbox 828 1903 920 1993; x_wconf 83' lang='lat' dir='ltr'><strong><em>fucit</em></strong></span> <span class='ocrx_word' id='word_1_117' title='bbox 935 1928 1010 1972; x_wconf 86' lang='lat' dir='ltr'><strong><em>eam</em></strong></span> <span class='ocrx_word' id='word_1_118' title='bbox 1019 1907 1195 1987; x_wconf 80' lang='lat' dir='ltr'><strong><em>moechari,</em></strong></span> <span class='ocrx_word' id='word_1_119' title='bbox 1211 1909 1312 2000; x_wconf 74' lang='lat' dir='ltr'><strong><em>ctqrti</em></strong></span> <span class='ocrx_word' id='word_1_120' title='bbox 1324 1905 1502 1976; x_wconf 75' lang='lat' dir='ltr'><strong><em>dimimom</em></strong></span> <span class='ocrx_word' id='word_1_121' title='bbox 1562 1931 1563 1938; x_wconf 52' lang='lat'>¹</span> 
     </span>
     <span class='ocr_line' id='line_1_15' title="bbox 196 1997 1563 2102; baseline 0.001 -20"><span class='ocrx_word' id='word_1_122' title='bbox 196 2017 341 2094; x_wconf 77' lang='lat' dir='ltr'><strong><em>duruit,</em></strong></span> <span class='ocrx_word' id='word_1_123' title='bbox 357 2015 532 2080; x_wconf 87' lang='lat' dir='ltr'><strong><em>adulterat.</em></strong></span> <span class='ocrx_word' id='word_1_124' title='bbox 576 2013 748 2099; x_wconf 88' lang='lat' dir='ltr'><strong><em>Nimirum,</em></strong></span> <span class='ocrx_word' id='word_1_125' title='bbox 775 2018 802 2080; x_wconf 89' lang='lat' dir='ltr'><strong><em>si</em></strong></span> <span class='ocrx_word' id='word_1_126' title='bbox 817 2013 928 2080; x_wconf 85' lang='lat' dir='ltr'><strong><em>causa·</em></strong></span> <span class='ocrx_word' id='word_1_127' title='bbox 942 2016 1162 2082; x_wconf 85' lang='lat' dir='ltr'><strong><em>fornicationis</em></strong></span> <span class='ocrx_word' id='word_1_128' title='bbox 1187 2029 1322 2102; x_wconf 78' lang='lat' dir='ltr'><strong><em>excepa</em></strong></span> <span class='ocrx_word' id='word_1_129' title='bbox 1336 2021 1357 2086; x_wconf 75' lang='lat' dir='ltr'><strong><em>a</em></strong></span> <span class='ocrx_word' id='word_1_130' title='bbox 1372 2019 1502 2086; x_wconf 75' lang='lat' dir='ltr'><strong><em>Christo</em></strong></span> <span class='ocrx_word' id='word_1_131' title='bbox 1562 1997 1563 2022; x_wconf 50' lang='lat'>¹</span> 
     </span>
     <span class='ocr_line' id='line_1_16' title="bbox 194 2109 1563 2216; baseline 0.004 -28"><span class='ocrx_word' id='word_1_132' title='bbox 194 2126 390 2209; x_wconf 88' lang='lat' dir='ltr'><strong><em>proponitur,</em></strong></span> <span class='ocrx_word' id='word_1_133' title='bbox 416 2125 587 2189; x_wconf 87' lang='lat' dir='ltr'><strong><em>videbatur</em></strong></span> <span class='ocrx_word' id='word_1_134' title='bbox 612 2122 751 2205; x_wconf 87' lang='lat' dir='ltr'><strong><em>Graecis,</em></strong></span> <span class='ocrx_word' id='word_1_135' title='bbox 776 2109 847 2190; x_wconf 85' lang='lat' dir='ltr'><strong><em>tum</em></strong></span> <span class='ocrx_word' id='word_1_136' title='bbox 869 2125 1002 2192; x_wconf 88' lang='lat' dir='ltr'><strong><em>demum</em></strong></span> <span class='ocrx_word' id='word_1_137' title='bbox 1018 2127 1051 2190; x_wconf 93' lang='lat' dir='ltr'><strong><em>in</em></strong></span> <span class='ocrx_word' id='word_1_138' title='bbox 1066 2125 1220 2191; x_wconf 79' lang='lat' dir='ltr'><strong><em>dimissae</em></strong></span> <span class='ocrx_word' id='word_1_139' title='bbox 1241 2127 1363 2212; x_wconf 87' lang='lat' dir='ltr'><strong><em>nuptiis</em></strong></span> <span class='ocrx_word' id='word_1_140' title='bbox 1388 2127 1503 2194; x_wconf 81' lang='lat' dir='ltr'><strong><em>adrniii</em></strong></span> <span class='ocrx_word' id='word_1_141' title='bbox 1562 2167 1563 2216; x_wconf 79' lang='lat'>1</span> 
     </span>
     <span class='ocr_line' id='line_1_17' title="bbox 195 2229 1502 2311; baseline 0.002 -16"><span class='ocrx_word' id='word_1_142' title='bbox 195 2231 401 2311; x_wconf 85' lang='lat' dir='ltr'><strong><em>adulterium,</em></strong></span> <span class='ocrx_word' id='word_1_143' title='bbox 427 2251 504 2296; x_wconf 88' lang='lat' dir='ltr'><strong><em>cum</em></strong></span> <span class='ocrx_word' id='word_1_144' title='bbox 520 2249 585 2294; x_wconf 92' lang='lat' dir='ltr'><strong><em>non</em></strong></span> <span class='ocrx_word' id='word_1_145' title='bbox 600 2246 702 2296; x_wconf 85' lang='lat' dir='ltr'><strong><em>cattsa</em></strong></span> <span class='ocrx_word' id='word_1_146' title='bbox 728 2229 948 2296; x_wconf 82' lang='lat' dir='ltr'><strong><em>fornicationis</em></strong></span> <span class='ocrx_word' id='word_1_147' title='bbox 975 2231 1113 2298; x_wconf 82' lang='lat' dir='ltr'><strong><em>dimissa</em></strong></span> <span class='ocrx_word' id='word_1_148' title='bbox 1128 2231 1251 2298; x_wconf 78' lang='lat' dir='ltr'><strong><em>fuisset</em></strong></span> <span class='ocrx_word' id='word_1_149' title='bbox 1295 2233 1419 2300; x_wconf 82' lang='lat' dir='ltr'><strong><em>Verum</em></strong></span> <span class='ocrx_word' id='word_1_150' title='bbox 1438 2253 1502 2298; x_wconf 92' lang='lat' dir='ltr'><strong><em>non</em></strong></span> 
     </span>
     <span class='ocr_line' id='line_1_18' title="bbox 118 2329 1563 2426; baseline 0.005 -24"><span class='ocrx_word' id='word_1_151' title='bbox 118 2337 119 2340; x_wconf 72' lang='grc'>’</span> <span class='ocrx_word' id='word_1_152' title='bbox 194 2337 257 2402; x_wconf 81' lang='lat' dir='ltr'><strong><em>fuit</em></strong></span> <span class='ocrx_word' id='word_1_153' title='bbox 282 2337 483 2402; x_wconf 89' lang='lat' dir='ltr'><strong><em>admittenda</em></strong></span> <span class='ocrx_word' id='word_1_154' title='bbox 498 2337 580 2402; x_wconf 86' lang='lat' dir='ltr'><strong><em>haec</em></strong></span> <span class='ocrx_word' id='word_1_155' title='bbox 605 2339 820 2423; x_wconf 83' lang='lat' dir='ltr'><strong><em>interpretatio</em></strong></span> <span class='ocrx_word' id='word_1_156' title='bbox 839 2329 978 2426; x_wconf 83' lang='lat' dir='ltr'><strong><em>jamdiu,</em></strong></span> <span class='ocrx_word' id='word_1_157' title='bbox 1004 2345 1038 2406; x_wconf 84' lang='lat' dir='ltr'><strong><em>et</em></strong></span> <span class='ocrx_word' id='word_1_158' title='bbox 1051 2342 1173 2425; x_wconf 85' lang='lat' dir='ltr'><strong><em>passim</em></strong></span> <span class='ocrx_word' id='word_1_159' title='bbox 1188 2340 1304 2426; x_wconf 84' lang='lat' dir='ltr'><strong><em>rejecta</em></strong></span> <span class='ocrx_word' id='word_1_160' title='bbox 1330 2339 1503 2410; x_wconf 68' lang='lat' dir='ltr'><strong><em>ivetustis</em></strong></span> <span class='ocrx_word' id='word_1_161' title='bbox 1562 2363 1563 2418; x_wconf 83' lang='lat' dir='ltr'>j</span> 
     </span>
     <span class='ocr_line' id='line_1_19' title="bbox 196 2427 1563 2534; baseline 0.006 -23"><span class='ocrx_word' id='word_1_162' title='bbox 196 2445 366 2511; x_wconf 84' lang='lat' dir='ltr'><strong><em>Ecclesiae</em></strong></span> <span class='ocrx_word' id='word_1_163' title='bbox 380 2449 540 2529; x_wconf 90' lang='lat' dir='ltr'><strong><em>Patribus,</em></strong></span> <span class='ocrx_word' id='word_1_164' title='bbox 554 2468 625 2512; x_wconf 90' lang='lat' dir='ltr'><strong><em>can.</em></strong></span> <span class='ocrx_word' id='word_1_165' title='bbox 641 2427 728 2530; x_wconf 65' lang='lat'><strong><em>314,</em></strong></span> <span class='ocrx_word' id='word_1_166' title='bbox 744 2461 776 2513; x_wconf 87' lang='lat' dir='ltr'><strong><em>ct</em></strong></span> <span class='ocrx_word' id='word_1_167' title='bbox 790 2449 1002 2532; x_wconf 76' lang='lat' dir='ltr'><strong><em>sequentthus</em></strong></span> <span class='ocrx_word' id='word_1_168' title='bbox 1016 2467 1105 2516; x_wconf 82' lang='lat' dir='ltr'><strong><em>caus.</em></strong></span> <span class='ocrx_word' id='word_1_169' title='bbox 1121 2448 1172 2515; x_wconf 78' lang='lat' dir='ltr'><strong><em>st.</em></strong></span> <span class='ocrx_word' id='word_1_170' title='bbox 1187 2463 1311 2534; x_wconf 83' lang='lat' dir='ltr'><strong><em>quaest.</em></strong></span> <span class='ocrx_word' id='word_1_171' title='bbox 1327 2451 1367 2533; x_wconf 62' lang='lat' dir='ltr'><strong><em>ir,</em></strong></span> <span class='ocrx_word' id='word_1_172' title='bbox 1382 2455 1504 2518; x_wconf 61' lang='lat' dir='ltr'><strong><em>maim</em></strong></span> <span class='ocrx_word' id='word_1_173' title='bbox 1562 2483 1563 2490; x_wconf 45' lang='lat'>¹</span> 
     </span>
     <span class='ocr_line' id='line_1_20' title="bbox 188 2553 1505 2650; baseline 0.002 -30"><span class='ocrx_word' id='word_1_174' title='bbox 188 2556 253 2650; x_wconf 88' lang='lat' dir='ltr'><strong><em>illa</em></strong></span> <span class='ocrx_word' id='word_1_175' title='bbox 268 2555 389 2620; x_wconf 77' lang='lat' dir='ltr'><strong><em>Christi</em></strong></span> <span class='ocrx_word' id='word_1_176' title='bbox 404 2557 501 2619; x_wconf 89' lang='lat' dir='ltr'><strong><em>verba</em></strong></span> <span class='ocrx_word' id='word_1_177' title='bbox 516 2557 897 2644; x_wconf 77' lang='lat' dir='ltr'><strong><em>exceptusoruioationis</em></strong></span> <span class='ocrx_word' id='word_1_178' title='bbox 911 2577 1015 2623; x_wconf 83' lang='lat' dir='ltr'><strong><em>causo</em></strong></span> <span class='ocrx_word' id='word_1_179' title='bbox 1029 2553 1070 2622; x_wconf 81' lang='lat' dir='ltr'><strong><em>od</em></strong></span> <span class='ocrx_word' id='word_1_180' title='bbox 1083 2558 1220 2641; x_wconf 79' lang='lat' dir='ltr'><strong><em>priorem</em></strong></span> <span class='ocrx_word' id='word_1_181' title='bbox 1234 2565 1367 2643; x_wconf 30' lang='lat' dir='ltr'><strong><em>anton·</em></strong></span> <span class='ocrx_word' id='word_1_182' title='bbox 1377 2569 1505 2624; x_wconf 77' lang='lat' dir='ltr'><strong><em>sanun</em></strong></span> 
     </span>
     <span class='ocr_line' id='line_1_21' title="bbox 197 2663 1506 2750; baseline 0 -20"><span class='ocrx_word' id='word_1_183' title='bbox 197 2667 260 2730; x_wconf 86' lang='lat' dir='ltr'><strong><em>tiae</em></strong></span> <span class='ocrx_word' id='word_1_184' title='bbox 273 2676 397 2750; x_wconf 88' lang='lat' dir='ltr'><strong><em>partem</em></strong></span> <span class='ocrx_word' id='word_1_185' title='bbox 424 2677 578 2748; x_wconf 87' lang='lat' dir='ltr'><strong><em>spectant,</em></strong></span> <span class='ocrx_word' id='word_1_186' title='bbox 604 2667 638 2730; x_wconf 92' lang='lat' dir='ltr'><strong><em>in</em></strong></span> <span class='ocrx_word' id='word_1_187' title='bbox 663 2685 730 2747; x_wconf 88' lang='lat' dir='ltr'><strong><em>qna</em></strong></span> <span class='ocrx_word' id='word_1_188' title='bbox 745 2667 786 2728; x_wconf 92' lang='lat' dir='ltr'><strong><em>de</em></strong></span> <span class='ocrx_word' id='word_1_189' title='bbox 808 2664 995 2730; x_wconf 86' lang='lat' dir='ltr'><strong><em>dimissione</em></strong></span> <span class='ocrx_word' id='word_1_190' title='bbox 1021 2663 1175 2745; x_wconf 84' lang='lat' dir='ltr'><strong><em>mulieris,</em></strong></span> <span class='ocrx_word' id='word_1_191' title='bbox 1205 2681 1263 2730; x_wconf 84' lang='lat' dir='ltr'><strong><em>sett</em></strong></span> <span class='ocrx_word' id='word_1_192' title='bbox 1289 2663 1506 2732; x_wconf 80' lang='lat' dir='ltr'><strong><em>dissolutione</em></strong></span> 
     </span>
     <span class='ocr_line' id='line_1_22' title="bbox 196 2769 1563 2862; baseline 0.001 -24"><span class='ocrx_word' id='word_1_193' title='bbox 196 2773 338 2860; x_wconf 82' lang='lat' dir='ltr'><strong><em>conjugii</em></strong></span> <span class='ocrx_word' id='word_1_194' title='bbox 353 2773 461 2857; x_wconf 88' lang='lat' dir='ltr'><strong><em>quoad</em></strong></span> <span class='ocrx_word' id='word_1_195' title='bbox 476 2773 750 2838; x_wconf 86' lang='lat' dir='ltr'><strong><em>cohabitationem</em></strong></span> <span class='ocrx_word' id='word_1_196' title='bbox 764 2773 881 2858; x_wconf 83' lang='lat' dir='ltr'><strong><em>agitur,</em></strong></span> <span class='ocrx_word' id='word_1_197' title='bbox 897 2772 1017 2836; x_wconf 86' lang='lat' dir='ltr'><strong><em>nonsd</em></strong></span> <span class='ocrx_word' id='word_1_198' title='bbox 1031 2775 1247 2856; x_wconf 81' lang='lat' dir='ltr'><strong><em>posteriorem,</em></strong></span> <span class='ocrx_word' id='word_1_199' title='bbox 1261 2769 1374 2857; x_wconf 87' lang='lat' dir='ltr'><strong><em>inqua</em></strong></span> <span class='ocrx_word' id='word_1_200' title='bbox 1390 2792 1506 2840; x_wconf 80' lang='lat' dir='ltr'><strong><em>secum</em></strong></span> <span class='ocrx_word' id='word_1_201' title='bbox 1562 2857 1563 2862; x_wconf 8' lang='grc' dir='ltr'>ἵ</span> 
     </span>
     <span class='ocr_line' id='line_1_23' title="bbox 197 2873 1508 2968; baseline -0.001 -20"><span class='ocrx_word' id='word_1_202' title='bbox 197 2885 259 2948; x_wconf 87' lang='lat' dir='ltr'><strong><em>doe</em></strong></span> <span class='ocrx_word' id='word_1_203' title='bbox 275 2885 408 2968; x_wconf 80' lang='lat' dir='ltr'><strong><em>nuptiae</em></strong></span> <span class='ocrx_word' id='word_1_204' title='bbox 425 2881 568 2947; x_wconf 87' lang='lat' dir='ltr'><strong><em>dimissis</em></strong></span> <span class='ocrx_word' id='word_1_205' title='bbox 582 2881 825 2946; x_wconf 85' lang='lat' dir='ltr'><strong><em>interdicuntur.</em></strong></span> <span class='ocrx_word' id='word_1_206' title='bbox 867 2876 1014 2945; x_wconf 85' lang='lat' dir='ltr'><strong><em>Profecto</em></strong></span> <span class='ocrx_word' id='word_1_207' title='bbox 1030 2873 1175 2960; x_wconf 72' lang='lat' dir='ltr'><strong><em>Marcus,</em></strong></span> <span class='ocrx_word' id='word_1_208' title='bbox 1191 2879 1248 2963; x_wconf 83' lang='lat' dir='ltr'><strong><em>qui</em></strong></span> <span class='ocrx_word' id='word_1_209' title='bbox 1261 2874 1424 2946; x_wconf 68' lang='lat' dir='ltr'><strong><em>Mathoni</em></strong></span> <span class='ocrx_word' id='word_1_210' title='bbox 1439 2883 1508 2946; x_wconf 81' lang='lat' dir='ltr'><strong><em>bre·</em></strong></span> 
     </span>
     <span class='ocr_line' id='line_1_24' title="bbox 127 2985 1563 3074; baseline -0.004 -16"><span class='ocrx_word' id='word_1_211' title='bbox 127 3003 133 3017; x_wconf 90' lang='grc'>·</span> <span class='ocrx_word' id='word_1_212' title='bbox 197 2995 300 3058; x_wconf 87' lang='lat' dir='ltr'><strong><em>viator</em></strong></span> <span class='ocrx_word' id='word_1_213' title='bbox 316 2993 440 3073; x_wconf 88' lang='lat' dir='ltr'><strong><em>dicitur,</em></strong></span> <span class='ocrx_word' id='word_1_214' title='bbox 466 2993 625 3058; x_wconf 85' lang='lat' dir='ltr'><strong><em>relaturus</em></strong></span> <span class='ocrx_word' id='word_1_215' title='bbox 639 2991 789 3058; x_wconf 86' lang='lat' dir='ltr'><strong><em>eamdem</em></strong></span> <span class='ocrx_word' id='word_1_216' title='bbox 804 2987 926 3056; x_wconf 84' lang='lat' dir='ltr'><strong><em>Christi</em></strong></span> <span class='ocrx_word' id='word_1_217' title='bbox 941 2988 1074 3054; x_wconf 84' lang='lat' dir='ltr'><strong><em>Domini</em></strong></span> <span class='ocrx_word' id='word_1_218' title='bbox 1089 2989 1283 3053; x_wconf 81' lang='lat' dir='ltr'><strong><em>sententiam</em></strong></span> <span class='ocrx_word' id='word_1_219' title='bbox 1305 2985 1341 3052; x_wconf 89' lang='lat' dir='ltr'><strong><em>in</em></strong></span> <span class='ocrx_word' id='word_1_220' title='bbox 1355 3005 1427 3072; x_wconf 78' lang='lat' dir='ltr'><strong><em>cap.</em></strong></span> <span class='ocrx_word' id='word_1_221' title='bbox 1447 2989 1505 3067; x_wconf 86' lang='lat'><strong><em>1⁰,</em></strong></span> <span class='ocrx_word' id='word_1_222' title='bbox 1562 3039 1563 3074; x_wconf 60' lang='lat'><strong><em>,</em></strong></span> 
     </span>
     <span class='ocr_line' id='line_1_25' title="bbox 197 3095 1563 3183; baseline -0.001 -19"><span class='ocrx_word' id='word_1_223' title='bbox 197 3100 285 3183; x_wconf 90' lang='lat' dir='ltr'><strong><em>quod</em></strong></span> <span class='ocrx_word' id='word_1_224' title='bbox 300 3097 340 3164; x_wconf 90' lang='lat' dir='ltr'><strong><em>de</em></strong></span> <span class='ocrx_word' id='word_1_225' title='bbox 354 3099 486 3162; x_wconf 87' lang='lat' dir='ltr'><strong><em>vinculo</em></strong></span> <span class='ocrx_word' id='word_1_226' title='bbox 501 3100 697 3166; x_wconf 87' lang='lat' dir='ltr'><strong><em>matrimonii</em></strong></span> <span class='ocrx_word' id='word_1_227' title='bbox 711 3097 849 3163; x_wconf 75' lang='lat' dir='ltr'><strong><em>tonnam</em></strong></span> <span class='ocrx_word' id='word_1_228' title='bbox 864 3097 1053 3180; x_wconf 84' lang='lat' dir='ltr'><strong><em>conceperit,</em></strong></span> <span class='ocrx_word' id='word_1_229' title='bbox 1080 3095 1172 3161; x_wconf 86' lang='lat' dir='ltr'><strong><em>iilam</em></strong></span> <span class='ocrx_word' id='word_1_230' title='bbox 1185 3097 1411 3180; x_wconf 78' lang='lat' dir='ltr'><strong><em>exceptionem</em></strong></span> <span class='ocrx_word' id='word_1_231' title='bbox 1426 3099 1506 3163; x_wconf 86' lang='lat' dir='ltr'><strong><em>omi·</em></strong></span> <span class='ocrx_word' id='word_1_232' title='bbox 1562 3137 1563 3180; x_wconf 70' lang='lat'>5</span> 
     </span>
     <span class='ocr_line' id='line_1_26' title="bbox 197 3200 1507 3290; baseline 0 -22"><span class='ocrx_word' id='word_1_233' title='bbox 197 3205 247 3284; x_wconf 90' lang='lat' dir='ltr'><strong><em>sit,</em></strong></span> <span class='ocrx_word' id='word_1_234' title='bbox 264 3205 317 3268; x_wconf 91' lang='lat' dir='ltr'><strong><em>ibi:</em></strong></span> <span class='ocrx_word' id='word_1_235' title='bbox 350 3203 558 3290; x_wconf 80' lang='lat' dir='ltr'><strong><em>Quicumque</em></strong></span> <span class='ocrx_word' id='word_1_236' title='bbox 572 3207 738 3270; x_wconf 84' lang='lat' dir='ltr'><strong><em>dimiserit</em></strong></span> <span class='ocrx_word' id='word_1_237' title='bbox 761 3225 898 3270; x_wconf 71' lang='lat' dir='ltr'><strong><em>uxorem</em></strong></span> <span class='ocrx_word' id='word_1_238' title='bbox 912 3225 1019 3286; x_wconf 77' lang='lat' dir='ltr'><strong><em>mom,</em></strong></span> <span class='ocrx_word' id='word_1_239' title='bbox 1047 3200 1507 3284; x_wconf 65' lang='lat' dir='ltr'><strong><em>orationemementote·</em></strong></span> 
     </span>
     <span class='ocr_line' id='line_1_27' title="bbox 198 3305 1507 3402; baseline -0.001 -22"><span class='ocrx_word' id='word_1_240' title='bbox 198 3316 291 3381; x_wconf 83' lang='lat' dir='ltr'><strong><em>rium</em></strong></span> <span class='ocrx_word' id='word_1_241' title='bbox 305 3317 479 3379; x_wconf 86' lang='lat' dir='ltr'><strong><em>committit</em></strong></span> <span class='ocrx_word' id='word_1_242' title='bbox 503 3317 604 3400; x_wconf 85' lang='lat' dir='ltr'><strong><em>super</em></strong></span> <span class='ocrx_word' id='word_1_243' title='bbox 620 3305 701 3395; x_wconf 81' lang='lat' dir='ltr'><strong><em>eom,</em></strong></span> <span class='ocrx_word' id='word_1_244' title='bbox 728 3323 758 3378; x_wconf 90' lang='lat' dir='ltr'><strong><em>et</em></strong></span> <span class='ocrx_word' id='word_1_245' title='bbox 773 3315 805 3378; x_wconf 87' lang='lat' dir='ltr'><strong><em>si</em></strong></span> <span class='ocrx_word' id='word_1_246' title='bbox 822 3325 908 3378; x_wconf 78' lang='lat' dir='ltr'><strong><em>uuor</em></strong></span> <span class='ocrx_word' id='word_1_247' title='bbox 930 3315 1098 3379; x_wconf 83' lang='lat' dir='ltr'><strong><em>dimiserit</em></strong></span> <span class='ocrx_word' id='word_1_248' title='bbox 1113 3309 1235 3378; x_wconf 60' lang='lat' dir='ltr'><strong><em>‘sirum</em></strong></span> <span class='ocrx_word' id='word_1_249' title='bbox 1255 3330 1369 3402; x_wconf 51' lang='lat' dir='ltr'><strong><em>¹strunt,</em></strong></span> <span class='ocrx_word' id='word_1_250' title='bbox 1394 3323 1427 3379; x_wconf 85' lang='lat' dir='ltr'><strong><em>et</em></strong></span> <span class='ocrx_word' id='word_1_251' title='bbox 1441 3315 1507 3379; x_wconf 82' lang='lat' dir='ltr'><strong><em>aiii</em></strong></span> 
     </span>
     <span class='ocr_line' id='line_1_28' title="bbox 197 3417 1563 3511; baseline -0.005 -21"><span class='ocrx_word' id='word_1_252' title='bbox 197 3427 360 3511; x_wconf 85' lang='lat' dir='ltr'><strong><em>ntrpserit,</em></strong></span> <span class='ocrx_word' id='word_1_253' title='bbox 375 3425 578 3489; x_wconf 83' lang='lat' dir='ltr'><strong><em>maechatur.</em></strong></span> <span class='ocrx_word' id='word_1_254' title='bbox 623 3423 750 3487; x_wconf 80' lang='lat' dir='ltr'><strong><em>Eodem</em></strong></span> <span class='ocrx_word' id='word_1_255' title='bbox 765 3419 861 3488; x_wconf 86' lang='lat' dir='ltr'><strong><em>modo</em></strong></span> <span class='ocrx_word' id='word_1_256' title='bbox 876 3419 986 3487; x_wconf 82' lang='lat' dir='ltr'><strong><em>Lucas</em></strong></span> <span class='ocrx_word' id='word_1_257' title='bbox 1000 3423 1032 3486; x_wconf 88' lang='lat' dir='ltr'><strong><em>in</em></strong></span> <span class='ocrx_word' id='word_1_258' title='bbox 1049 3437 1119 3505; x_wconf 84' lang='lat' dir='ltr'><strong><em>cap.</em></strong></span> <span class='ocrx_word' id='word_1_259' title='bbox 1137 3421 1187 3486; x_wconf 76' lang='lat' dir='ltr'><strong><em>iii.</em></strong></span> <span class='ocrx_word' id='word_1_260' title='bbox 1200 3421 1248 3484; x_wconf 75' lang='lat' dir='ltr'><strong><em>iia</em></strong></span> <span class='ocrx_word' id='word_1_261' title='bbox 1262 3419 1398 3503; x_wconf 76' lang='lat' dir='ltr'><strong><em>scripsit:</em></strong></span> <span class='ocrx_word' id='word_1_262' title='bbox 1425 3417 1506 3484; x_wconf 87' lang='lat' dir='ltr'><strong><em>Om-</em></strong></span> <span class='ocrx_word' id='word_1_263' title='bbox 1562 3423 1563 3504; x_wconf 69' lang='lat' dir='ltr'><strong><em>i</em></strong></span> 
     </span>
     <span class='ocr_line' id='line_1_29' title="bbox 197 3527 1508 3620; baseline -0.005 -19"><span class='ocrx_word' id='word_1_264' title='bbox 197 3537 261 3614; x_wconf 88' lang='lat' dir='ltr'><strong><em>nis,</em></strong></span> <span class='ocrx_word' id='word_1_265' title='bbox 278 3535 336 3620; x_wconf 82' lang='lat' dir='ltr'><strong><em>qni</em></strong></span> <span class='ocrx_word' id='word_1_266' title='bbox 350 3531 491 3599; x_wconf 89' lang='lat' dir='ltr'><strong><em>dimittit</em></strong></span> <span class='ocrx_word' id='word_1_267' title='bbox 516 3537 654 3598; x_wconf 76' lang='lat' dir='ltr'><strong><em>tenorem</em></strong></span> <span class='ocrx_word' id='word_1_268' title='bbox 667 3553 774 3613; x_wconf 76' lang='lat' dir='ltr'><strong><em>mom,</em></strong></span> <span class='ocrx_word' id='word_1_269' title='bbox 801 3541 833 3597; x_wconf 89' lang='lat' dir='ltr'><strong><em>et</em></strong></span> <span class='ocrx_word' id='word_1_270' title='bbox 847 3533 989 3598; x_wconf 85' lang='lat' dir='ltr'><strong><em>aiterum</em></strong></span> <span class='ocrx_word' id='word_1_271' title='bbox 1003 3527 1103 3612; x_wconf 85' lang='lat' dir='ltr'><strong><em>ducit,</em></strong></span> <span class='ocrx_word' id='word_1_272' title='bbox 1118 3529 1320 3611; x_wconf 72' lang='lat' dir='ltr'><strong><em>maechatur,</em></strong></span> <span class='ocrx_word' id='word_1_273' title='bbox 1338 3537 1370 3594; x_wconf 85' lang='lat' dir='ltr'><strong><em>ct</em></strong></span> <span class='ocrx_word' id='word_1_274' title='bbox 1382 3532 1443 3616; x_wconf 80' lang='lat' dir='ltr'><strong><em>qui</em></strong></span> <span class='ocrx_word' id='word_1_275' title='bbox 1457 3529 1508 3594; x_wconf 84' lang='lat' dir='ltr'><strong><em>di·</em></strong></span> 
     </span>
     <span class='ocr_line' id='line_1_30' title="bbox 198 3641 1508 3728; baseline -0.007 -14"><span class='ocrx_word' id='word_1_276' title='bbox 198 3647 339 3714; x_wconf 79' lang='lat' dir='ltr'><strong><em>missum</em></strong></span> <span class='ocrx_word' id='word_1_277' title='bbox 354 3655 375 3711; x_wconf 83' lang='lat' dir='ltr'><strong><em>tt</em></strong></span> <span class='ocrx_word' id='word_1_278' title='bbox 390 3647 461 3712; x_wconf 86' lang='lat' dir='ltr'><strong><em>uiro</em></strong></span> <span class='ocrx_word' id='word_1_279' title='bbox 486 3645 585 3724; x_wconf 88' lang='lat' dir='ltr'><strong><em>ducit,</em></strong></span> <span class='ocrx_word' id='word_1_280' title='bbox 611 3645 819 3727; x_wconf 62' lang='lat' dir='ltr'><strong><em>masciatum</em></strong></span> <span class='ocrx_word' id='word_1_281' title='bbox 844 3643 963 3728; x_wconf 86' lang='lat' dir='ltr'><strong><em>quibus</em></strong></span> <span class='ocrx_word' id='word_1_282' title='bbox 978 3641 1056 3708; x_wconf 85' lang='lat' dir='ltr'><strong><em>addi</em></strong></span> <span class='ocrx_word' id='word_1_283' title='bbox 1070 3653 1206 3726; x_wconf 81' lang='lat' dir='ltr'><strong><em>possum</em></strong></span> <span class='ocrx_word' id='word_1_284' title='bbox 1227 3641 1393 3726; x_wconf 66' lang='lat' dir='ltr'><strong><em>galaulis</em></strong></span> <span class='ocrx_word' id='word_1_285' title='bbox 1407 3641 1508 3706; x_wconf 80' lang='lat' dir='ltr'><strong><em>Pauli</em></strong></span> 
     </span>
     <span class='ocr_line' id='line_1_31' title="bbox 197 3733 1505 3838; baseline -0.006 -19"><span class='ocrx_word' id='word_1_286' title='bbox 197 3755 296 3819; x_wconf 83' lang='lat' dir='ltr'><strong><em>verba</em></strong></span> <span class='ocrx_word' id='word_1_287' title='bbox 311 3753 382 3820; x_wconf 84' lang='lat' dir='ltr'><strong><em>sine&#39;</em></strong></span> <span class='ocrx_word' id='word_1_288' title='bbox 406 3753 474 3818; x_wconf 86' lang='lat' dir='ltr'><strong><em>ulla</em></strong></span> <span class='ocrx_word' id='word_1_289' title='bbox 488 3733 656 3838; x_wconf 65' lang='lat' dir='ltr'><strong><em>e&#39;xeptione</em></strong></span> <span class='ocrx_word' id='word_1_290' title='bbox 682 3753 842 3838; x_wconf 86' lang='lat' dir='ltr'><strong><em>descripta</em></strong></span> <span class='ocrx_word' id='word_1_291' title='bbox 856 3753 901 3817; x_wconf 92' lang='lat' dir='ltr'><strong><em>in·</em></strong></span> <span class='ocrx_word' id='word_1_292' title='bbox 915 3752 1006 3836; x_wconf 87' lang='lat' dir='ltr'><strong><em>epist</em></strong></span> <span class='ocrx_word' id='word_1_293' title='bbox 1034 3753 1063 3816; x_wconf 89' lang='lat'><strong><em>1.</em></strong></span> <span class='ocrx_word' id='word_1_294' title='bbox 1078 3769 1118 3815; x_wconf 83' lang='lat' dir='ltr'><strong><em>ec</em></strong></span> <span class='ocrx_word' id='word_1_295' title='bbox 1144 3751 1288 3816; x_wconf 75' lang='lat' dir='ltr'><strong><em>omium.</em></strong></span> <span class='ocrx_word' id='word_1_296' title='bbox 1312 3766 1383 3834; x_wconf 78' lang='lat' dir='ltr'><strong><em>cop.</em></strong></span> <span class='ocrx_word' id='word_1_297' title='bbox 1400 3752 1430 3818; x_wconf 75' lang='grc'><strong><em>7.</em></strong></span> <span class='ocrx_word' id='word_1_298' title='bbox 1447 3749 1505 3814; x_wconf 81' lang='lat' dir='ltr'><strong><em>ibi:</em></strong></span> 
     </span>
     <span class='ocr_line' id='line_1_32' title="bbox 199 3854 1563 3952; baseline -0.001 -26"><span class='ocrx_word' id='word_1_299' title='bbox 199 3854 250 3926; x_wconf 77' lang='lat' dir='ltr'><strong><em>Iis</em></strong></span> <span class='ocrx_word' id='word_1_300' title='bbox 265 3869 385 3942; x_wconf 80' lang='lat' dir='ltr'><strong><em>autem,</em></strong></span> <span class='ocrx_word' id='word_1_301' title='bbox 413 3865 696 3948; x_wconf 70' lang='lat' dir='ltr'><strong><em>animatrimonio</em></strong></span> <span class='ocrx_word' id='word_1_302' title='bbox 711 3863 927 3950; x_wconf 65' lang='lat' dir='ltr'><strong><em>junctionem,</em></strong></span> <span class='ocrx_word' id='word_1_303' title='bbox 954 3859 1509 3947; x_wconf 55' lang='lat' dir='ltr'><strong><em>praeparamentum</em></strong></span> <span class='ocrx_word' id='word_1_304' title='bbox 1562 3895 1563 3952; x_wconf 53' lang='lat'>3</span> 
     </span>
     <span class='ocr_line' id='line_1_33' title="bbox 198 3967 1563 4058; baseline -0.005 -20"><span class='ocrx_word' id='word_1_305' title='bbox 198 3991 273 4054; x_wconf 80' lang='lat' dir='ltr'><strong><em>ntes,</em></strong></span> <span class='ocrx_word' id='word_1_306' title='bbox 289 3988 426 4037; x_wconf 80' lang='lat' dir='ltr'><strong><em>osorem</em></strong></span> <span class='ocrx_word' id='word_1_307' title='bbox 442 3980 464 4036; x_wconf 90' lang='lat' dir='ltr'><strong><em>o</em></strong></span> <span class='ocrx_word' id='word_1_308' title='bbox 478 3974 549 4037; x_wconf 87' lang='lat' dir='ltr'><strong><em>uiro</em></strong></span> <span class='ocrx_word' id='word_1_309' title='bbox 562 3993 629 4036; x_wconf 87' lang='lat' dir='ltr'><strong><em>non</em></strong></span> <span class='ocrx_word' id='word_1_310' title='bbox 643 3973 814 4053; x_wconf 84' lang='lat' dir='ltr'><strong><em>discedere,</em></strong></span> <span class='ocrx_word' id='word_1_311' title='bbox 830 3971 916 4058; x_wconf 84' lang='lat' dir='ltr'><strong><em>quod</em></strong></span> <span class='ocrx_word' id='word_1_312' title='bbox 928 3971 961 4035; x_wconf 91' lang='lat' dir='ltr'><strong><em>si</em></strong></span> <span class='ocrx_word' id='word_1_313' title='bbox 974 3969 1167 4050; x_wconf 76' lang='lat' dir='ltr'><strong><em>discesserit,</em></strong></span> <span class='ocrx_word' id='word_1_314' title='bbox 1188 3978 1324 4033; x_wconf 75' lang='lat' dir='ltr'><strong><em>mortem</em></strong></span> <span class='ocrx_word' id='word_1_315' title='bbox 1338 3967 1508 4051; x_wconf 66' lang='lat' dir='ltr'><strong><em>irruptum</em></strong></span> <span class='ocrx_word' id='word_1_316' title='bbox 1562 4011 1563 4042; x_wconf 72' lang='lat'><strong><em>,</em></strong></span> 
     </span>
     <span class='ocr_line' id='line_1_34' title="bbox 91 4076 1508 4164; baseline -0.005 -18"><span class='ocrx_word' id='word_1_317' title='bbox 91 4125 94 4130; x_wconf 30' lang='grc' dir='ltr'><strong><em>ι</em></strong></span> <span class='ocrx_word' id='word_1_318' title='bbox 199 4089 260 4146; x_wconf 85' lang='lat' dir='ltr'><strong><em>out</em></strong></span> <span class='ocrx_word' id='word_1_319' title='bbox 274 4081 345 4143; x_wconf 87' lang='lat' dir='ltr'><strong><em>uiro</em></strong></span> <span class='ocrx_word' id='word_1_320' title='bbox 369 4099 431 4143; x_wconf 89' lang='lat' dir='ltr'><strong><em>suo</em></strong></span> <span class='ocrx_word' id='word_1_321' title='bbox 455 4081 671 4145; x_wconf 83' lang='lat' dir='ltr'><strong><em>reconciliari.</em></strong></span> <span class='ocrx_word' id='word_1_322' title='bbox 714 4081 810 4146; x_wconf 85' lang='lat' dir='ltr'><strong><em>Forte</em></strong></span> <span class='ocrx_word' id='word_1_323' title='bbox 821 4083 1026 4164; x_wconf 74' lang='lat' dir='ltr'><strong><em>&#39;quemqnam</em></strong></span> <span class='ocrx_word' id='word_1_324' title='bbox 1051 4076 1192 4142; x_wconf 86' lang='lat' dir='ltr'><strong><em>turbabit</em></strong></span> <span class='ocrx_word' id='word_1_325' title='bbox 1205 4093 1314 4142; x_wconf 87' lang='lat' dir='ltr'><strong><em>canon</em></strong></span> <span class='ocrx_word' id='word_1_326' title='bbox 1339 4079 1389 4143; x_wconf 79' lang='grc'><strong><em>17.</em></strong></span> <span class='ocrx_word' id='word_1_327' title='bbox 1412 4093 1508 4140; x_wconf 80' lang='lat' dir='ltr'><strong><em>caus.</em></strong></span> 
     </span>
     <span class='ocr_line' id='line_1_35' title="bbox 189 4183 1563 4272; baseline -0.005 -21"><span class='ocrx_word' id='word_1_328' title='bbox 189 4189 251 4254; x_wconf 79' lang='grc'><strong><em>32.</em></strong></span> <span class='ocrx_word' id='word_1_329' title='bbox 267 4197 390 4272; x_wconf 87' lang='lat' dir='ltr'><strong><em>quaest.</em></strong></span> <span class='ocrx_word' id='word_1_330' title='bbox 406 4190 445 4270; x_wconf 83' lang='lat' dir='ltr'><strong><em>t,</em></strong></span> <span class='ocrx_word' id='word_1_331' title='bbox 472 4190 527 4252; x_wconf 90' lang='lat' dir='ltr'><strong><em>ubi</em></strong></span> <span class='ocrx_word' id='word_1_332' title='bbox 542 4199 574 4253; x_wconf 89' lang='lat' dir='ltr'><strong><em>et</em></strong></span> <span class='ocrx_word' id='word_1_333' title='bbox 588 4207 690 4272; x_wconf 88' lang='lat' dir='ltr'><strong><em>nuper</em></strong></span> <span class='ocrx_word' id='word_1_334' title='bbox 705 4187 839 4254; x_wconf 82' lang='lat' dir='ltr'><strong><em>laudato</em></strong></span> <span class='ocrx_word' id='word_1_335' title='bbox 853 4187 948 4253; x_wconf 85' lang='lat' dir='ltr'><strong><em>Pauli</em></strong></span> <span class='ocrx_word' id='word_1_336' title='bbox 961 4188 1061 4252; x_wconf 83' lang='lat' dir='ltr'><strong><em>verba</em></strong></span> <span class='ocrx_word' id='word_1_337' title='bbox 1084 4186 1333 4251; x_wconf 68' lang='lat' dir='ltr'><strong><em>exhibentem</em></strong></span> <span class='ocrx_word' id='word_1_338' title='bbox 1347 4183 1511 4266; x_wconf 75' lang='lat' dir='ltr'><strong><em>exceptio</em></strong></span> <span class='ocrx_word' id='word_1_339' title='bbox 1562 4191 1563 4272; x_wconf 63' lang='lat' dir='ltr'><strong><em>l</em></strong></span> 
     </span>
     <span class='ocr_line' id='line_1_36' title="bbox 163 4273 1563 4382; baseline -0.006 -18"><span class='ocrx_word' id='word_1_340' title='bbox 163 4333 170 4346; x_wconf 92' lang='lat'>·</span> <span class='ocrx_word' id='word_1_341' title='bbox 199 4297 390 4379; x_wconf 80' lang='lat' dir='ltr'><strong><em>noartjecta,</em></strong></span> <span class='ocrx_word' id='word_1_342' title='bbox 416 4296 486 4359; x_wconf 86' lang='lat' dir='ltr'><strong><em>nisi</em></strong></span> <span class='ocrx_word' id='word_1_343' title='bbox 500 4297 855 4382; x_wconf 85' lang='lat' dir='ltr'><strong><em>causosornieationis,</em></strong></span> <span class='ocrx_word' id='word_1_344' title='bbox 882 4307 913 4360; x_wconf 89' lang='lat' dir='ltr'><strong><em>et</em></strong></span> <span class='ocrx_word' id='word_1_345' title='bbox 927 4295 1071 4377; x_wconf 80' lang='lat' dir='ltr'><strong><em>traditur,</em></strong></span> <span class='ocrx_word' id='word_1_346' title='bbox 1098 4294 1280 4360; x_wconf 79' lang='lat' dir='ltr'><strong><em>adulteram</em></strong></span> <span class='ocrx_word' id='word_1_347' title='bbox 1303 4309 1439 4358; x_wconf 70' lang='lat' dir='ltr'><strong><em>morere</em></strong></span> <span class='ocrx_word' id='word_1_348' title='bbox 1456 4292 1511 4355; x_wconf 88' lang='lat' dir='ltr'><strong><em>di·</em></strong></span> <span class='ocrx_word' id='word_1_349' title='bbox 1562 4273 1563 4318; x_wconf 66' lang='lat'>³</span> 
     </span>
     <span class='ocr_line' id='line_1_37' title="bbox 198 4399 1563 4490; baseline -0.006 -21"><span class='ocrx_word' id='word_1_350' title='bbox 198 4405 332 4470; x_wconf 88' lang='lat' dir='ltr'><strong><em>missam</em></strong></span> <span class='ocrx_word' id='word_1_351' title='bbox 347 4405 496 4487; x_wconf 86' lang='lat' dir='ltr'><strong><em>inoptam</em></strong></span> <span class='ocrx_word' id='word_1_352' title='bbox 521 4422 652 4470; x_wconf 88' lang='lat' dir='ltr'><strong><em>manere</em></strong></span> <span class='ocrx_word' id='word_1_353' title='bbox 667 4401 789 4486; x_wconf 73' lang='lat' dir='ltr'><strong><em>doben,</em></strong></span> <span class='ocrx_word' id='word_1_354' title='bbox 816 4403 1000 4470; x_wconf 86' lang='lat' dir='ltr'><strong><em>dimittendi</em></strong></span> <span class='ocrx_word' id='word_1_355' title='bbox 1013 4421 1090 4468; x_wconf 83' lang='lat' dir='ltr'><strong><em>vero</em></strong></span> <span class='ocrx_word' id='word_1_356' title='bbox 1113 4400 1298 4486; x_wconf 76' lang='lat' dir='ltr'><strong><em>emundant</em></strong></span> <span class='ocrx_word' id='word_1_357' title='bbox 1315 4399 1511 4486; x_wconf 70' lang='lat' dir='ltr'><strong><em>eonjugium</em></strong></span> <span class='ocrx_word' id='word_1_358' title='bbox 1562 4403 1563 4490; x_wconf 61' lang='lat' dir='ltr'><strong><em>l</em></strong></span> 
     </span>
    </p>
   </div>
   <div class='ocr_carea' id='block_1_3' title="bbox 199 4511 1514 4606">
    <p class='ocr_par' dir='ltr' id='par_1_3' title="bbox 199 4511 1563 4614">
     <span class='ocr_line' id='line_1_38' title="bbox 199 4511 1514 4606; baseline 0.003 -26"><span class='ocrx_word' id='word_1_359' title='bbox 199 4515 348 4599; x_wconf 87' lang='lat' dir='ltr'><strong><em>permitti.</em></strong></span> <span class='ocrx_word' id='word_1_360' title='bbox 391 4515 576 4600; x_wconf 75' lang='lat' dir='ltr'><strong><em>Torquatus</em></strong></span> <span class='ocrx_word' id='word_1_361' title='bbox 590 4517 767 4584; x_wconf 82' lang='lat' dir='ltr'><strong><em>Gratianus</em></strong></span> <span class='ocrx_word' id='word_1_362' title='bbox 780 4517 850 4606; x_wconf 87' lang='lat' dir='ltr'><strong><em>ipse</em></strong></span> <span class='ocrx_word' id='word_1_363' title='bbox 864 4517 898 4584; x_wconf 89' lang='lat' dir='ltr'><strong><em>iu</em></strong></span> <span class='ocrx_word' id='word_1_364' title='bbox 911 4519 983 4605; x_wconf 85' lang='lat' dir='ltr'><strong><em>ejus</em></strong></span> <span class='ocrx_word' id='word_1_365' title='bbox 996 4517 1133 4584; x_wconf 80' lang='lat' dir='ltr'><strong><em>ommis</em></strong></span> <span class='ocrx_word' id='word_1_366' title='bbox 1145 4511 1514 4602; x_wconf 58' lang='lat' dir='ltr'><strong><em>interpretationum</em></strong></span> 
     </span>
    </p>
   </div>
   <div class='ocr_carea' id='block_1_4' title="bbox 0 0 1586 4980">
    <p class='ocr_par' dir='ltr' id='par_1_4' title="bbox 0 0 1586 4980">
     <span class='ocr_line' id='line_1_39' title="bbox 0 0 1586 4980; baseline 0 0"><span class='ocrx_word' id='word_1_367' title='bbox 0 0 1586 4980; x_wconf 95' lang='lat' dir='ltr'><strong><em> </em></strong></span> 
     </span>
    </p>
   </div>
  </div>
 </body>
</html>
