3146 4980
558 701 793 776 Quantulo
815 704 857 770 11.

126 1006 165 1074 Dr
176 1009 304 1078 occultis
318 1007 554 1089 matrimoniis,
576 1029 660 1094 quoe
670 1027 859 1096 paucorum
873 1009 1070 1076 conscientia
1085 1016 1243 1092 terantur,
1259 1031 1320 1076 seu

222 1168 226 1176 ’
288 1162 375 1228 quae
390 1142 597 1208 matrimonia
611 1143 827 1209 oomcientiae
848 1143 950 1227 ongo
967 1143 1133 1214 dictantur.

89 1450 300 1660 Exedunt*
314 1587 446 1677 quidem
461 1593 659 1677 generaliter,
680 1591 887 1660 matrimonia
901 1593 1085 1658 solemniter
1105 1594 1265 1676 celebrari,
1281 1595 1364 1662 adeo

87 1713 114 1764 ut
124 1701 194 1766 nibil
208 1699 415 1781 desideretur,
430 1699 518 1784 quod
533 1715 591 1766 eut
605 1703 806 1768 Sacramenti
821 1703 971 1786 dignitati
985 1703 1164 1781 conveniat,
1180 1712 1237 1765 aut
1255 1703 1364 1766 decori

85 1811 218 1891 nebien,
243 1811 332 1894 quod
347 1813 448 1876 enitet
472 1812 508 1876 in
523 1831 624 1878 uxore
649 1813 756 1892 ducta,
782 1825 815 1876 et
828 1811 1073 1900 matrefamilias
1093 1820 1276 1890 consituta,
1290 1829 1365 1874 neo·
1388 1823 1392 1832 ·

20 1983 21 1986 ,
85 1921 177 1986 nonin
191 1919 298 1985 liberis
313 1921 480 2004 susceptis,
505 1931 654 2004 paternae
670 1923 853 2004 nobilitatis,
876 1933 908 1986 et
915 1925 1039 2008 jurium
1053 1921 1229 2005 aliquando
1248 1921 1365 1986 futuris

84 2031 309 2094 summanus.
353 2029 393 2094 Id
418 2041 529 2094 tamen
557 2039 749 2114 perpetuum
777 2043 926 2113 nonest,
955 2013 1031 2098 cum
1060 2045 1147 2098 certa
1174 2032 1365 2096 idemtidem

83 2151 226 2222 emergant
240 2140 275 2204 in
289 2139 421 2204 familiis
436 2139 598 2224 adjuncta,
625 2157 710 2222 qtrae
725 2141 899 2222 postulant,
916 2143 1101 2224 generalem
1122 2142 1366 2208 solemnitatum

82 2243 167 2328 legem
180 2249 293 2315 remiti.
337 2248 376 2314 In
392 2248 539 2330 plurrbus
553 2249 746 2334 Germaniae
767 2248 847 2312 locis
862 2259 989 2332 recepta
1004 2260 1080 2313 sunt
1101 2251 1253 2332 conjugia
1266 2267 1364 2330 quae·

81 2353 150 2434 dom,
165 2375 247 2441 quae
271 2355 477 2440 appellantur
502 2357 846 2440 odnwrgonaticom;
868 2377 972 2440 eaque
997 2368 1034 2422 ut
1048 2359 1225 2442 plurimum
1241 2369 1365 2422 contra·

81 2459 218 2530 buntura
243 2464 406 2528 nobilibus
420 2465 506 2547 viris,
532 2465 590 2548 qui
605 2463 759 2529 defuncta
785 2483 885 2530 uxore
899 2477 972 2550 post
986 2467 1101 2531 liberos
1126 2485 1168 2530 ex
1181 2485 1221 2530 ea
1236 2484 1365 2548 suscep
1460 2548 1463 2562 ἱ

20 2659 22 2664 ι
80 2578 125 2652 tos,
137 2573 232 2641 aliam
257 2575 318 2640 sibi
332 2575 505 2658 conjugem
519 2573 676 2652 inferioris
689 2577 815 2658 generis
830 2577 1017 2642 adsciscunt
1030 2597 1069 2642 ea
1084 2577 1163 2660 lege,
1186 2588 1223 2640 ut
1237 2595 1277 2638 ea
1290 2593 1367 2640 con-

20 2721 21 2732 2
75 2678 132 2760 jux,
146 2682 298 2766 liberique
312 2702 359 2746 ex
380 2701 419 2745 eo
432 2679 637 2746 matrimonio
659 2683 857 2766 suscipiendi
878 2683 960 2748 nihil
976 2684 1129 2768 sibijuris
1143 2703 1185 2748 ex
1203 2703 1244 2746 eo
1257 2684 1365 2766 conjn-

20 2781 21 2784 '
77 2787 120 2869 gio
132 2791 309 2874 adquirant,
337 2801 566 2875 praeterquam
581 2790 624 2854 ad
639 2811 687 2871 ea,
712 2811 797 2874 qnae
812 2810 923 2858 eorum
950 2791 1112 2854 alimentis
1127 2800 1204 2854 sunt
1219 2808 1366 2853 necessa·

20 2909 21 2976 s
77 2898 123 2980 ria;
137 2912 366 2985 proptereaque
389 2899 606 2966 excludantur
629 2899 673 2964 ab
686 2901 870 2981 honoribus,
897 2899 1093 2977 muneribus,
1108 2907 1141 2960 et
1154 2897 1265 2971 titulis,
1280 2915 1365 2980 quae

20 3023 21 3030 ¹
75 3025 110 3070 ex
123 3013 323 3076 matrimonio
348 3011 579 3094 undecumque
588 3012 677 3094 justo
697 3009 828 3094 adquiri
853 3010 936 3074 alias
950 3019 1089 3094 possent,
1112 3009 1180 3074 libr.
1196 3011 1226 3074 2.
1241 3009 1364 3076 feudor.

20 3099 21 3102 ¹
73 3105 173 3180 tntu
189 3121 211 3186 l.
225 3119 256 3181 5.
282 3135 365 3182 vers.
382 3117 475 3192 Filii,
502 3128 534 3180 et
550 3117 594 3180 tit
610 3117 661 3180 29.
705 3117 862 3181 Privatim
877 3117 959 3180 haec
974 3118 1126 3202 conjugia
1149 3119 1296 3182 contrabi
1315 3137 1366 3183 so-

20 3263 21 3306 3
73 3215 136 3300 lent,
151 3221 280 3288 obtenta
304 3223 478 3307 apublieis
504 3222 804 3288 denuntiationibus
819 3223 1068 3306 dispensatione,
1095 3242 1298 3308 quamquam
1312 3243 1365 3287 co·

72 3341 132 3390 ram
147 3330 301 3414 Parooho,
315 3343 348 3396 et
360 3333 504 3413 testibus,
517 3343 557 3398 ut
571 3335 707 3399 decretis
722 3335 924 3424 Tridentinis
939 3337 1085 3402 satisfiat.
1130 3335 1203 3400 Non
1222 3335 1365 3402 multum

20 3433 21 3436 ’
72 3435 107 3497 ab
119 3438 237 3506 eisdem
252 3443 375 3508 distant
389 3463 429 3506 ea
443 3445 656 3523 matrimonia,
672 3463 757 3526 quae
772 3445 954 3528 apellantur
968 3447 1193 3523 mamertine,
1215 3455 1364 3526 etquen-

72 3545 166 3632 doque
189 3553 426 3619 contrahuntur
451 3553 484 3618 iu
501 3553 599 3616 variis
610 3553 801 3635 Provinciis.
847 3553 1011 3620 Nimirum
1026 3573 1064 3616 ea
1083 3561 1168 3631 sunt,
1193 3547 1364 3632 inquibus

70 3673 126 3722 nun
141 3671 266 3730 tanturn
283 3663 477 3729 omittuntur
493 3663 636 3745 legitima
650 3664 881 3728 interveniente
895 3663 1135 3747 dispensatione
1149 3659 1365 3724 denuntiatio-

68 3783 125 3849 nes,
140 3776 368 3840 verumetiam
390 3774 542 3858 privatim
556 3784 751 3848 contractus¹
764 3773 862 3837 initur
876 3792 985 3836 eoram
1000 3773 1155 3854 Parooho,
1180 3771 1233 3835 vel
1253 3772 1365 3836 Sacer-

69 3873 134 3942 dote
147 3881 279 3948 adeam
293 3895 429 3950 causant
444 3881 624 3966 specialiter
639 3881 795 3967 delegato,
812 3873 888 3945 item
904 3881 1032 3946 duobus
1048 3882 1183 3946 testibus
1200 3879 1364 3945 familiari-

56 3981 128 4083 kbtts,
143 4009 181 4054 ae
195 3991 349 4056 fidelibus
363 3985 485 4071 amicis,
501 3991 566 4055 fide
581 3991 624 4055 ab
637 3992 761 4057 eisdem
776 3994 935 4076 praestita,
951 4002 989 4058 ut
1003 4004 1162 4056 secretum
1181 3991 1274 4054 illum
1289 4007 1364 4053 con·

63 4087 259 4170 jugitatem
278 4099 400 4162 nemini
416 4093 619 4181 patefaciant,
643 4101 684 4164 ob
699 4101 867 4184 quasdam,
883 4121 968 4184 quae
983 4102 1117 4165 subesse
1132 4109 1276 4183 possunt,
1293 4117 1364 4180 gra·

68 4197 207 4270 vualnas
221 4227 347 4273 causas.
391 4209 493 4273 Fiunt
507 4209 590 4274 haec
605 4211 657 4273 vel
672 4212 803 4276 obtenta
817 4213 860 4276 ab
876 4211 1038 4296 Episcopo
1063 4209 1226 4288 facultate,
1243 4207 1295 4270 vel
1309 4208 1363 4270 ob

69 4312 150 4374 tenta
164 4313 361 4401 indulgentia
376 4318 410 4381 in
424 4317 574 4384 Romana
590 4319 849 4386 Poenitentiaria.
886 4321 960 4386 Non
975 4331 1024 4385 est
1039 4317 1265 4395 dubitandum,
1282 4316 1363 4397 quin

69 4418 180 4486 ⁸1ht'it
192 4429 349 4515 conjugiis
361 4427 456 4513 plura
470 4429 549 4494 olim
564 4429 771 4495 incommoda
784 4439 993 4515 emergerent.
1036 4425 1216 4494 Nemeum
1231 4425 1360 4492 nullum
