3276 4984
258 453 343 501 curn
366 451 453 496 siun
477 450 680 509 seoussnre,
705 450 752 494 ar
775 449 941 498 uuonooo
964 449 1271 494 conranannrua.
1379 430 1420 494 53

145 585 170 644 tu
185 575 441 656 patrisfamiliam
463 573 619 637 ducturus
641 582 732 651 asset,
758 571 904 634 futurum
928 581 1037 634 tamen
1062 571 1239 654 aliquando
1265 573 1422 656 sperabat,

145 695 173 745 ut
184 687 227 746 sui
238 687 316 768 juris
331 685 466 748 effectus
481 682 632 746 eamdem
646 683 816 764 conjugem
833 681 866 743 in
892 701 952 744 sua
978 679 1102 744 familia
1116 683 1234 745 habero
1263 684 1426 768 inciperet:

145 797 226 869 atque
240 791 376 874 estjuris
391 791 531 853 Romani
549 789 766 852 vetustissima
791 789 899 871 regula
929 789 1065 870 uadens,
1092 792 1255 854 neminem
1271 793 1305 856 in
1328 795 1428 858 alicu·

141 897 282 978 jusinriti
310 897 466 960 familiam
493 897 712 980 recipiendum
739 917 818 972 esse,
843 896 1120 979 quemadmodum
1146 895 1241 960 facile
1264 897 1426 980 colligitur

143 1025 226 1086 ereo,
241 1007 327 1089 quod
343 1027 402 1071 nec
417 1017 505 1090 pater
521 1015 650 1088 poterat,
663 1006 764 1068 invito
780 1003 855 1084 filio,
872 1005 931 1068 sibi
947 1005 1089 1086 aliquem
1111 1007 1144 1068 in
1167 1019 1314 1090 nepotem
1330 1008 1426 1092 adop

144 1125 204 1192 tare,
219 1115 237 1177 l.
252 1117 279 1178 6.
297 1115 328 1178 ff.
345 1116 384 1178 de
410 1115 645 1198 adoptionibus.
688 1115 931 1177 Recentioribus
955 1116 1091 1178 saeculis
1118 1127 1280 1199 receptum
1306 1130 1363 1199 est,
1391 1131 1427 1182 ut

143 1234 167 1284 et
179 1223 310 1287 filiorum
325 1243 436 1305 aeque,
449 1235 480 1285 et
494 1223 635 1285 filiarum
660 1221 824 1303 sponsalia
849 1221 1109 1285 contrahentium
1131 1241 1307 1285 consensus
1322 1225 1425 1306 requi·

143 1344 252 1412 reretur,
268 1345 302 1395 et
316 1331 484 1413 sufficeret;
502 1331 564 1392 nisi
580 1329 658 1392 forte
673 1332 706 1392 in
722 1349 759 1392 eo
783 1329 891 1391 adbuc
917 1329 1090 1411 quisquam
1114 1329 1191 1391 velit
1219 1348 1349 1391 manere
1373 1349 1427 1392 ve·

143 1447 245 1502 tostam
260 1441 419 1520 integram
434 1437 640 1519 disciplinam
667 1434 897 1521 (nequeenim
923 1456 982 1516 ego
1009 1435 1171 1520 repugno),
1198 1435 1284 1518 quod
1310 1437 1336 1498 si
1353 1457 1427 1518 aga-

142 1549 230 1611 tnrde
256 1549 333 1612 filiis
357 1549 586 1630 impuberibus
613 1547 665 1609 vol
692 1547 732 1610 de
760 1547 889 1610 filiabus
915 1547 1060 1610 nondum
1088 1547 1339 1630 viripotenubuS,
1361 1569 1427 1612 non

142 1655 218 1720 aliter
231 1659 397 1741 sponsalia
422 1659 463 1720 ab
488 1657 565 1740 ipsis
592 1667 755 1719 contracta
777 1657 961 1736 consistant,
989 1675 1089 1738 quarn
1115 1658 1142 1718 si
1158 1655 1291 1740 paterna
1314 1657 1426 1721 volun-

144 1767 351 1830 tasvoluntati
373 1767 500 1829 illorum
525 1763 666 1840 accedat,
692 1751 856 1847 propterea
882 1767 969 1846 quod
995 1763 1194 1850 pupillorum
1218 1767 1359 1830 maxime
1381 1769 1429 1830 in-

140 1871 254 1940 firmum
269 1875 442 1940 consilium
467 1873 515 1954 sit,
542 1874 718 1954 deceatque
744 1873 824 1936 illud
851 1886 982 1956 paterno
1005 1875 1108 1958 judici
1134 1873 1289 1958 adjuvari,
1315 1885 1428 1936 contra

139 2001 224 2064 quam
245 1985 487 2049 observandum
512 1985 553 2046 sit
579 1983 611 2056 in
638 1985 763 2047 actibus
789 1983 968 2064 liberorum,
993 1986 1048 2066 qui
1069 1987 1138 2068 jam
1165 1985 1366 2068 pubertatem
1381 1996 1428 2047 at·

140 2093 300 2176 tingerint,
333 2105 441 2178 utpote
471 2095 527 2176 qui
572 2091 701 2156 facilius
739 2091 857 2154 liberae
897 2111 976 2154 suae
1006 2093 1164 2156 voluntati
1193 2093 1427 2175 relinquuntur.

140 2197 320 2282 llequiritur‚
346 2203 489 2283 inquam,
519 2201 615 2264 bodie
645 2200 794 2279 filiorum,
824 2201 1007 2265 filiarumve
1037 2221 1223 2282 consensus,
1254 2201 1332 2283 quin
1363 2201 1428 2268 sul·

139 2307 213 2373 ficiat
226 2313 359 2376 Patrem
382 2311 509 2394 puellae
535 2309 699 2394 spondere,
726 2311 789 2374 nisi
814 2319 845 2374 et
869 2329 938 2394 rpsa
964 2309 1072 2394 puella
1097 2310 1301 2392 sponsionem
1329 2309 1429 2392 patris

138 2421 355 2504 quoquomodo
380 2421 578 2501 confirment,
601 2421 654 2484 vel
679 2433 782 2486 ratam
806 2423 932 2501 babeat,
958 2441 1027 2505 cap.
1055 2439 1109 2484 un.
1138 2421 1171 2484 in
1198 2399 1263 2484 fine
1290 2422 1330 2484 de
1357 2421 1427 2485 des·

138 2547 248 2614 pensat.
266 2535 390 2616 irnpub.
417 2533 637 2617 morteque
662 2535 750 2598 enim
775 2554 972 2617 quemquam
999 2533 1125 2596 turbare
1152 2533 1245 2598 debet
1269 2555 1374 2600 canon
1397 2537 1428 2600 2.

137 2663 212 2710 cans.
227 2649 281 2711 31.
305 2658 427 2729 quaest.
453 2647 492 2726 2,
519 2668 584 2726 seu,
609 2633 697 2729 q'uod
724 2647 809 2710 idem
834 2657 892 2726 est,
918 2645 1098 2729 capitulum
1127 2647 1153 2708 1.
1181 2643 1220 2707 dc
1246 2645 1428 2728 desponsat.

140 2753 294 2838 impubem,
312 2757 366 2820 ubi
393 2755 534 2838 adigitur
555 2755 642 2819 filins
669 2755 814 2819 nondum
839 2753 1065 2836 adultus'post
1091 2755 1187 2817 unius
1214 2757 1311 2838 patris
1337 2735 1430 2838 spon-

137 2864 258 2944 sionem,
292 2875 330 2927 ut
353 2865 592 2929 matrimonium
618 2865 795 2928 contrahat.
841 2861 1003 2926 Nimirum
1025 2864 1092 2946 jam
1119 2882 1179 2944 ego
1201 2863 1369 2926 observari
1394 2863 1428 2926 in

139 2976 208 3036 meis
236 2975 519 3039 lucubrationibus
543 2977 576 3038 in
605 2974 749 3037 codicem
776 2973 922 3036 Gratiani
948 2985 1037 3055 parto
1061 2973 1090 3035 2.
1117 2983 1191 3036 tom.
1218 2975 1244 3036 l.
1271 2995 1339 3058 cap.
1367 2975 1428 3056 49,

139 3094 378 3147 monumentum
394 3083 473 3145 illud
491 3089 510 3147 ri
526 3083 602 3146 viris
617 3083 750 3146 eruditis
766 3083 847 3144 inter
873 3087 1056 3167 apocrypha
1071 3069 1234 3165 recenser·i;
1252 3104 1356 3166 neque
1372 3105 1428 3168 pu·

139 3199 171 3268 tn,
195 3194 296 3256 aliam
327 3192 361 3255 in
390 3211 428 3254 eo
458 3191 665 3256 describendo
694 3190 794 3254 fuisse
818 3203 958 3255 mentem
986 3193 1173 3256 Collectoris
1199 3192 1428 3274 Decretalium‚
1471 3175 1472 3180 ἵ

138 3317 226 3379 quam
241 3315 279 3366 ut
295 3301 459 3378 iudicaret,
475 3301 568 3364 illum
594 3302 702 3384 ipsum
727 3319 895 3378 canonem,
924 3301 979 3382 qui
1004 3300 1084 3362 alies
1099 3302 1131 3364 iu
1148 3301 1334 3363 collectione
1350 3303 1429 3364 Gra-

139 3407 205 3474 tiani
230 3411 465 3488 recensebatur,
496 3411 686 3491 abrogatum
715 3408 814 3471 luisse
844 3411 916 3472 eliis
947 3410 1169 3473 Decretalibus
1199 3413 1319 3494 passim
1342 3413 1431 3493 apud

139 3519 320 3602 Gregorium
336 3519 396 3582 IX.
412 3520 603 3597 memoratis,
620 3517 817 3600 proindeque
833 3517 960 3580 nullam
983 3517 1070 3580 illius
1093 3515 1278 3580 habendam
1299 3537 1369 3580 esse
1385 3539 1431 3580 ra·

140 3625 257 3693 tionem,
304 3627 383 3691 Dixi
399 3638 568 3709 practerea,
584 3625 731 3690 sufficere
757 3645 951 3690 eonsensum
969 3645 1025 3690 seu
1042 3626 1192 3706 filiorum,
1209 3639 1265 3689 seu
1281 3627 1430 3707 tiliarum,

140 3744 169 3795 nt
180 3733 388 3818 intelligatur,
405 3733 499 3796 hodie
513 3753 578 3796 non
595 3733 708 3814 requiri
726 3743 895 3815 parentum
920 3751 1124 3815 consensum3
1151 3745 1322 3817 postquam
1345 3734 1432 3797 enim

139 3846 274 3928 obtinuit,
291 3859 328 3911 ut
351 3845 480 3909 valeant
491 3845 694 3908 matrimonia
722 3844 1003 3910 filionrmfamilias
1030 3849 1098 3909 sine
1124 3848 1223 3929 patris
1249 3845 1431 3908 consensio-

140 3965 357 4033 uecontracta,
373 3951 452 4035 quid
469 3952 681 4016 dubitandum
709 3965 853 4035 superest
878 3953 918 4016 do
942 3953 1155 4036 sponsalibus,
1179 3973 1263 4036 quae
1288 3955 1374 4017 viam
1389 3953 1433 4017 ad

141 4064 374 4126 matrimonium
404 4063 531 4144 parant.l
574 4045 701 4126 interea
737 4073 847 4125 tamen
871 4063 943 4148 jure
980 4063 1193 4142 adnotabitur,
1226 4063 1433 4146 quemadmo

140 4167 209 4237 dum
223 4175 377 4258 conjugia
392 4173 461 4264 sine
477 4185 647 4256 parentum
670 4193 831 4238 consensu
857 4183 1021 4237 eontracta
1036 4183 1192 4256 tanquam
1216 4175 1355 4239 naturali
1378 4175 1434 4237 ho

140 4285 247 4346 aestati
264 4294 301 4344 ut
315 4283 490 4365 plurimum
505 4283 719 4363 adversantia,
730 4301 769 4346 ac
782 4293 945 4365 propterea
961 4281 1070 4344 illicita
1081 4281 1205 4365 legibus
1221 4283 1317 4343 etiam
1333 4279 1433 4343 eccle·

139 4387 273 4454 siasticis
286 4391 514 4473 improbantur,
530 4391 575 4454 ita
590 4389 702 4454 eodem
718 4391 815 4455 modo
837 4402 994 4473 tanquam
1009 4389 1120 4455 illicita
1135 4390 1286 4454 habenda
1301 4407 1371 4453 esse
1386 4390 1433 4456 sic

140 4499 291 4566 celebrata
305 4501 476 4587 sponsalia,
492 4503 658 4585 inquibus
673 4501 776 4567 honor
791 4503 975 4587 parentibus
1001 4503 1129 4566 debitus
1155 4519 1222 4565 non
1244 4513 1431 4590 praestatur·
