3210 4990
203 435 352 486 uuonan
376 415 714 480 uurnlln'ranrrra
738 433 824 478 amr
848 429 1012 478 onracnn
1033 429 1246 478 consensus.
1332 401 1402 476 ns

87 557 309 642 Imperatoris,
324 557 456 640 qnando
485 555 623 640 Hispani
653 555 761 623 adhuc
790 555 1011 620 Theodosiani
1034 549 1154 620 codicis
1170 559 1292 642 legibus
1309 566 1404 647 rege:

88 669 225 744 bantur,
241 685 421 748 parumque
433 677 597 747 propterea
611 665 768 728 Sanctum
791 665 898 726 virum
913 663 1062 726 debuisse
1076 683 1148 726 esse
1162 666 1337 733 sollicitum
1351 670 1392 733 de

86 773 247 856 qualitati
261 773 415 854 singulari
429 785 539 854 raptus
554 772 790 854 investiganda,
801 771 888 852 qnod
900 784 975 834 ante
989 772 1009 834 J
1013 773 1211 837 ustinianurn
1222 794 1324 858 aeque
1336 799 1394 860 pn·

85 887 217 947 niretnr
231 897 379 966 stuprum
395 883 427 945 vi
444 883 581 963 illenim,
597 901 637 946 ao
651 893 769 965 raptus,
792 882 1068 964 quemadmodum
1084 905 1186 967 aeque
1202 891 1394 971 puniebatur
1501 947 1504 954 .

87 989 302 1068 adulterium,
339 1009 378 1052 ac
413 1001 526 1072 raptus
554 988 699 1052 mulieris
728 994 861 1071 nuptae,
886 1007 956 1052 utra
984 1003 1120 1073 excepta
1150 998 1394 1078 praescriptione

83 1101 318 1182 quinquennii,
334 1101 354 1163 l.
370 1101 402 1163 6.·
418 1104 439 1168 l.
454 1102 483 1163 2.
499 1100 531 1164 ff.
547 1100 600 1164 ad.
626 1100 685 1184 leg.
701 1099 721 1164 J
724 1101 769 1162 ul.⁴
781 1100 821 1163 de
837 1101 869 1162 vi
885 1101 972 1183 pubi.
1017 1101 1090 1167 Non
1106 1104 1233 1188 desunt,
1248 1113 1305 1190 qui
1320 1129 1393 1175 con-

84 1223 137 1274 tra
152 1213 310 1291 sentiant,
323 1212 411 1294 quod
425 1223 552 1295 putent
580 1214 624 1274 ita
650 1211 759 1276 risum
786 1211 887 1275 luisse
910 1211 1100 1296 Iustiniano,
1127 1218 1207 1283 dnm
1223 1222 1256 1284 in
1272 1223 1357 1287 dicta
1373 1223 1393 1290 l.

83 1339 144 1384 un.
163 1321 237 1384 cod
253 1321 293 1384 de
318 1333 413 1402 raptu
437 1321 550 1402 virgin.
567 1339 686 1402 poenas
714 1321 872 1384 adversus
887 1333 1026 1404 raptores
1056 1337 1260 1408 exasperans,
1278 1331 1394 1412 inquitr

85 1429 249 1494 Massa
263 1451 337 1492 cum
351 1429 543 1512 nirgirritas,
567 1429 617 1492 cel
631 1430 768 1492 castitas
781 1440 939 1514 corrupta
952 1434 1085 1495 restitui
1099 1455 1164 1498 non
1174 1441 1290 1520 possit.
1334 1423 1405 1505 Ve-¹
1503 1513 1506 1522 ¹

82 1555 165 1600 rum
183 1533 369 1598 adnotanda
384 1535 540 1616 imprimis
564 1535 606 1598 ab
620 1535 697 1616 ipsis
711 1546 780 1596 erat
795 1536 952 1616 particula
965 1537 1024 1600 illa
1044 1543 1197 1621 maciem
1214 1563 1299 1626 qnae
1314 1567 1394 1613 sane

82 1641 769 1726 noupostulat,necessarioeveniredebere,
781 1642 867 1723 qnod
878 1643 1064 1708 subendam
1075 1649 1394 1733 exprimitur,quem·

82 1752 273 1818 admodum
298 1749 565 1816 animadvertitur
578 1751 676 1814 stiam
701 1751 737 1812 in
750 1749 868 1813 eadem
881 1749 960 1832 lege,
977 1752 1033 1816 obi
1047 1751 1173 1816 dicimr:
1198 1754 1350 1822 Maxime
1363 1761 1395 1824 sl

85 1863 165 1928 Deo
172 1862 310 1944 suerint
323 1860 482 1942 uirgines,
498 1859 549 1923 rel
567 1859 688 1923 viduae
702 1859 845 1939 dicatae·
860 1857 977 1923 deinde
991 1860 1215 1928 adnotandum
1230 1877 1305 1948 arat,
1321 1865 1340 1932 J
1343 1887 1395 1933 us

84 1969 256 2034 ticianum
279 1966 323 2032 ad
337 1967 380 2044 id,
405 1967 492 2048 quod
513 1965 689 2048 treqncscs
714 1967 860 2030 accidere
882 1967 974 2049 solet,
998 1967 1188 2055 respexissc3
1216 1977 1310 2057 qnasi
1324 1997 1395 2062 rap·

84 2091 158 2144 tam
175 2081 275 2142 etiam
299 2075 588 2145 violatamsuiecse
612 2088 843 2158 momatur,
855 2079 951 2161 juxta
965 2079 1046 2144 illud
1061 2081 1181 2148 Ovidii:
1205 2087 1393 2172 Abjuvenc,

84 2200 118 2254 et
132 2189 258 2273 cupido
280 2187 435 2254 medelae
456 2187 588 2252 redditu
601 2187 716 2270 mgni
759 2187 926 2250 Praeterea
951 2185 1031 2269 dico,
1047 2193 1306 2258 constitutionem
1321 2195 1403 2260 Tri.

84 2301 217 2366 daritim
243 2299 387 2375 Condlii,
402 2308 609 2378 caeteraque
632 2307 777 2360 veterum
803 2297 890 2380 leges
912 2295 953 2360 de
977 2303 1156 2382 raptoribus
1185 2304 1267 2366 latas
1282 2305 1324 2368 ad
1339 2323 1404 2371 eos

84 2413 190 2476 mam
203 2410 369 2492 pertinere,
383 2407 533 2490 qnisuas
546 2423 682 2488 sponsas
704 2416 888 2488 rapuerunt3
905 2407 1025 2472 etenim
1040 2412 1227 2475 recentiores
1241 2413 1394 2480 eonstitu-

85 2518 202 2594 nones,
218 2515 274 2580 ubi
288 2513 370 2582 nihil
396 2513 614 2596 perspicacia
625 2513 822 2576 contrarium
847 2515 1040 2597 exprimunt,
1056 2517 1097 2581 de
1111 2520 1151 2582 iis
1166 2522 1394 2606 intelligendas

85 2635 167 2690 sunt
181 2634 269 2687 recta
283 2623 548 2706 interpretatione,
572 2621 630 2703 qui
655 2631 817 2702 raptorum
831 2640 967 2686 numero
982 2622 1070 2706 apud
1086 2636 1209 2690 veteres
1231 2629 1394 2694 habeban-

85 2747 150 2816 tur,
167 2743 293 2796 atvero
316 2730 397 2794 tales
412 2729 614 2794 habebantur
637 2728 744 2807 etiam,
759 2729 816 2811 qni
837 2749 974 2812 sponsas
999 2715 1076 2794 suas
1100 2733 1289 2814 rapuissent,
1305 2734 1394 2800 dicta

87 2839 108 2902 l.
124 2859 182 2904 un.
208 2838 308 2922 princ.
325 2835 379 2900 ibi:
408 2837 541 2910 Quibus
554 2843 829 2904 cannameromu's
855 2841 957 2902 etiam
981 2859 1065 2918 eune
1088 2843 1146 2926 qui
1167 2843 1286 2908 radan
1298 2863 1394 2930 rpore-

87 2969 164 3012 aurr
186 2965 361 3030 crmmpcr
385 2947 455 3010 vim
468 2965 586 3029 rupere
609 2965 714 3009 auaro
730 2946 855 3028 suerin
897 2945 970 3010 Non
986 2947 1106 3030 ignoro,
1129 2949 1228 3032 vulgo
1243 2969 1307 3016 non
1323 2971 1394 3018 essa

89 3068 251 3138 receptam
275 3054 362 3118 hano
377 3053 571 3136 opinionem,
595 3051 676 3116 dnm
691 3052 812 3134 passim
835 3053 958 3135 placuit
979 3065 1136 3136 raptorem
1163 3073 1299 3140 sponsae
1314 3077 1395 3126 snae

89 3177 180 3228 extra
205 3159 352 3224 ordinem
368 3157 723 3240 erumpuniendum
744 3177 816 3222 esse
842 3179 907 3222 non
934 3159 1114 3224 ordinariae
1137 3161 1248 3245 legum
1271 3181 1394 3247 poenae

89 3273 262 3356 subjacere,
288 3287 330 3332 cx
346 3287 383 3332 eo
397 3265 486 3350 qnod
508 3265 700 3332 crediderint
715 3265 759 3330 ite
785 3267 963 3348 specialiter
977 3267 1148 3334 definitum
1174 3273 1206 3336 in
1221 3291 1291 3355 cap.
1307 3276 1336 3337 6.
1352 3274 1394 3340 ds

88 3389 201 3460 raptor.
247 3373 372 3438 Vellem
397 3391 465 3456 ego,
482 3385 518 3438 ut
542 3375 572 3454 ii,
587 3373 643 3458 qui
658 3374 703 3438 ita
728 3375 933 3458 scripserunt,
955 3377 1084 3442 cautius
1110 3379 1394 3465 investigavissent

89 3487 183 3552 Lucii
197 3486 259 3552 ΙΙΙ.
275 3484 506 3566 definitionem
534 3485 714 3551 tuncenim
727 3495 804 3550 cunr
833 3485 1066 3552 intellexissent
1081 3488 1184 3572 facile,
1201 3493 1245 3556 ibi
1258 3513 1324 3558 non
1338 3498 1394 3580 agl

89 3595 127 3660 de
141 3615 189 3672 eo,
205 3596 264 3677 qui
279 3613 443 3678 sponsam,
458 3595 516 3658 sed
532 3593 573 3658 de
587 3613 634 3674 eo,
648 3595 706 3676 qni
731 3613 865 3658 uxorem
880 3613 983 3676 snam,
999 3615 1075 3661 cnm
1090 3617 1156 3678 qua
1171 3603 1311 3668 necdum
1327 3621 1394 3670 ma·

90 3706 279 3770 trimontium
294 3715 583 3781 consummaverat,
594 3714 750 3785 rapuerat,
766 3715 958 3784 argumento
968 3722 1040 3766 can.
1058 3706 1107 3767 10.
1118 3725 1207 3768 caus
1224 3709 1273 3772 36.
1285 3723 1408 3792 quaec.

86 3817 124 3892 2,
139 3814 424 3898 quemadmodum
434 3815 532 3880 stiam
547 3813 775 3897 intelligendus
790 3825 838 3876 est
852 3832 957 3878 canon
971 3815 1021 3880 49.
1041 3835 1130 3882 caus.
1145 3820 1197 3884 et.
1212 3833 1336 3903 quaest
1351 3823 1391 3902 2,,

90 3945 146 3990 eeu
160 3945 268 3990 canon
283 3925 322 4010 ,2
337 3941 425 3987 caus.
439 3924 491 3986 36.
516 3933 640 4004 quaest.
657 3923 694 4001 1,
718 3925 751 3984 'et
763 3941 871 3986 canon
896 3925 924 3986 5.
948 3935 1036 3988 caus
1051 3925 1102 3990 36.
1128 3939 1251 4008 quaest.
1266 3927 1306 4009 a,
1322 3942 1393 3998 tunt

90 4055 223 4100 rarrsam
251 4034 469 4116 agnovissent,
485 4049 586 4114 quare
613 4031 724 4094 mitius
739 4031 773 4094 in
788 4032 948 4114 proposita
967 4035 1075 4116 specie
1089 4033 1255 4118 agendum
1269 4039 1408 4104 latoius¹

91 4143 149 4208 111.
163 4144 311 4220 voluerit,
328 4159 434 4224 neque
448 4139 598 4204 camdem
610 4139 708 4207 Lucii
724 4141 918 4207 sententiam
930 4141 975 4204 ad
990 4156 1118 4226 raptum
1134 4165 1271 4228 sponsae
1286 4147 1393 4210 tradu-

94 4254 222 4316 xissent
268 4249 518 4316 Diffiuliuscsc
531 4249 732 4329 investigare,
749 4267 792 4312 an
815 4267 920 4332 poena
934 4254 1068 4336 raptoris
1087 4255 1256 4328 immineat
1269 4253 1323 4335 llll,
1338 4255 1392 4321 cni

94 4377 155 4425 non
169 4357 376 4438 matrimonii,
391 4357 449 4421 md
464 4357 611 4421 libidinis
623 4367 750 4422 usuum
769 4356 962 4441 explendae·
971 4377 1073 4424 causa
1085 4357 1397 4444 puellare-rapuerit.-

96 4468 163 4534 llon
175 4470 292 4536 dubito
306 4466 491 4549 moer-qnia
505 4465 788 4550 atnipwteueatur,
814 4483 890 4531 cnm
904 4463 1003 4550 leger,
1017 4485 1103 4551 quae
1116 4475 1256 4549 reprom
1269 4463 1407 4551 puella-2
