3250 4976
360 493 415 562 ,aa
433 493 493 556 rra,
509 493 572 544 aar
592 491 748 538 rossana
764 489 949 537 canaonas
967 487 1140 536 racanas.
1346 459 1409 526 365

107 615 251 684 Iudaeos
265 617 514 702 muapiroclsse,
529 625 567 680 ιιι
580 617 612 679 ai
627 617 703 702 ptris
717 616 829 680 Jeatrm
844 613 1050 698 confiteretur
1064 631 1134 676 esse
1153 607 1335 688 Gdrr'sarm,
1358 631 1411 676 ex-

104 739 159 794 tm
175 727 513 814 Syangegrrmjieret,
535 739 566 790 et
582 729 615 790 in
630 743 700 810 cap.
719 727 766 789 16.
782 745 863 789 vers.
879 726 918 803 2,
934 725 1101 790 Christum
1129 724 1306 788 Dominam
1324 743 1411 808 prae

105 835 228 898 dixisse
243 855 291 913 ea,
306 852 391 918 qnae
405 853 447 898 es
461 833 662 898 ludaeorum
677 831 750 896 odio
765 831 927 913 Apostolis
941 843 1049 894 essent
1064 843 1229 910 evermua,
1246 831 1326 894 iuter
1341 851 1412 894 cae-

108 951 182 1020 tera,
198 943 321 1028 adque
344 941 546 1026 Synegcgr's
559 941 692 1027 sacient
707 961 771 1019 aes,
790 951 824 1004 ut
839 939 1002 1020 iudicaret,
1029 937 1200 1023 Apostolos
1217 945 1237 1005 a
1251 942 1411 1008 consortio

106 1051 306 1116 Jrrdaerirurn
332 1051 498 1135 repulsum
525 1051 570 1130 iri,
600 1069 684 1133 quae
710 1069 789 1112 sane
815 1049 937 1132 species
963 1059 1030 1111 erat
1055 1047 1410 1116 excommunicationis.
1437 1095 1442 1106 .

107 1157 198 1220 Dure
214 1175 289 1220 vcro
304 1158 454 1222 Cirristus
470 1159 632 1222 Dominus
646 1157 814 1222 Ecclesiae
829 1157 1041 1222 fundamenta
1052 1157 1137 1242 jecit,
1157 1178 1230 1224 eam
1249 1159 1349 1226 uoluit
1363 1182 1411 1226 es-

107 1285 145 1330 se
159 1267 193 1330 in
209 1265 358 1330 Ecclesia
372 1269 745 1351 potestatem,·Matthaei
762 1287 831 1352 cap.
850 1270 896 1333 18.
917 1287 995 1332 vers.
1015 1269 1072 1348 17,
1090 1269 1142 1332 ubi
1161 1271 1338 1351 mandavit,
1356 1273 1413 1340 lta.

106 1376 252 1442 bendum
276 1395 347 1442 case
363 1391 530 1460 tamqnam
556 1379 753 1456 callinicum,
780 1391 812 1440 et
827 1377 1045 1460 prrhlleauum,
1068 1379 1124 1458 qui
1142 1375 1323 1444 Ecclesiam
1346 1401 1412 1447 non

105 1486 299 1553 audivisset.
341 1489 413 1552 Hac
427 1492 497 1572 ipsa
523 1488 676 1552 facultate
692 1507 757 1552 non
782 1489 882 1553 semel
897 1507 976 1552 rasus
1003 1487 1065 1552 suit
1080 1489 1203 1554 Parrlas
1228 1494 1412 1577 Apostolus,

103 1596 186 1661 dum
213 1599 434 1662 incestuosum
450 1597 668 1661 Corinthiam·
682 1613 817 1660 satanae
833 1597 971 1676 tradidit,
995 1599 1098 1680 prima
1113 1598 1155 1661 ad
1171 1600 1317 1664 Corinth.
1339 1622 1409 1688 cap.

105 1710 135 1766 5.
153 1723 234 1779 vers,
250 1704 380 1780 ddum,
390 1706 568 1768 anathema
582 1725 652 1770 esse
668 1707 778 1786 voluit,
794 1707 851 1790 qni
868 1707 1179 1774 Dorntaunrtesarn
1196 1695 1259 1774 nen
1276 1726 1409 1794 amaret,
1439 1733 1444 1772 ι

103 1813 222 1878 eedem
238 1815 372 1897 epistola
397 1835 466 1898 cap.
485 1815 533 1879 16.
551 1833 634 1878 vena¹
657 1817 719 1894 22,
735 1816 814 1880 darn
838 1817 1016 1882 anathema
1041 1837 1113 1881 esse
1123 1821 1221 1903 jussit
1245 1842 1331 1904 eum,
1353 1827 1410 1907 qai
1432 1823 1438 1832 ’
1470 1797 1473 1804 ¹

102 1923 205 2003 aliud,
232 1943 332 2005 atram
347 1925 471 1989 Christi
492 1925 721 2008 Fir-arigalirrm,
738 1925 942 2008 praedicares,
969 1925 1010 1990 ad
1028 1929 1164 1994 Galatas
1178 1952 1248 2016 cap.
1278 1936 1304 1998 1.
1328 1953 1409 2000 vers.

100 2036 142 2116 8.,
158 2033 241 2100 dum
254 2052 341 2116 earn,
365 2037 422 2118 qui
439 2036 633 2118 Apostolieis
657 2035 836 2119 praeceptis
851 2051 916 2101 non
935 2039 1201 2121 obtearperarent,
1227 2046 1410 2112 notandum
1443 2069 1445 2076 ’

93 2167 176 2224 ¹esee
197 2146 361 2226 clamauit,
391 2147 478 2208 velut
504 2162 589 2224 erim,
615 2167 773 2230 eumqaa
795 2167 892 2212 nemo
915 2151 1186 2233 commisceretur,
1207 2155 1351 2220 6666666
1366 2157 1408 2223 66
1445 2196 1447 2204 ›

99 2255 332 2324 Thessalonie.
348 2277 418 2342 cap.
433 2257 463 2320 3.
481 2261 560 2319 vers.
578 2257 627 2326 16.
672 2257 756 2319 Hinc
771 2277 853 2320 aeue
868 2257 915 2334 66,-
940 2273 975 2322 ut
993 2261 1065 2326 licet
1079 2281 1216 2328 censura
1230 2249 1412 2349 exjustitia

99 2367 229 2434 rnilic'ta
244 2367 322 2450 liget
345 2365 495 2430 homines
508 2365 607 2428 etiam
633 2361 720 2446 apud
739 2363 854 2442 Deam,
881 2377 912 2430 et
928 2367 960 2430 in
976 2367 1052 2446 soro,
1069 2383 1104 2433 at
1119 2371 1218 2456 ajunt,
1244 2379 1409 2442 emacien-

99 2483 177 2558 tiae,
193 2489 277 2541 carn·
291 2479 320 2540 6.
337 2495 425 2540 caris.
440 2475 492 2540 at.
507 2487 631 2558 quaest.
649 2476 686 2550 l.,
713 2481 733 2539 6
750 2475 879 2538 naariae
895 2487 1001 2550 tamen
1017 2479 1124 2560 iudici,
1141 2481 1286 2580 indigine
1300 2490 1409 2570 pessit,

96 2607 202 2671 quam
220 2587 321 2663 abeo,
347 2583 405 2666 qui
418 2595 585 2646 externam
603 2583 635 2645 in
660 2581 826 2646 Ecclesiae
838 2583 1093 2670 jurisdictionem
1109 2605 1266 2670 exerceat,
1292 2596 1408 2678 capii.

97 2695 142 2758 de
158 2691 220 2770 his,
236 2690 466 2774 quaefiunte't
492 2692 599 2776 major.
616 2703 694 2774 part.
711 2693 812 2774 capit.
851 2695 1065 2778 (carantanam
1091 2699 1179 2762 euim
1205 2697 1352 2782 Pareclri,
1377 2719 1410 2772 et

95 2801 295 2869 Sacerdotes
322 2799 425 2862 fortun
442 2800 668 2881 poenitentiale
696 2801 780 2874 nacti
797 2801 828 2863 in
845 2803 957 2865 eodem
975 2803 1041 2866 iero
1063 2802 1222 2887 denegare
1237 2812 1408 2890 peccatori·

96 2914 168 2977 bus
180 2901 359 2994 aliqnando
385 2907 515 2972 valeant
525 2911 580 2992 jus
596 2907 636 2970 ad
652 2909 863 2973 Sacramenta
878 2913 1060 2992 accedendi,
1076 2935 1124 2977 ea
1139 2931 1247 2980 tamen
1269 2939 1409 2986 censura

97 3041 169 3086 non
187 3021 312 3100 dicitur;
337 3020 408 3082 sive
423 3019 510 3102 quod
527 3022 689 3084 nerninem
706 3023 738 3084 in
755 3018 821 3084 sore
836 3037 970 3088 exter-uc
984 3025 1134 3107 devincit,
1155 3030 1239 3093 unde
1264 3033 1410 3118 vulgaria

96 3129 233 3196 traditio
250 3128 371 3211 prodiit,
389 3140 597 3210 peccatorem,
613 3131 666 3192 cai
682 3131 864 3194 absolutio
857 3149 888 3196 ιιι
906 3131 972 3196 foro
987 3151 1116 3214 secreto,
1143 3151 1175 3202 et
1183 3137 1409 3222 poenitentiali
1441 3159 1448 3168 ·

95 3243 293 3322 denegatur,
320 3257 384 3302 non
400 3238 520 3301 iraham
543 3239 707 3320 quidem
696 3259 750 3323 Jus
765 3242 978 3306 Sacramenta
1003 3251 1138 3329 petendi,
1166 3251 1284 3318 habere
1300 3271 1410 3322 tamen

89 3353 167 3434 jus,
179 3351 207 3412 si
224 3347 302 3411 nihil
318 3347 407 3411 aliud
423 3347 515 3426 obsit,
531 3359 568 3410 ut
583 3347 641 3411 sibi
656 3349 786 3432 publice
802 3355 919 3436 petenti
936 3355 1147 3424 Sacramenta
1170 3381 1234 3427 uon
1244 3365 1410 3452 denegen-

96 3471 167 3538 tur3
183 3457 254 3518 sire
279 3455 366 3536 qaod
381 3455 462 3518 lraee
488 3459 611 3540 proprie
637 3477 770 3520 eerrsura
800 3473 935 3540 nonest,
964 3466 1008 3528 uti
1026 3467 1178 3552 incapite
1200 3478 1409 3554 praecedente

94 3567 327 3665 observabam,
354 3580 385 3631 et
400 3579 527 3631 tantum
552 3573 584 3631 iu
601 3570 664 3632 hac
688 3575 793 3653 specie
810 3575 995 3656 proponitur
1020 3585 1039 3642 a
1062 3581 1246 3664 Sacerdote,
1271 3587 1350 3668 quid
1367 3611 1408 3654 cx

94 3681 226 3747 divinis
244 3680 405 3744 mandatis
431 3682 593 3766 agendum
611 3683 650 3745 sit
667 3687 685 3748 6
711 3699 884 3767 peccatore,
913 3703 948 3752 ut
964 3692 1029 3772 rite,
1056 3707 1176 3760 etcum
1192 3697 1300 3769 {taeta
1321 3724 1409 3770 acce·

92 3791 220 3858 datad
236 3791 456 3856 Sacramenta.
500 3794 598 3864 orrea
616 3775 691 3858 siin
708 3797 851 3861 rnediurn
874 3801 1014 3884 proferas
1029 3825 1186 3874 canonem
1207 3814 1237 3877 ii.
1253 3837 1343 3882 caus.
1361 3821 1408 3884 16,

92 3916 229 3988 quaest.
249 3905 285 3980 1,
303 3895 354 3965 ribi
380 3903 597 3992 Hieronymus
614 3905 746 3967 Clericis
764 3909 922 3972 universis
938 3911 1125 3980 facultatem
1148 3919 1277 3985 videtur
1291 3945 1411 3991 asserc-
1504 3919 1505 3922 ¹

92 4035 132 4077 re
151 4011 339 4075 eradicandi
365 4010 407 4072 alr
422 4009 579 4091 Ecclesia,
608 4013 706 4076 irnrno
722 4028 753 4078 ct
779 4031 913 4082 satanae
941 4021 1085 4086 tradendi
1097 4025 1193 4110 juxta
1206 4047 1410 4098 monumen·

91 4135 174 4186 tum
191 4121 286 4184 Pauli
304 4119 480 4209 Apostoli'
473 4141 503 4182 m
523 4140 576 4186 ιιιι.
593 4121 635 4184 66
651 4123 722 4186 Cor.
739 4145 808 4209 cap.
829 4127 885 4208 12,
913 4129 1026 4194 intima
1042 4138 1248 4215 agrrnsceada
1271 4155 1319 4204 est
1337 4143 1410 4209 Hie-

88 4233 287 4336 ronymiam
281 4229 475 4313 fragmenti
491 4232 657 4295 sententia.
703 4233 826 4299 Ibidem
843 4249 975 4302 sanctas
990 4239 1045 4304 vn
1069 4261 1130 4306 nou
1148 4265 1329 4314 sermonem
1346 4255 1408 4316 ins

87 4345 190 4408 tituit
206 4317 248 4406 66
262 4343 400 4426 singulis
415 4331 612 4407 Clericomm
629 4343 783 4428 gradibus
798 4345 839 4410 ad
856 4321 1104 4440 distinguendas
1120 4357 1323 4465 singulorum
1338 4365 1410 4428 Cla·

87 4453 245 4516 nieorum
262 4461 442 4534 potestates
459 4451 512 4515 sed
531 4468 695 4536 comparat
710 4447 891 4522 clericalem
908 4479 982 4522 cum
1000 4466 1190 4529 monastica
1195 4467 1271 4550 vita,
1287 4480 1318 4535 et
1335 4493 1409 4540 curu
1458 4487 1460 4492 ’

88 4559 295 4628 saerrtrarern
321 4562 629 4626 excommunicandi
654 4551 825 4628 Marrachis
851 4567 1000 4650 denegat,
1028 4584 1095 4636 trun
1112 4596 1184 4640 eam
1210 4581 1344 4648 Clericis
1361 4590 1410 4652 tri·

930 4655 1023 4719 'l'oar.
1050 4658 1198 4728 1V.—3tt.
1240 4693 1242 4698 ·
