3134 4984
212 424 277 492 tea
438 442 529 520 anas
546 399 671 506 rarus,
689 443 931 495 ntsssnranro
946 445 1119 514 emanet,
1140 447 1217 498 err.
1231 429 1291 497 tlt

210 567 253 650 3.,
268 587 340 635 can.
360 569 408 634 10.
423 587 513 634 carre.
529 567 579 632 92.
595 577 720 655 quaest.
737 569 764 634 1.
808 568 1051 636 Recentioribus
1062 573 1206 644 saeculis
1232 573 1338 641 mitior
1350 573 1429 640 dicta
1440 572 1485 642 tm
1553 539 1554 556 ἵ

210 697 325 766 poena.
369 675 539 760 Siquidem
554 677 726 762 Gregorius
741 677 802 742 IX.
828 677 1059 762 propemodum
1074 690 1207 746 secutus
1222 680 1389 748 laudatam
1409 684 1484 748 Fun·

209 807 324 854 eorum
340 788 578 871 capitularium
594 787 800 871 disciplinam
815 785 989 852 clementer
999 786 1218 881 blasphaemis
1233 791 1377 876 indulsit,
1392 803 1423 856 ut
1433 809 1484 858 sm

208 911 303 984 cepta
317 899 449 986 publica
463 897 659 982 poenitemia
675 895 753 975 Dee,
779 906 811 960 et
824 895 994 963 Ecclesiae
1008 897 1205 962 reconciliari
1221 898 1373 980 vaierent,
1393 901 1484 982 capt.

206 1007 249 1074 dc
264 1007 441 1087 maledicis,
467 1025 567 1090 quam
584 1017 691 1070 tamen
708 1006 735 1068 si
751 1004 866 1073 devote
891 1005 936 1070 rei
951 1023 1016 1070 nou
1030 1005 1192 1090 expleant,
1215 1009 1484 1074 excomunicatum

205 1116 402 1201 infligendae
417 1116 508 1180 loeus
523 1114 633 1178 adbuc
648 1133 814 1198 superesse
831 1113 965 1196 ridetur,
993 1115 1026 1178 in
1041 1135 1105 1200 qua
1121 1117 1149 1182 si
1163 1137 1218 1202 per
1233 1117 1369 1201 lengum
1382 1129 1484 1202 templu

204 1205 413 1296 contumaces
428 1221 630 1304 blasphaemi
645 1221 823 1302 persistant,
840 1224 952 1306 poterit
967 1222 1124 1288 adversus
1138 1244 1201 1306 eos,
1214 1235 1372 1308 tanquam
1387 1226 1417 1290 in
1430 1227 1485 1290 lue·
1556 1263 1557 1300 ι

205 1329 329 1408 reticos,
345 1339 402 1390 aut
417 1327 533 1392 saltem
546 1327 585 1392 de
595 1327 720 1400 haeresi
737 1328 943 1396 vehementer
957 1342 1123 1416 suspectos
1138 1334 1264 1416 inquiri,
1274 1351 1346 1398 can.
1362 1335 1400 1400 31
1415 1355 1484 1400 caus

202 1438 255 1502 24.
281 1449 404 1522 quaest,
420 1438 449 1501 3.
493 1437 598 1530 Immo
612 1435 674 1502 etsi
697 1437 894 1520 poenitentia
909 1439 1040 1522 publiea
1065 1438 1180 1518 devote
1195 1451 1227 1504 et
1250 1441 1444 1526 suscipiatur,
1460 1453 1486 1504 et

202 1550 380 1634 expleatur,
396 1567 461 1614 uon
476 1547 697 1617 excluduntur
713 1539 926 1632 Magistratus¹
936 1549 1058 1632 publici
1073 1556 1094 1616 a
1110 1549 1239 1633 publica
1253 1569 1359 1634 poena
1372 1549 1485 1616 interer-

201 1653 253 1736 da,
271 1675 347 1720 curn
361 1657 483 1722 crimen
498 1653 581 1720 illud
596 1655 677 1718 adeo
692 1655 787 1720 mixti
801 1655 859 1726 lori
874 1657 1082 1722 essedicatur
1096 1664 1117 1724 d
1132 1659 1353 1742 Pragmaticis,
1371 1671 1406 1724 nt
1418 1671 1486 1727 utra·

199 1781 264 1848 que
273 1762 496 1848 jurisdictione
512 1773 543 1826 et
557 1751 783 1844 ecclesiastica,
811 1778 842 1828 et
856 1766 954 1846 cirili,
970 1768 1012 1830 rei
1028 1767 1151 1851 possint
1166 1783 1233 1835 urta
1254 1769 1410 1850 damnari,
1420 1771 1485 1852 qula

199 1888 303 1954 poena
319 1869 360 1934 eb
376 1867 525 1933 Ecclesia
540 1867 661 1934 ludicta
678 1857 791 1956 petius,
806 1893 906 1956 quarn
924 1893 1017 1938 verae
1032 1893 1164 1958 paenae,
1189 1877 1296 1944 locum
1311 1890 1415 1944 teneat
1427 1899 1485 1946 ceu·

198 1999 302 2062 surae,
318 1992 374 2046 aut
390 1983 584 2065 penitentiae
600 1983 760 2048 salutaris.
804 1985 972 2056 Quoniam
988 2005 1063 2050 vero
1078 1987 1200 2052 dietum
1214 1990 1394 2072 capitulum
1407 1993 1433 2055 2.
1449 1990 1484 2057 ad
1559 2059 1560 2072 ,

197 2088 297 2153 laicos
313 2101 441 2156 tantum
455 2091 599 2173 pertinet,
625 2109 700 2155 curn
715 2091 845 2174 publica
860 2095 1059 2178 poenitentia
1084 2113 1126 2158 ex
1141 2092 1310 2176 Ecclesiae
1331 2097 1486 2180 disciplina

197 2195 232 2260 in
247 2195 388 2260 Clericus
405 2195 508 2282 infligi
524 2217 589 2262 uon
603 2199 712 2278 soleat,
729 2219 800 2264 cen.
817 2203 846 2266 5.
862 2201 936 2266 dist.
951 2203 1013 2284 83,
1030 2221 1094 2268 non
1106 2202 1227 2286 dubito,
1243 2207 1324 2287 quin
1341 2205 1485 2274 vetusad·

197 2327 310 2372 versus
326 2309 468 2374 Clericus
482 2293 710 2394 blasphaemos
725 2331 831 2396 poena
845 2333 1017 2396 cauenrrm,
1039 2317 1190 2382 videlicet
1203 2324 1223 2382 e
1238 2318 1343 2401 gradu
1358 2319 1484 2404 dejectio,
1560 2355 1561 2406 l

195 2419 237 2482 sit
252 2417 437 2502 infligenda,
461 2419 739 2502 quemadmodum
754 2431 914 2500 statutum
929 2434 977 2488 ost
993 2423 1027 2488 iu
1042 2424 1189 2488 Concilio
1211 2423 1420 2508 Lateraneusi
1432 2423 1485 2488 sub

193 2529 304 2596 Leorm
318 2531 361 2598 X.
379 2551 455 2596 sess
467 2533 502 2598 9.
539 2533 626 2596 Hinc
641 2531 736 2598 facile
750 2535 921 2618 colligitur,
937 2535 1180 2620 blaspbaemiae
1193 2537 1314 2602 crimen
1332 2537 1484 2622 publicum

192 2661 272 2724 esse,
288 2643 321 2706 in
336 2661 401 2725 quo
427 2653 592 2726 propterea
607 2661 671 2716 neu
698 2641 805 2709 solum
831 2643 1007 2727 uuicuique
1031 2644 1127 2708 datur
1154 2643 1335 2710 accruaudi
1351 2643 1484 2722 facultas,

190 2751 249 2816 sed
264 2752 411 2816 imminet
425 2753 523 2816 etiam
539 2749 755 2814 denuntiandi
775 2751 938 2835 obligatio,
964 2771 1037 2816 can.
1054 2752 1102 2814 10.
1120 2767 1202 2816 vers.
1229 2750 1271 2814 m·
1286 2752 1362 2840 quis
1385 2758 1485 2816 crum

189 2885 281 2930 caus.
295 2866 346 2928 22.
362 2875 486 2947 quaest.
504 2865 541 2944 1.,
566 2863 652 2946 qrrod
668 2876 699 2926 ct
716 2865 903 2928 recentiores
929 2863 1103 2930 Pontifices
1128 2865 1197 2926 suis
1212 2861 1483 2928 constitutionibus

190 2974 474 3040 confirmaverunt

230 3081 331 3152 Quod
349 3084 485 3166 majores
511 3081 610 3144 uestri
635 3080 807 3148 idolatriae
833 3079 1114 3163 superstitionibus
1140 3079 1255 3144 misere
1277 3077 1419 3142 obvoluti
1438 3077 1481 3162 ja·

187 3191 320 3270 cuerint,
339 3193 476 3275 vestigia
491 3190 653 3273 quaedam
670 3191 844 3276 impietatis
859 3189 948 3274 apud
964 3201 1096 3272 nepetae
1117 3189 1216 3252 etiarn
1231 3207 1318 3254 seros
1333 3203 1482 3252 remanse-

187 3311 270 3382 runt,
286 3301 430 3364 obscuris
456 3301 641 3383 praesertim
657 3300 796 3364 saeculis
821 3319 931 3384 pressa
946 3299 989 3362 ab
1012 3300 1164 3382 improbis
1178 3299 1219 3362 de
1244 3291 1338 3362 tririd
1354 3293 1483 3361 bomini·

185 3410 247 3475 bus
264 3419 336 3474 utut
352 3407 480 3472 Christo
506 3407 705 3502 regeneratis,
726 3408 805 3492 quin
822 3407 941 3490 insigni
968 3405 1101 3490 perfidia
1116 3406 1159 3470 ad
1184 3405 1369 3486 daemones,
1393 3397 1482 3485 quasi

183 3537 279 3604 opem
294 3519 336 3584 ab
351 3519 428 3602 ipsis
444 3517 486 3581 ad
503 3519 609 3582 varias
631 3537 748 3582 causas
764 3515 971 3600 imploraturi,
987 3527 1019 3578 ct
1032 3513 1165 3580 oracula
1187 3515 1355 3595 idolerum,
1367 3512 1482 3596 quibus

183 3627 348 3694 silentium
364 3633 383 3692 a
400 3627 528 3692 Christo
544 3625 701 3690 indictum
717 3625 912 3690 altissimum
926 3623 996 3704 fuit,
1013 3643 1055 3688 ex
1069 3625 1163 3688 erebo
1183 3623 1361 3704 excitaturi,
1376 3615 1483 3686 consu·

182 3758 256 3823 gere
272 3757 336 3801 nen
352 3735 592 3817 dubitaverunt,
606 3755 678 3800 can.
693 3735 722 3800 9.
739 3755 829 3798 carrs.
845 3735 895 3806 26.
912 3743 1036 3816 quaest.
1051 3734 1081 3798 2.
1126 3731 1239 3798 Varias
1254 3733 1369 3796 horum
1384 3725 1482 3794 hemi.

113 3829 116 3837 ’
181 3863 263 3914 nrun
278 3845 397 3924 turbas,
411 3855 444 3908 et
459 3845 550 3908 varia
566 3843 695 3908 illerum
710 3843 844 3908 nentina
857 3841 971 3904 dolens
986 3841 1146 3904 recensuit
1162 3840 1252 3904 initio
1274 3837 1399 3922 septimi
1415 3851 1482 3898 sae-

180 3953 247 4020 culi
263 3953 406 4017 Isidorus
422 3953 626 4036 Hispalensis
650 3953 683 4014 in
700 3951 777 4016 libro
793 3953 822 4016 8.
837 3951 998 4034 originum
1014 3971 1083 4034 cap.
1099 3951 1139 4030 9,
1155 3949 1243 4014 unde
1266 3947 1368 4014 multa
1383 3959 1481 4010 trans·

180 4062 247 4126 lata
262 4071 339 4126 sunt
362 4060 396 4125 iu
411 4079 570 4126 canonem
598 4061 625 4124 1.
641 4077 730 4122 caus.
746 4060 796 4122 26.
823 4070 947 4144 quaest.
963 4058 1003 4138 3.,
1029 4069 1060 4121 et
1075 4073 1234 4120 canonem
1251 4056 1300 4120 14.
1327 4071 1412 4118 caus
1428 4048 1478 4112 25.

179 4185 303 4262 quaest.
319 4178 359 4254 5.,
378 4176 493 4259 juncto
507 4191 632 4238 canone
649 4171 744 4235 uuico
764 4191 854 4236 caus
871 4171 921 4235 26.
944 4181 1069 4254 quaest.
1087 4171 1114 4234 1.
1159 4166 1357 4232 Generaliter
1370 4175 1479 4228 autern

179 4285 324 4350 universi
340 4283 563 4348 Ecclesiarum
589 4281 757 4346 Antistitcs
771 4299 899 4344 ornnem
916 4277 1167 4342 sollicitudiuem
1188 4275 1420 4360 impenderunt,
1443 4275 1480 4328 ut

179 4399 284 4464 tristes
300 4397 372 4462 illas
390 4409 511 4462 veteres
527 4395 698 4460 Idolatriae
713 4391 863 4476 reliquias
879 4394 1007 4478 penitus
1033 4391 1075 4455 ab
1090 4389 1208 4456 animis
1223 4387 1476 4478 Christianorum

180 4506 356 4580 eraderent
399 4507 487 4571 Inter
507 4515 651 4570 caeteros
677 4502 809 4567 laudare
833 4521 969 4588 possum
994 4499 1203 4586 Agebardum
1225 4498 1476 4582 Lugdunensem
