3120 4980
231 409 274 476 34
482 431 573 481 rans
591 435 717 498 aaran,
734 431 977 490 nissaararro
992 445 1118 512 rama,
1134 453 1212 499 cna.
1227 427 1283 499 tr.

230 551 480 635 comprobatum,
497 575 568 620 cao.
584 557 613 621 4.
630 578 719 624 caus.
735 560 765 624 3.
781 573 906 644 quaest.
921 567 961 646 5.,
977 585 1050 632 cen.
1067 571 1105 650 l.,
1120 581 1151 635 et
1166 591 1231 655 seq.
1247 593 1336 638 caus.
1359 575 1386 639 3.
1401 589 1499 652 quaed

232 661 279 722 tu.
295 679 366 724 ean.
385 663 421 742 l.,
446 675 477 726 et
492 677 639 746 sequent.
665 687 753 732 caus.
771 669 800 732 3.
827 685 952 754 quaest.
980 677 1171 756 11.,can.1.
1196 699 1286 746 caus.
1301 683 1330 746 4.
1346 699 1453 765 quaest.
1473 691 1499 765 l,

228 787 298 853 cap.
314 773 343 834 7.
361 773 419 853 10.,
434 785 466 838 et
483 775 530 838 13.
547 775 587 838 de
602 782 799 844 accusation.
843 775 1011 848 Praeterea
1026 801 1103 866 erat,
1117 791 1173 872 qui
1200 811 1265 856 non
1281 794 1501 861 admittebantur

228 878 271 940 ad
286 880 509 944 accusandum
525 897 683 948 excausa
699 891 894 952 reverentiae
910 893 946 954 iu
960 913 1050 958 reum
1066 895 1199 978 debitae,
1221 911 1279 962 aut
1294 900 1451 982 singularis
1462 921 1501 966 ne·

227 989 434 1053 cessitudiuis
450 987 532 1053 iuter
548 1011 645 1072 reum,
661 1005 694 1056 et
708 1008 938 1062 accusatorem.
982 1001 1070 1065 Hinc
1085 1023 1145 1068 nec
1160 1025 1277 1088 pareus
1292 1009 1401 1090 filium,
1416 1031 1465 1073 aec
1477 1011 1502 1074 fi·

227 1097 291 1160 lius
307 1111 482 1180 parentem,
509 1121 567 1163 nec
582 1120 696 1164 servus
712 1101 890 1186 domiuum,
905 1127 967 1171 nec
982 1109 1149 1176 familiaris
1173 1113 1363 1181 familiarem
1378 1138 1502 1181 accusare

230 1217 358 1290 poteret,
375 1207 394 1268 l.
410 1207 461 1270 20.
488 1207 558 1271 cod.
575 1211 615 1272 de
631 1209 689 1290 his,
716 1213 773 1292 qui
788 1233 951 1296 accttsare,
978 1218 1078 1281 immo
1094 1239 1153 1283 uec
1179 1219 1274 1285 frater
1288 1223 1422 1300 fratrem,
1440 1239 1503 1284 soro·

228 1335 346 1395 rumve,
362 1318 424 1380 uisi
439 1331 587 1401 ageretur
600 1321 641 1382 de
656 1321 828 1386 levioribus
844 1323 979 1405 delictis,
996 1325 1015 1388 l.
1031 1327 1060 1390 8.
1077 1327 1146 1390 cod.
1162 1329 1233 1391 cod.
1250 1333 1306 1410 ut,
1330 1343 1386 1394 aut
1399 1331 1504 1406 dehae-

228 1449 332 1494 reseos
347 1431 489 1511 crimine,
517 1431 550 1494 iu
565 1433 657 1515 cujus
684 1435 889 1498 accusatione
915 1437 1020 1500 multa
1043 1441 1221 1522 singularia
1246 1457 1374 1525 recepta
1397 1441 1504 1505 suntad

227 1541 414 1622 exentplum
430 1541 574 1603 oriminis
589 1541 696 1603 laesae
711 1545 897 1627 majestatis,
913 1563 984 1627 cap.
998 1543 1050 1646 ll.
1066 1545 1107 1609 de
1123 1551 1374 1631 praesumptiou.
1415 1551 1506 1630 singu·

227 1651 302 1714 laris
317 1653 416 1716 etiarn
430 1652 662 1731 benevolentia,
691 1673 729 1715 ao
745 1655 947 1718 necessitudo
962 1655 1166 1738 impediebat,
1192 1679 1233 1722 ue
1249 1663 1384 1724 maritus
1398 1677 1505 1724 uxomm

228 1771 403 1837 accusaret,
430 1771 567 1840 excepta
592 1771 702 1822 tamen
718 1759 868 1823 adulterii
894 1781 1003 1841 causa,
1030 1763 1062 1826 iu
1078 1765 1229 1846 quasiue
1253 1767 1321 1831 ulla
1337 1767 1507 1830 dubitatione

226 1865 324 1926 etiam
339 1845 495 1946 singulari
515 1865 586 1948 jure
603 1867 708 1929 mariti
733 1887 780 1930 vtr
796 1887 949 1932 accrtsare
977 1889 1111 1934 uxorem
1127 1885 1260 1956 poterat;
1287 1887 1320 1938 et
1335 1891 1507 1957 quamquam

227 1971 343 2036 eadem
358 1975 498 2037 facultas
523 1977 611 2038 civili
628 1977 848 2041 Romanorum
859 1981 931 2063 jure
945 1981 1160 2064 denegaretur
1187 1985 1278 2048 uxori
1296 1987 1445 2049 adversus
1458 2001 1507 2046 tna·

228 2087 326 2150 ritum
342 2085 533 2165 adulterum,
550 2085 569 2149 l.
588 2089 614 2150 1.
632 2086 702 2149 cod.
718 2087 758 2149 ad
774 2089 833 2170 leg.
850 2089 868 2153 J
873 2087 915 2152 ul.
928 2090 968 2152 de
983 2089 1127 2170 adulter,
1137 2093 1229 2156 aliter
1246 2108 1356 2160 tumen
1371 2103 1509 2176 receptum

227 2193 346 2258 deinde
359 2193 418 2257 luit
430 2215 472 2258 ex
483 2215 647 2258 canonum
659 2195 840 2280 disciplina,
855 2217 928 2260 cau.
940 2198 970 2260 4,
983 2215 1071 2261 caus.
1087 2199 1137 2261 32.
1153 2197 1277 2280 quae'st.
1294 2203 1324 2264 4.
1342 2203 1391 2264 De
1405 2197 1509 2262 lerninis

228 2286 419 2387 generaliter
430 2317 563 2368 cantum
575 2315 651 2382 erat,
664 2325 706 2368 tre
721 2305 762 2366 ad
775 2307 999 2369 accusandum
1011 2307 1263 2388 admitterentur,
1278 2313 1345 2374 nisi
1361 2329 1457 2386 suam,
1468 2317 1511 2368 aut
1550 2391 1551 2396 γ

229 2433 363 2477 suorum
379 2414 527 2497 injuriam
541 2425 814 2496 prosequerentur,
824 2433 896 2478 can.
908 2417 946 2492 1.,
958 2415 987 2478 2.
1007 2415 1036 2478 3.
1056 2435 1143 2479 caus.
1162 2419 1206 2480 15.
1227 2431 1353 2499 quaest.
1365 2419 1403 2496 4.,
1420 2417 1437 2479 l.
1455 2413 1509 2478 ll.
1550 2415 1551 2465 l

232 2519 280 2585 14.
293 2520 362 2582 cod.
379 2519 418 2582 da
434 2521 494 2598 his,
511 2521 566 2602 qui
582 2539 743 2583 acctrsare.
759 2521 860 2591 Quod
872 2521 898 2583 si
912 2520 1034 2604 dejure
1046 2523 1079 2584 iu
1096 2521 1288 2603 Ecclesiam,
1304 2525 1409 2587 veleb
1426 2519 1512 2584 Eccle-

230 2629 279 2694 sia
294 2629 421 2692 invecto
436 2649 540 2692 sermo
555 2629 604 2710 sit,
620 2627 730 2710 quaeri
748 2629 886 2710 primum
902 2637 1013 2712 potest,
1030 2648 1073 2692 au
1088 2631 1374 2709 excommunicati,
1394 2625 1469 2704 iude,
1480 2641 1512 2685 au

232 2735 385 2802 Monacb'r
401 2739 523 2821 possint
548 2737 590 2800 ad
605 2737 829 2800 accusandum
845 2736 981 2817 admitti,
1008 2738 1157 2820 denique,
1181 2757 1221 2802 an
1241 2739 1358 2802 Clerici
1373 2735 1514 2802 Praelatos
1549 2761 1550 2768 .

232 2863 316 2924 eune,
333 2864 375 2907 an
392 2843 465 2907 laici
481 2845 631 2922 Clericus,
647 2863 689 2907 au
705 2845 894 2906 econverso
910 2843 1027 2908 Clerici
1042 2845 1142 2909 laicos
1157 2849 1290 2910 valcant
1305 2865 1464 2912 accusare.

201 3025 204 3032 Δ
276 2953 318 3016 Ut
333 2953 373 3016 de
388 2954 677 3017 excommunicetis
703 2953 981 3036 primumloquar,
1008 2953 1156 3036 generale
1183 2955 1380 3038 principium
1401 2961 1515 3028 estem·
1548 3001 1549 3030 ,

233 3062 290 3141 qui
304 3060 346 3122 ad
374 3059 614 3124 universitatem
641 3062 773 3124 minime
789 3061 956 3144 pertinent,
984 3081 1137 3125 accusare
1152 3081 1216 3124 nou
1234 3082 1340 3146 posse3
1363 3057 1446 3145 quod
1460 3073 1518 3142 pett-
1548 3039 1549 3077 ¹

233 3173 287 3235 det
301 3191 343 3236 ex
358 3172 469 3236 altiore
485 3171 649 3256 principio:
666 3174 818 3235 nimirum
836 3175 1008 3252 accrtsatio,
1025 3193 1109 3256 quae
1125 3173 1220 3235 datur
1236 3175 1416 3255 uuicuique
1430 3169 1465 3232 de
1478 3184 1519 3248 ρο·

234 3281 321 3364 pulo,
337 3259 407 3344 ideo
423 3280 525 3358 datur,
552 3291 588 3342 ut
604 3279 732 3342 nominc
760 3279 976 3344 universitatis
992 3283 1148 3345 adversus
1174 3301 1242 3346 reos
1257 3295 1386 3366 agatur.
1428 3281 1467 3344 tlt
1478 3293 1519 3339 no
1547 3301 1548 3383 ,

234 3389 321 3450 ruine
347 3385 565 3450 universitatis
590 3403 683 3467 agere
708 3389 827 3469 uequit,
855 3407 913 3451 seu
937 3389 1156 3452 universitatis
1182 3407 1357 3470 personam
1383 3385 1519 3468 sustincte

151 3559 156 3574 ,
235 3515 300 3560 nou
318 3505 425 3578 potest,
441 3497 577 3578 quinon
593 3497 687 3558 estin
707 3497 922 3560 universitate.
966 3495 1027 3560 His
1044 3497 1162 3578 positis,
1179 3509 1244 3558 tota
1269 3493 1469 3578 quaestionis
1481 3489 1521 3549 de·
1546 3555 1547 3570 ,

235 3607 338 3670 finilia
354 3605 471 3688 peridet
496 3624 536 3668 ex
553 3605 806 3685 investigatione,
834 3623 875 3667 an
892 3605 1165 3668 excommunicati
1189 3607 1253 3668 siut
1269 3605 1301 3668 iu
1321 3601 1477 3678 Ecclesia,
1489 3613 1522 3658 au

236 3711 353 3775 miuus.
398 3711 674 3794 Distinguendum
690 3711 829 3794 prolecto
852 3725 900 3776 est
916 3713 1075 3793 intereos,
1102 3713 1159 3794 qui
1176 3713 1297 3795 proprie
1325 3703 1522 3775 anathemati·
1545 3803 1546 3808 γ

233 3823 298 3885 zati
314 3821 474 3901 dicuutur,
490 3821 603 3904 quales
618 3833 695 3885 sunt
710 3822 869 3900 haeretici,
885 3834 943 3884 aut
957 3823 1013 3902 qui
1028 3841 1070 3885 ex
1085 3822 1158 3884 aliis
1172 3824 1280 3884 causis
1295 3833 1393 3884 extra
1408 3830 1523 3884 canunt
1545 3853 1546 3896 ,

234 3927 403 3990 haereseos
419 3939 489 4010 post
504 3927 848 3990 excommunicationis
863 3949 1034 3992 censuram
1051 3931 1082 3991 iu
1099 3929 1213 3991 eadem
1236 3931 1474 4004 insorduerunt,
1489 3930 1523 3982 al·

234 4057 299 4122 que
315 4039 395 4103 iuter
409 4059 473 4120 eos,
497 4041 554 4121 qui
570 4057 634 4103 nou
649 4039 876 4117 anathemate,
888 4039 944 4101 sed
960 4059 1098 4102 censura
1120 4038 1469 4104 excommunicationis
1482 4049 1525 4094 no·
1544 4077 1545 4146 ,

236 4137 292 4234 tati
308 4161 392 4230 suut,
408 4161 440 4212 et
454 4148 585 4231 proprie,
601 4168 640 4210 ac
652 4147 839 4230 simpliciter
853 4149 1125 4210 excommunic-ati
1142 4147 1279 4212 necrluru
1296 4147 1524 4210 insordcceutcs

236 4254 426 4338 apellantur.
462 4255 536 4317 Ista
550 4249 713 4318 distinctio
727 4255 845 4318 clarius
861 4256 1001 4318 tradetur
1015 4237 1047 4318 in
1068 4255 1235 4338 posteriore
1255 4254 1456 4318 tractationis
1471 4265 1526 4332 rut·

237 4381 277 4443 te,
294 4368 348 4430 ubi
362 4367 421 4430 erit
443 4365 483 4428 de
498 4365 831 4430 excommutucatioue
857 4363 1089 4430 disserentium.
1133 4365 1235 4450 igitur
1249 4364 1304 4448 qui
1322 4357 1544 4430 anathemati-i

236 4481 302 4544 zati
318 4491 395 4543 srurt
419 4480 460 4543 ob
474 4477 641 4560 haeresim,
669 4475 719 4542 vel
735 4477 791 4559 qui
805 4477 846 4541 ob
860 4475 941 4541 alias
966 4495 1084 4542 causas
1098 4488 1171 4562 post
1192 4473 1527 4543 excornmrrntcatiour
