3216 4988
682 439 727 480 ne
760 436 895 480 nsunrs.
957 397 989 478 ,’
1315 390 1318 400 ’
1381 413 1444 475 269

134 575 168 626 ta
186 561 344 646 pensiore
356 559 427 644 jure
444 559 665 670 postularetur,
685 559 703 622 l.
718 559 773 622 ult.
790 559 860 621 cod.
877 559 917 620 de
934 579 989 621 rer
1008 553 1445 641 permut.,Juucta18.cod.

132 675 175 738 66
190 674 329 738 condiet.
349 675 391 738 ob
406 693 495 736 caus
519 671 594 751 dat,
618 692 723 754 neque
715 671 821 734 alias
837 661 1064 734 ecclesiasticis
1086 669 1395 732 constitutionibus·
1387 688 1445 731 nn-

133 783 269 870 pmbata
284 783 346 844 dici
363 781 466 866 potest
482 783 514 846 in
530 796 704 864 conspectu
720 778 854 866 capituli
871 759 899 845 6.
917 781 956 843 66
973 781 1110 864 religios.
1126 779 1285 858 domibnS,
1302 779 1401 842 etiam
1418 779 1446 840 si

133 891 215 956 forte
230 901 378 976 ageretur
404 891 445 953 de
461 911 493 954 re
509 909 568 954 nec
582 903 709 968 natura,
737 909 796 952 nec
811 889 948 954 civiliter
973 885 1146 966 fructifera,
1162 885 1269 967 qualis
1295 895 1379 948 esset
1395 905 1446 966 pe

131 1001 234 1065 cunia
250 1011 428 1078 numerata,
446 997 623 1064 dummodo
650 999 682 1060 in
699 998 761 1060 666
777 1000 882 1080 specie
899 999 1004 1062 omnis
1030 996 1183 1081 obligatio
1204 1005 1290 1058 certo
1304 1005 1446 1078 ternpore

132 1113 280 1188 intereat,
307 1107 586 1194 quemadmodum
602 1107 776 1171 usuvenire
792 1108 872 1170 solet
888 1107 926 1170 in'
937 1107 1088 1172 censibus
1104 1105 1145 1168 ad
1163 1105 1263 1168 vitam
1287 1124 1344 1168 seu
1361 1103 1446 1168 debi-

130 1217 218 1298 toris,
235 1237 294 1281 seu
320 1217 483 1280 creditoris
498 1217 692 1298 constitutis;
721 1217 928 1300 nequeenim
946 1215 1014 1280 ulla
1029 1217 1063 1281 in
1079 1235 1116 1277 eo
1141 1213 1353 1279 videturesse
1372 1235 1446 1280 usu-

129 1351 187 1396 rae
203 1329 353 1413 suspicio,
369 1349 446 1394 cum
462 1328 554 1394 nulla
569 1327 649 1412 fingi
666 1330 766 1410 possit
780 1329 873 1391 sortis
889 1309 1016 1392 debitae
1034 1327 1184 1406 accessio,
1202 1328 1256 1390 ubi
1272 1347 1339 1390 sors
1356 1327 1447 1392 nulla

129 1441 279 1520 debetur;
296 1459 497 1523 quamquam
515 1459 579 1502 non
596 1438 723 1501 inficias
739 1437 861 1516 iverim,
877 1437 1026 1504 damnari
1043 1457 1136 1520 posse
1153 1447 1447 1526 contractumque

128 1551 194 1613 ties
208 1569 321 1612 annua
347 1550 518 1634 praestatio
535 1547 669 1613 modum
694 1529 875 1629 excederet,
897 1569 961 1612 666
977 1543 1116 1634 'quidem
1134 1549 1221 1630 quod
1239 1560 1317 1614 tunc
1334 1569 1446 1614 usura·
1500 1613 1504 1616 .

128 1663 199 1725 rius
215 1674 309 1741 esset,
336 1649 392 1724 sed
407 1659 496 1744 quod
514 1681 577 1726 666
593 1673 774 1724 servaretur
789 1661 945 1744 aequitas,
961 1663 1068 1746 ruralis
1091 1663 1202 1726 omnia
1218 1675 1445 1728 contractuum

126 1787 251 1856 genera
267 1787 375 1852 regere
401 1767 503 1848 debet,
532 1763 754 1862 comedenti,
782 1767 1060 1850 quemadmodum
1088 1788 1148 1833 nec
1170 1767 1298 1832 inficias
1322 1771 1444 1850 iverim,

125 1877 229 1956 etiam
257 1877 405 1942 damnari
431 1897 523 1962 posse
549 1887 706 1960 tanquam
735 1877 919 1942 usurarium
934 1887 1144 1958 contractum,
1173 1879 1299 1962 quoties
1315 1891 1446 1964 pactum

124 1986 321 2072 adjiceretur
336 1984 376 2048 de
402 1996 485 2049 sorte
500 1984 698 2068 quandoque
723 1983 931 2068 restituendaJ
948 1981 1027 2072 quid
1044 1983 1132 2048 enim
1159 1978 1251 2048 ali'ud
1268 1996 1344 2048 tunc
1361 1999 1447 2048 esset

124 2099 160 2160 in
172 2095 238 2160 boc
249 2106 354 2178 pacto,
369 2115 470 2178 quam
482 2095 647 2166 simulatio
659 2093 823 2180 quaedam
835 2095 941 2159 mutui
953 2095 1015 2158 sub
1027 2093 1136 2178 specie
1146 2093 1319 2178 emptionis
1334 2093 1447 2158 vendi·

123 2208 247 2274 tionis?
262 2207 337 2273 Alia
348 2207 472 2272 indoles
482 2219 530 2271 est
544 2219 720 2292 census-ut
735 2208 834 2292 ajunt,
850 2207 1077 2290 consignativi,
1089 2207 1146 2288 qui
1162 2227 1228 2271 non
1243 2228 1285 2272 ex
1301 2212 1363 2279 (66
1379 2228 1445 2272 cre·

122 2315 230 2380 dicore
241 2334 397 2382 concessa
408 2314 629 2398 proficiscitur,
642 2301 700 2378 sed
711 2301 808 2376 modo
818 2333 860 2376 ex
870 2313 1023 2376 debitoris
1038 2333 1181 2394 persona,
1196 2314 1292 2378 modo
1304 2335 1346 2376 ex
1359 2315 1446 2380 debi-

123 2424 206 2490 toris
219 2443 252 2488 re
267 2423 482 2507 constituituq
498 2423 583 2489 urrde
599 2433 657 2488 aut
671 2423 857 2508 personalis,
874 2433 931 2486 aut
947 2421 1041 2486 realis
1056 2407 1200 2486 vocaturss
1245 2423 1333 2488 Sane
1348 2423 1446 2510 hujus

123 2543 315 2598 contractus
325 2532 598 2616 origoadmodum
607 2551 717 2594 recens
726 2542 782 2612 est,
790 2545 821 2596 et
828 2533 968 2598 Romani
974 2533 1056 2618 juris
1069 2533 1305 2599 institutoribus
1315 2556 1445 2620 prorsus

121 2639 305 2724 incognita,
316 2648 510 2722 argumento
520 2639 601 2728 legis
612 2623 668 2704 ult.
681 2643 702 2708 l.
716 2641 743 2704 1.
754 2641 785 2706 ff.
797 2641 837 2704 66
847 2641 990 2706 contrah.
1005 2653 1101 2728 empt.
1120 2625 1246 2708 Census
1265 2647 1444 2729 personalis

123 2751 248 2814 dicitur
257 2749 312 2834 jus
325 2769 365 2812 ex
381 2759 468 2814 certa
482 2753 632 2834 pactione
645 2748 858 2834 proficiscens,
873 2753 966 2836 cujus
980 2753 1013 2815 vi
1026 2753 1082 2836 qui
1095 2763 1212 2818 sortem
1228 2755 1360 2839 accepit,
1376 2777 1444 2840 per-

121 2859 276 2924 sonalem
290 2837 424 2922 omnino
434 2859 666 2947 obligationem
681 2859 842 2924 contrahit
854 2861 888 2923 in
898 2859 1037 2925 heredes
1053 2863 1152 2926 etiarn
1174 2863 1440 2947 transferendam,

122 2969 158 3031 in
175 2985 293 3047 annos,
310 2967 361 3030 vel
377 2987 505 3032 menses
518 2969 666 3052 singulos
680 2979 801 3032 certam
816 2972 1066 3053 praestationem
1082 2972 1239 3053 solvendi,
1255 2967 1364 3038 vel'ad
1380 2996 1443 3042 cer·

123 3091 199 3142 tum
226 3088 364 3159 ternpus,
391 3096 456 3160 qno
481 3077 592 3160 elapso
617 3097 686 3141 sors
710 3078 905 3159 restituatur,
932 3078 983 3140 vel
1002 3077 1045 3141 ad
1072 3089 1200 3162 tempus
1226 3081 1443 3164 indefinitum,

119 3201 301 3266 quousque
316 3181 470 3248 nimirum
486 3203 553 3247 sors
569 3186 703 3250 minime
719 3187 906 3250 restituitur.
950 3183 1047 3252 Hauc
1063 3209 1180 3254 census
1202 3191 1353 3274 speciem,
1370 3205 1444 3258 utut

119 3289 278 3355 nonnulli
295 3303 408 3374 putent
433 3293 646 3376 improbatam
662 3281 789 3360 nantum
816 3317 857 3360 ex
875 3294 1054 3362 Pontificiis
1078 3301 1308 3366 recentioribus
1323 3305 1440 3369 consti-

121 3399 316 3480 tutionibus,
343 3413 573 3486 proptereaque
589 3399 698 3468 adhuc
726 3405 823 3490 recipi
839 3427 933 3488 posse
950 3409 982 3472 in
1000 3407 1039 3470 iis
1067 3407 1278 3488 Provinciis,
1271 3429 1304 3472 m
1320 3411 1439 3492 quibus
1498 3417 1502 3422 '

121 3505 262 3571 eaedem
277 3493 522 3572 constitutiones
537 3512 771 3596 promulgatae,
787 3535 852 3580 non
867 3515 1008 3582 suerunt·
1001 3537 1086 3602 ,ego
1102 3527 1211 3582 tamen
1227 3517 1368 3599 arbitror,
1385 3539 1441 3583 na-

119 3629 198 3702 tura
214 3635 276 3680 sua
290 3621 333 3681 ab
360 3637 478 3682 usurae
494 3631 570 3685 nota
584 3641 651 3685 non
666 3642 736 3686 esse
751 3596 902 3709 alienam,
931 3627 1137 3710 proindeque,
1158 3629 1243 3693 sicut
1258 3639 1333 3694 ante
1348 3649 1439 3694 cons-

120 3725 292 3790 titutiones
309 3727 503 3810 pontificias,
521 3726 566 3792 ita
581 3743 699 3814 etpost
714 3731 788 3797 illas
803 3735 900 3799 etiam
918 3737 950 3798 in
967 3737 1157 3818 Provinciis,
1186 3737 1218 3804 in
1235 3741 1355 3824 quibus
1372 3761 1441 3824 pro-
1501 3808 1504 3815 1

119 3829 294 3914 mulgatae
309 3853 374 3899 non
390 3847 474 3918 sunt,
492 3835 613 3902 licitam
629 3840 740 3906 baberi
757 3839 960 3908 nullomodo
977 3867 1079 3932 posse,
1096 3849 1217 3912 etenim
1236 3849 1298 3912 sub
1313 3871 1352 3913 en
1367 3871 1441 3934 cen-

122 3953 249 4006 tractus
266 3947 371 4028 specie
398 3965 512 4011 rernm
528 3960 679 4016 mutuum
696 3972 772 4018 cum
794 3956 943 4040 pactione
959 3975 1131 4022 usurarum
1154 3959 1353 4024 celebratum
1367 3981 1438 4025 esse

118 4047 294 4132 perspicue
319 4051 517 4138 intelligituq
544 4058 632 4142 quod
648 4059 730 4124 adeo
757 4081 869 4126 verum
885 4084 1010 4144 censeo,
1040 4079 1074 4129 ut
1090 4067 1176 4132 idem
1205 4068 1381 4136 dicendum
1398 4073 1439 4136 sit

119 4159 155 4222 in
175 4178 286 4238 censu,
302 4181 400 4246 quam
417 4163 612 4249 Pragmatici
628 4151 747 4234 vocant
763 4172 911 4252 mixtum,
928 4193 984 4238 seu
1002 4175 1118 4257 partim
1134 4175 1304 4258 personali,
1321 4177 1438 4260 partim

118 4265 211 4344 reali,
229 4267 362 4350 quando
388 4271 541 4336 nimirum
557 4279 670 4341 censui
696 4279 855 4364 personali
871 4283 989 4346 accesit
1015 4282 1055 4345 ad
1075 4285 1228 4370 majorem
1255 4301 1437 4353 contractae

119 4373 333 4456 obligationis
359 4375 545 4444 firmitatem
561 4382 735 4466 singularis
760 4381 899 4472 alicujus
916 4387 958 4452 rei
975 4391 1168 4486 lrypotbeca3
1199 4393 1384 4475 siqnidem
1377 4407 1437 4460 rsta

119 4500 271 4546 accessio
287 4503 350 4548 non
377 4500 527 4552 immutat
543 4503 695 4556 naturam
721 4499 899 4578 personalis
915 4519 1041 4583 census
1069 4505 1349 4631 quemadmodum
1376 4527 1437 4575 nec
1475 4529 1477 4532 ·

476 4597 483 4620 .
