3276 4984
254 430 342 478 curo
363 431 451 476 arun
468 425 678 494 secueram,
701 432 749 478 aa·
771 431 938 484 cuonone
959 435 1267 486 counaaaaunou.
1373 421 1416 488 65

31 625 33 670 t
131 551 329 619 undecuma
353 565 524 620 teneantur
548 557 781 639 contrahentes,
806 559 915 642 quoad
939 562 999 646 ipsi
1025 574 1182 645 poterunt,
1208 575 1246 628 ut
1259 563 1334 630 illae
1356 565 1417 630 im·

31 673 32 696 l
129 665 273 746 pleantur.
316 665 400 730 Rern
414 665 597 730 demonstro
613 667 769 752 exemplo.
814 669 920 751 Finge
934 672 1122 755 conjugium
1137 682 1337 736 contractum
1351 671 1416 736 hae

129 772 252 836 honesta
265 775 458 838 conditione:
484 776 511 838 si
525 793 608 838 uxor
622 785 753 840 centum
779 777 812 840 in
829 775 937 842 dotem
952 777 1085 845 dederit.
1127 779 1179 844 Ea
1193 782 1334 846 conditio
1350 801 1415 848 non

128 883 285 964 suspendit
298 883 494 967 conjugium,
511 883 568 947 sed
584 903 644 946 nec
658 885 794 950 habetur
809 905 865 970 pro
881 903 945 950 non
955 885 1087 970 adjecta,
1103 899 1231 952 tantum
1246 887 1416 952 verborum

127 995 282 1078 conceptio
295 994 394 1078 paulo
410 996 608 1074 immutatur,
634 995 696 1058 hac
708 996 893 1079 interposita
908 999 1078 1064 verborum
1097 1000 1363 1086 interpretatione,
1380 1011 1417 1063 ut

128 1121 198 1166 uxor
211 1115 285 1188 post
298 1115 499 1169 contractum
513 1105 700 1189 conjugium
715 1115 847 1168 centum
860 1105 1003 1170 conferre
1018 1107 1101 1170 dotis
1117 1111 1246 1172 nomine
1261 1119 1416 1174 teneatur.

128 1213 206 1277 llaec
230 1225 343 1279 atrtem
367 1216 486 1295 omnia,
516 1216 563 1279 uti
589 1213 764 1298 prensabat,
791 1213 833 1276 ad
860 1215 1023 1298 sponsalia
1045 1217 1179 1280 minime
1201 1215 1418 1298 protrahenda

127 1341 239 1406 cense03
259 1325 293 1388 in
308 1324 428 1406 quibus
442 1323 540 1386 etiarn
557 1322 638 1386 illud
653 1315 790 1386 decurrit
804 1321 970 1405 singulare
981 1321 1315 1404 animaduertendum,
1330 1323 1419 1406 quod
1526 1314 1529 1330 '

127 1430 229 1493 eadem
244 1433 317 1493 sine
342 1429 418 1494 ullis
433 1429 691 1492 solemnitatibus
713 1428 859 1492 contrahi
882 1439 1025 1510 possunt
1053 1441 1087 1491 at
1101 1448 1177 1492 vero
1191 1432 1342 1515 conjugia
1355 1451 1419 1494 cer-

127 1551 192 1624 tam,
216 1543 405 1626 praesertim
424 1541 528 1622 hodie,
552 1542 674 1604 habent
689 1539 815 1624 legibus
840 1543 1063 1624 praestitutam
1090 1542 1255 1624 publicam
1271 1542 1417 1622 sormam,

126 1665 183 1726 qun
196 1649 252 1730 qui
278 1648 449 1728 contrahit,
478 1649 566 1728 serio,
583 1659 616 1712 et
630 1647 803 1712 deliberate
818 1650 1023 1712 contraehere
1037 1650 1262 1732 praesumitun
1289 1671 1422 1734 querno·

127 1752 203 1818 brem
217 1756 245 1817 si
261 1753 345 1838 quid
371 1759 403 1818 in
420 1755 570 1838 conjugio
584 1767 642 1818 aut
656 1755 873 1838 impossibilis,
898 1765 956 1818 aut
971 1756 1073 1839 turpis
1087 1757 1279 1821 conditionis
1294 1759 1420 1822 excida-

127 1861 166 1941 ril,
186 1863 283 1927 facile
310 1865 487 1942 remittitur,
512 1865 625 1929 eadem
641 1883 723 1948 pene
748 1864 969 1946 rationeque
993 1865 1199 1930 remittuntur
1222 1867 1421 1932 conditiones

125 1975 274 2057 ejusmodi
291 1995 334 2040 ex
348 1975 521 2058 disciplina
540 1975 622 2061 juris
636 1976 776 2040 Romam
798 1977 831 2038 in
848 1975 971 2040 ultimis
985 1976 1206 2041 voluntatibus
1221 1979 1364 2058 solemni,
1390 1989 1423 2044 et

125 2084 244 2164 publico
259 2081 324 2148 ritu
340 2085 551 2168 explicandis.
595 2085 660 2149 Sed
675 2086 709 2147 in
725 2083 940 2167 sponsalibus,
962 2101 1047 2164 quae
1061 2083 1257 2160 clanculum,
1274 2085 1318 2148 ite
1332 2083 1421 2149 dixe-

124 2194 184 2274 rim,
199 2205 258 2258 aut
274 2195 427 2277 priuatim
443 2193 535 2273 liunt,
558 2205 649 2256 tanta
664 2213 728 2256 non
744 2204 792 2255 est
803 2191 957 2255 habenda
972 2190 1061 2272 ratio;
1079 2203 1115 2255 ut
1129 2191 1254 2272 quoties
1268 2190 1421 2254 conditio

31 2379 32 2392 χ
125 2321 182 2383 nes,
196 2317 255 2367 aut
270 2315 399 2380 natura,
415 2312 473 2364 arrt
482 2303 554 2385 jure
568 2301 783 2386 impossibiles
796 2299 938 2384 adjectae
952 2297 1080 2376 suerint,
1095 2298 1327 2377 existimentur,
1343 2317 1422 2380 qua·

31 2431 32 2440 ¹
123 2414 148 2473 si
160 2413 359 2476 excidissent
384 2413 510 2494 sponsis
525 2411 603 2494 ipsis
627 2411 691 2474 alio
705 2409 865 2474 disuactis
890 2408 1083 2492 gravissima
1097 2409 1141 2485 rei
1164 2407 1322 2492 gerendae
1336 2409 1422 2492 cogi·

31 2565 32 2584 t
123 2525 247 2586 tatione.

661 2771 812 2838 CAPUT
841 2769 883 2834 ll.

291 3026 449 3102 Quinam
458 3033 503 3090 od
515 3025 738 3091 contrahendo
749 3025 923 3113 sparmalle
933 3025 1042 3090 idonei
1052 3027 1252 3095 habeantur?

31 3397 32 3402 ’
119 3251 228 3464 JAM
245 3411 324 3458 vero
347 3393 477 3476 regulae
492 3389 707 3471 designarunt,
733 3395 908 3476 exquibus
933 3395 1109 3478 colligatur,
1137 3395 1273 3474 quinam
1297 3396 1362 3458 sint
1376 3393 1419 3461 ed

31 3479 32 3482 Ἴ
119 3503 339 3568 'contrahenda
363 3489 527 3585 sponsalia
552 3501 668 3563 idonei.
713 3503 805 3564 Duas
832 3502 958 3585 regulas
982 3521 1042 3582 ego
1063 3501 1239 3582 praestituo
1264 3499 1417 3566 adhunc

31 3593 32 3614 ¹
123 3623 183 3671 rem
197 3610 330 3691 penitus
344 3607 570 3688 dirimendam
595 3625 733 3688 quarum
748 3609 851 3690 prima
864 3621 921 3686 est,
944 3625 1126 3670 aesomnes
1142 3607 1282 3670 idoneos
1297 3608 1416 3688 haberi,
1464 3651 1472 3666 t

124 3717 173 3794 qui
188 3717 229 3780 ad
257 3715 516 3800 contrahendum
537 3717 726 3800 conjugium
741 3712 847 3780 idonei
862 3728 947 3795 sunt,
973 3717 1072 3780 altera
1086 3730 1143 3796 est,
1170 3735 1235 3782 non
1250 3718 1328 3780 itae
1344 3733 1417 3782 eon·

126 3837 207 3887 serso
222 3823 433 3908 sponsalibus
445 3824 673 3888 contrahendis
688 3824 819 3888 idoneos
833 3843 911 3904 esse,
934 3824 996 3908 qui
1006 3825 1237 3908 patrimonium
1253 3827 1415 3903 annuebat

31 3959 32 4020 3
126 3950 154 3996 re
168 3947 340 4019 nequeunt.
385 3935 512 4017 ludiget
526 3945 661 4018 utreque
677 3937 788 4019 regula
801 3935 921 4001 fusiora
934 3937 1078 4020 quadam
1095 3937 1331 4021 explanatione.

31 4041 32 4124 j
125 4069 127 4085 ·
163 4041 306 4112 Quando
322 4041 471 4122 dicimus,
487 4061 542 4105 eos
557 4039 773 4106 idoneosesse
788 4043 831 4107 ad
845 4045 1065 4108 contrahenda
1080 4045 1255 4128 sponsalia,¹
1278 4047 1335 4126 qui
1349 4043 1414 4110 ido

125 4147 171 4210 nei
183 4161 263 4212 sunt
286 4148 330 4211 ad
344 4145 586 4214 matrimonium
600 4151 866 4231 contrabendum,
884 4149 1007 4235 duplex
1022 4153 1130 4218 statim
1145 4152 1296 4216 habilitas
1311 4169 1415 4233 parso-

125 4275 231 4325 narum
247 4261 290 4324 ob
304 4261 414 4324 oeulos
426 4259 606 4344 exhibetur,
627 4260 710 4326 aliae
725 4263 812 4326 enim
827 4263 872 4326 ita
886 4262 1010 4328 habiles
1025 4263 1158 4328 suntad
1173 4263 1419 4337 manturanum,

125 4367 383 4450 conuehendum,
409 4383 447 4434 ut
461 4370 646 4435 non'solum
670 4371 787 4452 ualida,
814 4371 1052 4454 adloquuntur
1073 4373 1218 4452 scholae,
1243 4369 1412 4448 sedetiam

126 4469 202 4548 licite
213 4455 417 4550 corltrahnnlt
440 4479 567 4546 beromi
574 4491 684 4546 antem
703 4488 851 4568 respectu
865 4482 1411 4631 ”uualpffib‘ffi‘fflfflffloe‘l
