3134 4984
598 431 645 484 ba
661 427 823 484 strtoursi
1102 481 1122 522 ·
1287 414 1362 511 ιη

91 559 294 646 lPraeposito,
310 559 362 626 vel
377 553 419 626 ab
433 559 505 624 eliis
520 559 696 647 Praepositi
713 561 842 624 nomine
858 557 1076 647 possiderunt?
1099 559 1271 626 Caeterum
1283 555 1363 635 (loe-

91 669 201 736 lestinus
216 669 275 734 111.
301 669 334 732 in
350 689 419 754 cap.
449 669 496 732 10.
513 664 563 732 de
580 678 729 732 trausact.
754 668 910 732 simoniae
927 665 1041 732 vitium
1056 685 1126 728 esse
1152 666 1294 750 agnovit,
1309 652 1366 734 ulii

89 777 218 862 subjectio
232 787 316 838 esset
339 775 414 857 data
430 775 568 860 pecunia
594 774 791 840 redimenda.
836 775 954 838 Dicant
970 791 1065 850 nitrio,
1094 775 1150 858 qui
1165 789 1277 838 contra
1293 795 1368 838 serr·

91 885 160 964 tiunt,
176 885 208 948 in
225 885 286 948 illis
302 885 469 970 speciebus
486 884 672 967 temporalia
691 904 744 966 pro
760 884 988 968 temporalibus
1004 883 1094 962 tradi,
1111 884 1162 947 vel
1178 886 1251 970 peti.
1294 885 1367 970 Ege

90 1012 186 1076 repono
212 993 377 1076 imprimis,
405 1013 469 1056 non
486 993 517 1054 in
544 1011 583 1054 eo
609 1003 735 1056 tantum
762 976 934 1055 consistere
959 991 1190 1080 turpitudinem
1216 991 1365 1073 simonia;

88 1103 154 1182 quod
172 1097 398 1186 temporalibus
424 1101 603 1184 spiritualia
618 1099 757 1184 appendi
775 1121 837 1164 non
854 1100 956 1180 liceat,
974 1099 1029 1164 scd
1055 1112 1152 1164 etiam
1168 1102 1201 1163 in
1217 1119 1263 1178 eo,
1279 1101 1367 1184 quod

87 1212 247 1276 coricedens
264 1213 345 1276 bona
362 1209 529 1276 Ecclesiae
546 1221 617 1273 utut
633 1204 819 1292 temporalia
835 1230 899 1272 non
913 1209 1069 1272 concedat
1083 1229 1122 1273 ea
1138 1211 1267 1288 ratione,
1284 1213 1369 1292 qnae

87 1320 116 1380 ab
128 1323 212 1384 initio
227 1324 401 1384 constituta
425 1320 485 1385 sitit
501 1339 543 1381 ex
559 1320 678 1382 Christi
702 1331 869 1402 praecepto
885 1318 925 1380 de
941 1319 1038 1402 gratis
1054 1317 1170 1398 dando,
1194 1321 1282 1402 quod
1299 1335 1367 1404 gra-

87 1433 115 1492 tis
127 1449 291 1514 acceptum
307 1443 363 1494 est.
382 1423 386 1430 ⁴
407 1431 533 1494 Revera
550 1447 612 1492 uon
629 1425 694 1490 alia
710 1427 769 1492 snit
785 1439 841 1490 aut
857 1427 977 1504 divina,
994 1439 1050 1490 aut
1073 1429 1287 1490 ecclesiastica
1307 1421 1369 1490 ins·

88 1541 172 1604 tiuitio
189 1545 220 1603 iu
247 1559 317 1604 nsit.
343 1551 375 1604 et
402 1539 679 1602 administratione
700 1539 823 1622 jurium
851 1547 921 1600 ιιιιιι
943 1533 1165 1618 temporalium
1197 1531 1369 1620 Ecclesiae,

86 1669 126 1714 avit
144 1655 295 1716 bonornm
312 1653 506 1724 lllonasterii,
523 1671 620 1732 quam
636 1662 670 1713 ut
687 1649 781 1711 libere
802 1649 875 1724 ilco,
893 1661 924 1710 et
941 1647 1106 1712 Ecclesiae
1122 1649 1287 1726 serviatur,
1305 1668 1368 1711 non

87 1773 110 1820 ιιι
127 1759 174 1820 illa
192 1763 223 1824 ιιι
239 1759 381 1842 quodam
405 1761 468 1822 siut
485 1759 746 1820 adrrrinistrornrn
763 1758 965 1837 commercio;
982 1756 1067 1837 quod
1085 1777 1162 1819 sane
1180 1757 1206 1819 si
1223 1759 1369 1821 admitte·

87 1883 164 1942 rotor,
179 1871 298 1951 ecquis.
317 1871 360 1929 rrti
373 1871 442 1952 jam
459 1867 580 1932 dictum
596 1881 654 1944 est,
679 1887 726 1930 rcs
743 1887 964 1948 quascumque
980 1867 1077 1930 etiarn
1101 1867 1242 1930 maxime
1261 1887 1370 1930 sacras

86 1975 118 2036 ab
131 1975 239 2038 eoilonr
263 1975 456 2036 commercio
471 1964 633 2036 liberaret?
678 1973 804 2038 Deinde
821 1973 892 2036 licet
910 1975 1053 2037 redditus
1071 1976 1299 2056 praebendales
1318 1997 1372 2060 per

85 2103 109 2146 se
123 2084 299 2166 spirituales
326 2102 390 2145 uon
406 2084 478 2158 sint,
500 2083 555 2166 jus
571 2092 679 2148 tamen
704 2102 758 2144 eos
786 2081 978 2166 percipiendi
1005 2083 1169 2164 spirituale
1195 2081 1371 2147 dicendum

85 2211 129 2270 ost,
144 2209 172 2258 et
187 2196 345 2272 divinum,
369 2211 445 2256 euin
461 2212 502 2254 ex
517 2191 684 2274 spirituali,
712 2203 743 2254 et
758 2190 868 2254 divino
891 2191 995 2254 officio
1011 2189 1239 2273 proficiscatur.
1285 2189 1373 2274 Ergo

66 2305 109 2400 ,iu
124 2309 277 2390 proposito
300 2303 499 2390 appendetur
520 2304 575 2384 jus
590 2301 755 2384 spirituale
781 2303 940 2384 proposito
968 2301 1134 2382 temporali
1157 2303 1266 2386 pretio,
1288 2300 1369 2364 dum

86 2433 130 2498 pro
139 2419 209 2500 jnro
226 2411 420 2496 preteririendi
448 2411 590 2472 redditus
608 2409 780 2492 temporale
805 2409 973 2490 quidpiam
989 2409 1144 2488 exigatur.
1191 2407 1302 2470 Utrum
1319 2407 1374 2468 ad-

84 2521 137 2587 lruc
153 2525 288 2608 adjicere
314 2521 391 2584 olim
408 2517 556 2582 nernrulli
583 2528 819 2580 consueverant
845 2515 884 2576 de
904 2513 1129 2576 ecclesiasticrs
1155 2513 1372 2595 pensionibus,

84 2645 229 2712 potantes,
246 2633 306 2694 iras
323 2629 438 2692 saltem
454 2630 487 2690 ιιι
503 2625 733 2688 commercium
749 2623 866 2686 adduci
887 2643 987 2705 possa,
1004 2635 1168 2704 propterea
1189 2622 1274 2704 quod
1293 2623 1374 2685 nibil

84 2741 110 2804 iu
124 2744 198 2824 ipsis
213 2743 368 2824 adpareat
391 2741 472 2824 juris
488 2735 664 2818 spiritualis
687 2736 863 2799 adnexum.
909 2735 1026 2797 l'crurn
1043 2735 1069 2796 si
1091 2736 1300 2822 observemus
1318 2737 1374 2798 ini·

84 2850 191 2930 primia,
220 2848 316 2910 hodic
343 2847 511 2928 pensiones
537 2844 703 2906 beneficiis
729 2862 799 2903 csse
825 2841 1059 2924 aeqrriparatas,
1084 2843 1199 2904 sivein
1222 2855 1372 2924 caparte,

84 2953 160 3034 qued
178 2953 361 3036 regulariter
377 2947 509 3014 Clericis
526 2961 652 3012 tantum
669 2947 882 3027 coitsemritur,
899 2951 967 3012 sive
983 2950 1068 3032 quod
1085 2951 1295 3032 pensionariis
1310 2972 1375 3014 ccr-

85 3069 113 3120 ta
126 3061 301 3142 spiritualia
318 3059 422 3122 officia
445 3057 609 3139 implenda
625 3057 819 3138 indicantum
844 3063 869 3120 si
886 3057 1094 3118 observemus
1110 3057 1234 3134 deinde,
1252 3057 1375 3142 pensio-

85 3190 136 3234 nes
151 3193 273 3256 scmper
287 3170 421 3236 concedi
437 3171 644 3234 consuevisse
660 3169 711 3230 vel
728 3169 871 3252 personis
892 3159 933 3231 de
952 3168 1097 3233 Ecclesia
1112 3169 1324 3248 benemeritis,
1340 3181 1376 3234 rit

85 3279 142 3342 illis
156 3285 248 3364 quasi
264 3281 459 3366 pauperibus
485 3277 634 3340 Ecclesia
648 3277 807 3358 censrrlat;
832 3297 1046 3360 agnoscemus
1063 3279 1180 3358 statim,
1203 3279 1234 3341 ιιι
1252 3281 1373 3362 pensio·

85 3389 173 3452 uibus
186 3387 385 3454 ceriferendis
401 3387 481 3452 nibil
498 3385 588 3450 aliud
605 3385 732 3464 versari,
748 3406 847 3470 quarn
863 3374 1176 3452 adruinistmtiorrerir
1198 3409 1236 3452 ac
1252 3389 1378 3482 dispen-

86 3497 455 3573 sationeniecclesiastici
471 3495 596 3580 peculii,
613 3495 647 3558 itt
662 3515 728 3575 qvia
743 3497 826 3558 sicut
842 3495 872 3557 in
891 3495 985 3558 rebus
1000 3493 1142 3578 profanis
1166 3515 1260 3560 nemo
1275 3505 1380 3578 potest

87 3621 237 3684 egerens
252 3605 331 3670 forte
349 3605 518 3668 videantur
546 3606 604 3666 viri
620 3602 827 3666 ecclesiastici
843 3603 965 3668 domini
980 3625 1050 3667 esse
1065 3605 1179 3687 potius,
1201 3625 1301 3686 quam
1316 3605 1379 3670 dis·

86 3728 271 3794 pensatores
315 3715 428 3798 Neque
444 3713 477 3776 id
502 3724 632 3788 tantum
650 3731 760 3776 verum
776 3725 831 3790 est,
850 3713 904 3775 ubi
920 3725 1051 3796 pactum
1074 3725 1115 3775 sit
1129 3712 1169 3776 de
1184 3701 1379 3778 constitue'u·

87 3821 127 3880 da
142 3823 298 3902 pensione,
314 3820 371 3884 scd
388 3821 487 3882 etiam
504 3821 557 3882 obi
574 3817 613 3882 dc
629 3819 858 3902 extinguenda,
882 3819 1158 3902 quemadmodum
1174 3827 1387 3906 contingeret,·

88 3928 138 3990 tibi
153 3929 375 4012 pensionarius
402 3927 573 3990 reviritteret
589 3928 775 4010 pmisionenr
801 3927 1004 3990 beneficiario
1020 3943 1154 4011 gravato
1180 3946 1313 4013 accepta
1327 3951 1380 4016 pe*

88 4042 187 4104 euuia.
229 4041 320 4114 Quid
335 4041 424 4117 ¹enim
451 4040 588 4120 interest,
614 4059 657 4101 an
673 4037 750 4100 data
775 4040 915 4122 pecunia
942 4041 1085 4106 Clericus
1111 4044 1299 4125 pensionem
1321 4041 1382 4108 sibl

89 4143 238 4229 adquirat,
264 4168 308 4210 an
325 4147 549 4222 beneficiarius
573 4147 760 4230 pensionem
777 4144 837 4209 sibi
854 4145 1003 4212 redimat?
1046 4149 1112 4212 Sed
1127 4170 1229 4214 trevas
1252 4151 1383 4217 fraudes
1405 4167 1418 4206 s

89 4257 218 4320 avaritia
232 4257 353 4322 docuit.
377 4255 503 4320 Passim
519 4255 634 4320 Clerici
660 4255 854 4320 beneficiarii
870 4268 1089 4338 agnoscentes,
1112 4259 1181 4322 sirie
1197 4260 1273 4322 vitio
1289 4263 1384 4326 sinid-

91 4361 160 4426 ttiae
174 4385 205 4430 aa
220 4387 283 4432 non
300 4385 393 4452 posse
408 4365 562 4430 redivivere
578 4365 756 4450 pensiones,
774 4377 936 4450 putarunt,
962 4385 995 4427 se
1012 4385 1105 4448 posse
1121 4369 1234 4432 saltem
1251 4370 1384 4434 redime·

95 4487 127 4535 re
140 4471 324 4562 datoprctio
339 4473 509 4540 commodo
524 4476 726 4562 pensionum,
751 4473 986 4621 distirrgrreptes
1002 4473 1208 4621 ctppmogpm
1224 4474 1388 4558 pensionis

945 4577 1002 4621 ou.
1073 4593 1117 4620 .-
1169 4605 1175 4620 .

1199 4633 1218 4660 ¹
