<?xml version="1.0" encoding="UTF-8"?>
<!DOCTYPE html PUBLIC "-//W3C//DTD XHTML 1.0 Transitional//EN"
    "http://www.w3.org/TR/xhtml1/DTD/xhtml1-transitional.dtd">
<html xmlns="http://www.w3.org/1999/xhtml" xml:lang="en" lang="en">
 <head>
  <title>
</title>
<meta http-equiv="Content-Type" content="text/html;charset=utf-8" />
  <meta name='ocr-system' content='tesseract 3.04.00' />
  <meta name='ocr-capabilities' content='ocr_page ocr_carea ocr_par ocr_line ocrx_word'/>
</head>
<body>
  <div class='ocr_page' id='page_1' title='image "./carolisebastian00beragoog_0569.png"; bbox 0 0 3134 4984; ppageno 0'>
   <div class='ocr_carea' id='block_1_1' title="bbox 215 403 1275 490">
    <p class='ocr_par' dir='ltr' id='par_1_1' title="bbox 215 403 1275 490">
     <span class='ocr_line' id='line_1_1' title="bbox 215 403 1275 490; baseline 0.001 -17"><span class='ocrx_word' id='word_1_1' title='bbox 215 403 278 473; x_wconf 80' lang='lat' dir='ltr'><strong>tau</strong></span> <span class='ocrx_word' id='word_1_2' title='bbox 460 426 550 472; x_wconf 78' lang='lat' dir='ltr'><strong>snas</strong></span> <span class='ocrx_word' id='word_1_3' title='bbox 567 425 693 486; x_wconf 78' lang='lat' dir='ltr'><strong>anina,</strong></span> <span class='ocrx_word' id='word_1_4' title='bbox 712 425 1122 490; x_wconf 67' lang='lat' dir='ltr'><strong>praetermeantem,</strong></span> <span class='ocrx_word' id='word_1_5' title='bbox 1139 429 1217 474; x_wconf 78' lang='lat' dir='ltr'><strong>car.</strong></span> <span class='ocrx_word' id='word_1_6' title='bbox 1231 407 1275 476; x_wconf 84' lang='lat' dir='ltr'><strong>Il.</strong></span> 
     </span>
    </p>
   </div>
   <div class='ocr_carea' id='block_1_2' title="bbox 127 547 1554 4552">
    <p class='ocr_par' dir='ltr' id='par_1_2' title="bbox 127 547 1554 4552">
     <span class='ocr_line' id='line_1_2' title="bbox 209 547 1487 638; baseline 0.004 -25"><span class='ocrx_word' id='word_1_7' title='bbox 209 567 349 634; x_wconf 87' lang='lat' dir='ltr'><strong>qnorum</strong></span> <span class='ocrx_word' id='word_1_8' title='bbox 365 560 512 634; x_wconf 84' lang='lat' dir='ltr'><strong>respectu</strong></span> <span class='ocrx_word' id='word_1_9' title='bbox 533 548 662 612; x_wconf 82' lang='lat' dir='ltr'><strong>fraudis</strong></span> <span class='ocrx_word' id='word_1_10' title='bbox 673 547 814 632; x_wconf 87' lang='lat' dir='ltr'><strong>suspicio</strong></span> <span class='ocrx_word' id='word_1_11' title='bbox 829 549 961 638; x_wconf 83' lang='lat' dir='ltr'><strong>sultoriri</strong></span> <span class='ocrx_word' id='word_1_12' title='bbox 977 559 1106 632; x_wconf 86' lang='lat' dir='ltr'><strong>poterut,</strong></span> <span class='ocrx_word' id='word_1_13' title='bbox 1121 551 1307 634; x_wconf 82' lang='lat' dir='ltr'><strong>praesertim</strong></span> <span class='ocrx_word' id='word_1_14' title='bbox 1327 549 1407 634; x_wconf 85' lang='lat' dir='ltr'><strong>qnod</strong></span> <span class='ocrx_word' id='word_1_15' title='bbox 1418 551 1487 618; x_wconf 80' lang='lat' dir='ltr'><strong>ciet·</strong></span> 
     </span>
     <span class='ocr_line' id='line_1_3' title="bbox 209 659 1483 747; baseline 0 -21"><span class='ocrx_word' id='word_1_16' title='bbox 209 672 262 726; x_wconf 89' lang='lat' dir='ltr'><strong>ttts</strong></span> <span class='ocrx_word' id='word_1_17' title='bbox 278 681 429 746; x_wconf 82' lang='lat' dir='ltr'><strong>expresse</strong></span> <span class='ocrx_word' id='word_1_18' title='bbox 443 661 658 745; x_wconf 83' lang='lat' dir='ltr'><strong>prohibuerat,</strong></span> <span class='ocrx_word' id='word_1_19' title='bbox 676 679 717 724; x_wconf 91' lang='lat' dir='ltr'><strong>ne</strong></span> <span class='ocrx_word' id='word_1_20' title='bbox 733 659 913 743; x_wconf 81' lang='lat' dir='ltr'>quidquam</span> <span class='ocrx_word' id='word_1_21' title='bbox 927 662 1160 743; x_wconf 69' lang='lat' dir='ltr'><strong>concederetur,</strong></span> <span class='ocrx_word' id='word_1_22' title='bbox 1183 665 1242 728; x_wconf 87' lang='lat' dir='ltr'><strong>rite</strong></span> <span class='ocrx_word' id='word_1_23' title='bbox 1256 664 1483 747; x_wconf 71' lang='lat' dir='ltr'><strong>aetatepost.</strong></span> 
     </span>
     <span class='ocr_line' id='line_1_4' title="bbox 208 773 1485 856; baseline 0.002 -18"><span class='ocrx_word' id='word_1_24' title='bbox 208 773 356 855; x_wconf 88' lang='lat' dir='ltr'><strong>idipsum</strong></span> <span class='ocrx_word' id='word_1_25' title='bbox 371 775 500 837; x_wconf 85' lang='lat' dir='ltr'><strong>evenire</strong></span> <span class='ocrx_word' id='word_1_26' title='bbox 517 786 594 856; x_wconf 88' lang='lat' dir='ltr'><strong>puto</strong></span> <span class='ocrx_word' id='word_1_27' title='bbox 609 791 647 835; x_wconf 88' lang='lat' dir='ltr'><strong>aa</strong></span> <span class='ocrx_word' id='word_1_28' title='bbox 663 773 697 836; x_wconf 90' lang='lat' dir='ltr'><strong>irt</strong></span> <span class='ocrx_word' id='word_1_29' title='bbox 712 775 827 855; x_wconf 87' lang='lat' dir='ltr'><strong>specie,</strong></span> <span class='ocrx_word' id='word_1_30' title='bbox 849 793 916 855; x_wconf 87' lang='lat' dir='ltr'><strong>qna</strong></span> <span class='ocrx_word' id='word_1_31' title='bbox 932 777 1036 856; x_wconf 82' lang='lat' dir='ltr'><strong>pactio</strong></span> <span class='ocrx_word' id='word_1_32' title='bbox 1051 775 1134 840; x_wconf 89' lang='lat' dir='ltr'><strong>inter</strong></span> <span class='ocrx_word' id='word_1_33' title='bbox 1144 775 1232 838; x_wconf 86' lang='lat' dir='ltr'><strong>dttoe</strong></span> <span class='ocrx_word' id='word_1_34' title='bbox 1244 791 1407 840; x_wconf 79' lang='lat' dir='ltr'><strong>extraneos</strong></span> <span class='ocrx_word' id='word_1_35' title='bbox 1419 776 1485 845; x_wconf 86' lang='lat' dir='ltr'><strong>inita</strong></span> 
     </span>
     <span class='ocr_line' id='line_1_5' title="bbox 208 879 1486 968; baseline 0.005 -27"><span class='ocrx_word' id='word_1_36' title='bbox 208 879 226 941; x_wconf 86' lang='lat' dir='ltr'>s</span> <span class='ocrx_word' id='word_1_37' title='bbox 225 880 329 958; x_wconf 81' lang='lat' dir='ltr'><strong>nisset,</strong></span> <span class='ocrx_word' id='word_1_38' title='bbox 357 892 436 963; x_wconf 88' lang='lat' dir='ltr'><strong>puta</strong></span> <span class='ocrx_word' id='word_1_39' title='bbox 450 879 535 942; x_wconf 90' lang='lat' dir='ltr'><strong>inter</strong></span> <span class='ocrx_word' id='word_1_40' title='bbox 546 892 746 958; x_wconf 86' lang='lat' dir='ltr'><strong>extraneum,</strong></span> <span class='ocrx_word' id='word_1_41' title='bbox 773 891 806 944; x_wconf 92' lang='lat' dir='ltr'><strong>et</strong></span> <span class='ocrx_word' id='word_1_42' title='bbox 819 893 990 964; x_wconf 73' lang='lat' dir='ltr'><strong>patronnn</strong></span> <span class='ocrx_word' id='word_1_43' title='bbox 1007 884 1486 968; x_wconf 69' lang='lat' dir='ltr'><strong>nominantemignorantaaut</strong></span> 
     </span>
     <span class='ocr_line' id='line_1_6' title="bbox 207 967 1554 1077; baseline 0.004 -23"><span class='ocrx_word' id='word_1_44' title='bbox 207 1003 408 1074; x_wconf 81' lang='lat' dir='ltr'>repugnante</span> <span class='ocrx_word' id='word_1_45' title='bbox 423 1011 470 1072; x_wconf 86' lang='lat' dir='ltr'><strong>eo,</strong></span> <span class='ocrx_word' id='word_1_46' title='bbox 484 992 539 1073; x_wconf 89' lang='lat' dir='ltr'><strong>qui</strong></span> <span class='ocrx_word' id='word_1_47' title='bbox 550 991 744 1056; x_wconf 86' lang='lat' dir='ltr'><strong>beneficium</strong></span> <span class='ocrx_word' id='word_1_48' title='bbox 755 999 776 1057; x_wconf 78' lang='lat' dir='ltr'><strong>a</strong></span> <span class='ocrx_word' id='word_1_49' title='bbox 789 994 885 1076; x_wconf 90' lang='lat' dir='ltr'><strong>probo</strong></span> <span class='ocrx_word' id='word_1_50' title='bbox 899 993 1070 1077; x_wconf 80' lang='lat' dir='ltr'><strong>Episcopo,</strong></span> <span class='ocrx_word' id='word_1_51' title='bbox 1082 1007 1116 1060; x_wconf 90' lang='lat' dir='ltr'><strong>ct</strong></span> <span class='ocrx_word' id='word_1_52' title='bbox 1130 996 1287 1062; x_wconf 83' lang='lat' dir='ltr'><strong>simoniae</strong></span> <span class='ocrx_word' id='word_1_53' title='bbox 1302 1017 1365 1063; x_wconf 89' lang='lat' dir='ltr'><strong>nen</strong></span> <span class='ocrx_word' id='word_1_54' title='bbox 1378 998 1486 1062; x_wconf 71' lang='lat' dir='ltr'><strong>counio</strong></span> <span class='ocrx_word' id='word_1_55' title='bbox 1553 967 1554 1022; x_wconf 70' lang='lat' dir='ltr'>f</span> 
     </span>
     <span class='ocr_line' id='line_1_7' title="bbox 206 1101 1554 1187; baseline 0.004 -24"><span class='ocrx_word' id='word_1_56' title='bbox 206 1101 350 1184; x_wconf 78' lang='lat' dir='ltr'><strong>suscipit.</strong></span> <span class='ocrx_word' id='word_1_57' title='bbox 397 1101 526 1164; x_wconf 80' lang='lat' dir='ltr'><strong>Etenim</strong></span> <span class='ocrx_word' id='word_1_58' title='bbox 541 1102 653 1166; x_wconf 87' lang='lat' dir='ltr'><strong>hacin</strong></span> <span class='ocrx_word' id='word_1_59' title='bbox 680 1101 1299 1187; x_wconf 81' lang='lat' dir='ltr'><strong>speciecnmpatromtscadatabjure</strong></span> <span class='ocrx_word' id='word_1_60' title='bbox 1319 1101 1486 1168; x_wconf 85' lang='lat' dir='ltr'><strong>nominandi</strong></span> <span class='ocrx_word' id='word_1_61' title='bbox 1553 1165 1554 1168; x_wconf 74' lang='grc'>,</span> 
     </span>
     <span class='ocr_line' id='line_1_8' title="bbox 205 1207 1554 1292; baseline -0.002 -20"><span class='ocrx_word' id='word_1_62' title='bbox 205 1211 321 1272; x_wconf 80' lang='lat' dir='ltr'><strong>saitem</strong></span> <span class='ocrx_word' id='word_1_63' title='bbox 348 1229 403 1292; x_wconf 89' lang='lat' dir='ltr'><strong>pro</strong></span> <span class='ocrx_word' id='word_1_64' title='bbox 417 1229 455 1272; x_wconf 89' lang='lat' dir='ltr'><strong>en</strong></span> <span class='ocrx_word' id='word_1_65' title='bbox 471 1211 550 1288; x_wconf 90' lang='lat' dir='ltr'><strong>vice,</strong></span> <span class='ocrx_word' id='word_1_66' title='bbox 576 1210 705 1272; x_wconf 86' lang='lat' dir='ltr'><strong>collatio</strong></span> <span class='ocrx_word' id='word_1_67' title='bbox 729 1207 876 1274; x_wconf 86' lang='lat' dir='ltr'><strong>beneficii</strong></span> <span class='ocrx_word' id='word_1_68' title='bbox 899 1221 1047 1274; x_wconf 88' lang='lat' dir='ltr'><strong>censetur</strong></span> <span class='ocrx_word' id='word_1_69' title='bbox 1062 1209 1158 1272; x_wconf 84' lang='lat' dir='ltr'><strong>libere</strong></span> <span class='ocrx_word' id='word_1_70' title='bbox 1182 1208 1269 1274; x_wconf 79' lang='lat' dir='ltr'><strong>facta</strong></span> <span class='ocrx_word' id='word_1_71' title='bbox 1283 1210 1326 1274; x_wconf 87' lang='lat' dir='ltr'><strong>ab</strong></span> <span class='ocrx_word' id='word_1_72' title='bbox 1349 1209 1486 1290; x_wconf 80' lang='lat' dir='ltr'><strong>Episcopo</strong></span> <span class='ocrx_word' id='word_1_73' title='bbox 1553 1207 1554 1274; x_wconf 84' lang='lat' dir='ltr'><strong>l</strong></span> 
     </span>
     <span class='ocr_line' id='line_1_9' title="bbox 205 1315 1554 1400; baseline -0.001 -24"><span class='ocrx_word' id='word_1_74' title='bbox 205 1317 308 1397; x_wconf 85' lang='lat' dir='ltr'><strong>gratia</strong></span> <span class='ocrx_word' id='word_1_75' title='bbox 335 1315 459 1394; x_wconf 84' lang='lat' dir='ltr'><strong>Clerici,</strong></span> <span class='ocrx_word' id='word_1_76' title='bbox 485 1335 524 1379; x_wconf 88' lang='lat' dir='ltr'><strong>ac</strong></span> <span class='ocrx_word' id='word_1_77' title='bbox 550 1316 575 1379; x_wconf 89' lang='lat' dir='ltr'><strong>si</strong></span> <span class='ocrx_word' id='word_1_78' title='bbox 603 1318 780 1380; x_wconf 86' lang='lat' dir='ltr'><strong>simoniaca</strong></span> <span class='ocrx_word' id='word_1_79' title='bbox 806 1317 930 1400; x_wconf 78' lang='lat' dir='ltr'><strong>patroni</strong></span> <span class='ocrx_word' id='word_1_80' title='bbox 957 1317 1135 1380; x_wconf 86' lang='lat' dir='ltr'><strong>nominatio</strong></span> <span class='ocrx_word' id='word_1_81' title='bbox 1160 1317 1295 1380; x_wconf 88' lang='lat' dir='ltr'><strong>minimo</strong></span> <span class='ocrx_word' id='word_1_82' title='bbox 1316 1317 1486 1380; x_wconf 86' lang='lat' dir='ltr'><strong>attendatur.</strong></span> <span class='ocrx_word' id='word_1_83' title='bbox 1553 1369 1554 1400; x_wconf 58' lang='lat'><strong>,</strong></span> 
     </span>
     <span class='ocr_line' id='line_1_10' title="bbox 205 1423 1488 1510; baseline -0.001 -23"><span class='ocrx_word' id='word_1_84' title='bbox 205 1425 346 1494; x_wconf 77' lang='lat' dir='ltr'><strong>Quodsi</strong></span> <span class='ocrx_word' id='word_1_85' title='bbox 363 1438 479 1508; x_wconf 83' lang='lat' dir='ltr'><strong>agatur</strong></span> <span class='ocrx_word' id='word_1_86' title='bbox 503 1427 544 1489; x_wconf 89' lang='lat' dir='ltr'><strong>de</strong></span> <span class='ocrx_word' id='word_1_87' title='bbox 560 1429 679 1510; x_wconf 86' lang='lat' dir='ltr'><strong>poenis,</strong></span> <span class='ocrx_word' id='word_1_88' title='bbox 706 1447 791 1509; x_wconf 89' lang='lat' dir='ltr'><strong>quae</strong></span> <span class='ocrx_word' id='word_1_89' title='bbox 805 1437 941 1508; x_wconf 83' lang='lat' dir='ltr'><strong>vergant</strong></span> <span class='ocrx_word' id='word_1_90' title='bbox 956 1428 988 1488; x_wconf 90' lang='lat' dir='ltr'><strong>in</strong></span> <span class='ocrx_word' id='word_1_91' title='bbox 1006 1425 1172 1508; x_wconf 80' lang='lat' dir='ltr'><strong>spirituale</strong></span> <span class='ocrx_word' id='word_1_92' title='bbox 1187 1426 1318 1490; x_wconf 82' lang='lat' dir='ltr'><strong>animae</strong></span> <span class='ocrx_word' id='word_1_93' title='bbox 1340 1423 1488 1500; x_wconf 85' lang='lat' dir='ltr'><strong>detrimen·</strong></span> 
     </span>
     <span class='ocr_line' id='line_1_11' title="bbox 204 1531 1488 1614; baseline -0.001 -22"><span class='ocrx_word' id='word_1_94' title='bbox 204 1541 282 1610; x_wconf 89' lang='lat' dir='ltr'><strong>trtm,</strong></span> <span class='ocrx_word' id='word_1_95' title='bbox 299 1531 405 1612; x_wconf 83' lang='lat' dir='ltr'><strong>qttalis</strong></span> <span class='ocrx_word' id='word_1_96' title='bbox 420 1545 469 1594; x_wconf 88' lang='lat' dir='ltr'><strong>est</strong></span> <span class='ocrx_word' id='word_1_97' title='bbox 483 1535 786 1612; x_wconf 85' lang='lat' dir='ltr'><strong>excommunicatio,</strong></span> <span class='ocrx_word' id='word_1_98' title='bbox 802 1545 859 1595; x_wconf 88' lang='lat' dir='ltr'><strong>ant</strong></span> <span class='ocrx_word' id='word_1_99' title='bbox 874 1533 914 1594; x_wconf 91' lang='lat' dir='ltr'><strong>de</strong></span> <span class='ocrx_word' id='word_1_100' title='bbox 930 1533 1050 1614; x_wconf 83' lang='lat' dir='ltr'><strong>poenis,</strong></span> <span class='ocrx_word' id='word_1_101' title='bbox 1065 1551 1150 1612; x_wconf 84' lang='lat' dir='ltr'><strong>quac</strong></span> <span class='ocrx_word' id='word_1_102' title='bbox 1165 1543 1292 1614; x_wconf 84' lang='lat' dir='ltr'><strong>turpem</strong></span> <span class='ocrx_word' id='word_1_103' title='bbox 1312 1545 1419 1594; x_wconf 89' lang='lat' dir='ltr'><strong>notam</strong></span> <span class='ocrx_word' id='word_1_104' title='bbox 1432 1533 1488 1592; x_wconf 91' lang='lat' dir='ltr'><strong>inu·</strong></span> 
     </span>
     <span class='ocr_line' id='line_1_12' title="bbox 205 1639 1554 1732; baseline -0.004 -29"><span class='ocrx_word' id='word_1_105' title='bbox 205 1653 286 1717; x_wconf 90' lang='lat' dir='ltr'><strong>runt,</strong></span> <span class='ocrx_word' id='word_1_106' title='bbox 302 1641 409 1722; x_wconf 87' lang='lat' dir='ltr'><strong>qualis</strong></span> <span class='ocrx_word' id='word_1_107' title='bbox 434 1655 483 1704; x_wconf 89' lang='lat' dir='ltr'><strong>est</strong></span> <span class='ocrx_word' id='word_1_108' title='bbox 499 1641 640 1714; x_wconf 81' lang='lat' dir='ltr'><strong>infantia,</strong></span> <span class='ocrx_word' id='word_1_109' title='bbox 656 1654 689 1703; x_wconf 90' lang='lat' dir='ltr'><strong>et</strong></span> <span class='ocrx_word' id='word_1_110' title='bbox 714 1641 940 1732; x_wconf 56' lang='lat' dir='ltr'><strong>irregularitas</strong></span> <span class='ocrx_word' id='word_1_111' title='bbox 958 1640 1037 1702; x_wconf 88' lang='lat' dir='ltr'><strong>istae</strong></span> <span class='ocrx_word' id='word_1_112' title='bbox 1054 1654 1117 1702; x_wconf 87' lang='lat' dir='ltr'><strong>tion</strong></span> <span class='ocrx_word' id='word_1_113' title='bbox 1135 1639 1301 1702; x_wconf 87' lang='lat' dir='ltr'><strong>habebunt</strong></span> <span class='ocrx_word' id='word_1_114' title='bbox 1325 1639 1428 1702; x_wconf 82' lang='lat' dir='ltr'><strong>locunt</strong></span> <span class='ocrx_word' id='word_1_115' title='bbox 1440 1653 1490 1698; x_wconf 84' lang='lat' dir='ltr'><strong>res·</strong></span> <span class='ocrx_word' id='word_1_116' title='bbox 1553 1669 1554 1682; x_wconf 50' lang='grc' dir='ltr'>ι</span> 
     </span>
     <span class='ocr_line' id='line_1_13' title="bbox 200 1746 1332 1829; baseline 0.004 -21"><span class='ocrx_word' id='word_1_117' title='bbox 200 1762 297 1828; x_wconf 87' lang='lat' dir='ltr'><strong>pccttt</strong></span> <span class='ocrx_word' id='word_1_118' title='bbox 313 1748 498 1828; x_wconf 86' lang='lat' dir='ltr'><strong>ignorantis,</strong></span> <span class='ocrx_word' id='word_1_119' title='bbox 515 1769 592 1810; x_wconf 88' lang='lat' dir='ltr'><strong>cnm</strong></span> <span class='ocrx_word' id='word_1_120' title='bbox 608 1767 702 1812; x_wconf 92' lang='lat' dir='ltr'><strong>nemo</strong></span> <span class='ocrx_word' id='word_1_121' title='bbox 719 1751 872 1812; x_wconf 78' lang='lat' dir='ltr'><strong>innoxius</strong></span> <span class='ocrx_word' id='word_1_122' title='bbox 887 1769 929 1812; x_wconf 85' lang='lat' dir='ltr'><strong>ax</strong></span> <span class='ocrx_word' id='word_1_123' title='bbox 944 1749 1050 1810; x_wconf 88' lang='lat' dir='ltr'><strong>eliano</strong></span> <span class='ocrx_word' id='word_1_124' title='bbox 1065 1746 1151 1810; x_wconf 85' lang='lat' dir='ltr'><strong>sacto</strong></span> <span class='ocrx_word' id='word_1_125' title='bbox 1167 1750 1332 1829; x_wconf 88' lang='lat' dir='ltr'><strong>puniatur.</strong></span> 
     </span>
     <span class='ocr_line' id='line_1_14' title="bbox 246 1839 1492 1940; baseline -0.002 -21"><span class='ocrx_word' id='word_1_126' title='bbox 246 1857 289 1919; x_wconf 92' lang='lat' dir='ltr'><strong>Ut</strong></span> <span class='ocrx_word' id='word_1_127' title='bbox 304 1857 501 1938; x_wconf 84' lang='lat' dir='ltr'><strong>dispensatio</strong></span> <span class='ocrx_word' id='word_1_128' title='bbox 516 1865 535 1922; x_wconf 78' lang='lat' dir='ltr'><strong>a</strong></span> <span class='ocrx_word' id='word_1_129' title='bbox 552 1859 671 1940; x_wconf 83' lang='lat' dir='ltr'><strong>postris,</strong></span> <span class='ocrx_word' id='word_1_130' title='bbox 694 1859 813 1939; x_wconf 84' lang='lat' dir='ltr'><strong>quibus</strong></span> <span class='ocrx_word' id='word_1_131' title='bbox 830 1857 998 1920; x_wconf 87' lang='lat' dir='ltr'><strong>simoniaci</strong></span> <span class='ocrx_word' id='word_1_132' title='bbox 1012 1856 1178 1938; x_wconf 84' lang='lat' dir='ltr'><strong>subjacent</strong></span> <span class='ocrx_word' id='word_1_133' title='bbox 1202 1857 1236 1919; x_wconf 88' lang='lat' dir='ltr'><strong>iit</strong></span> <span class='ocrx_word' id='word_1_134' title='bbox 1250 1857 1364 1920; x_wconf 86' lang='lat' dir='ltr'><strong>causis</strong></span> <span class='ocrx_word' id='word_1_135' title='bbox 1381 1839 1492 1935; x_wconf 82' lang='lat' dir='ltr'><strong>susce&#39;p·</strong></span> 
     </span>
     <span class='ocr_line' id='line_1_15' title="bbox 201 1966 1492 2045; baseline -0.003 -19"><span class='ocrx_word' id='word_1_136' title='bbox 201 1973 306 2027; x_wconf 92' lang='lat' dir='ltr'><strong>torum</strong></span> <span class='ocrx_word' id='word_1_137' title='bbox 321 1966 480 2044; x_wconf 84' lang='lat' dir='ltr'><strong>ordinum,</strong></span> <span class='ocrx_word' id='word_1_138' title='bbox 507 1979 538 2027; x_wconf 87' lang='lat' dir='ltr'><strong>et</strong></span> <span class='ocrx_word' id='word_1_139' title='bbox 554 1967 793 2045; x_wconf 87' lang='lat' dir='ltr'><strong>beneficiorum,</strong></span> <span class='ocrx_word' id='word_1_140' title='bbox 820 1967 1023 2045; x_wconf 83' lang='lat' dir='ltr'><strong>obtineretur,</strong></span> <span class='ocrx_word' id='word_1_141' title='bbox 1050 1967 1129 2028; x_wconf 87' lang='lat' dir='ltr'><strong>olim</strong></span> <span class='ocrx_word' id='word_1_142' title='bbox 1145 1967 1318 2029; x_wconf 83' lang='lat' dir='ltr'><strong>simoniaci</strong></span> <span class='ocrx_word' id='word_1_143' title='bbox 1336 1981 1492 2028; x_wconf 86' lang='lat' dir='ltr'><strong>consuere-</strong></span> 
     </span>
     <span class='ocr_line' id='line_1_16' title="bbox 202 2067 1554 2162; baseline 0.001 -28"><span class='ocrx_word' id='word_1_144' title='bbox 202 2085 273 2135; x_wconf 89' lang='lat' dir='ltr'><strong>rant</strong></span> <span class='ocrx_word' id='word_1_145' title='bbox 288 2074 330 2135; x_wconf 86' lang='lat' dir='ltr'><strong>ad</strong></span> <span class='ocrx_word' id='word_1_146' title='bbox 345 2075 463 2138; x_wconf 80' lang='lat' dir='ltr'><strong>Setiam</strong></span> <span class='ocrx_word' id='word_1_147' title='bbox 489 2075 708 2162; x_wconf 78' lang='lat' dir='ltr'><strong>Apostolicam</strong></span> <span class='ocrx_word' id='word_1_148' title='bbox 724 2075 905 2156; x_wconf 85' lang='lat' dir='ltr'><strong>confugero,</strong></span> <span class='ocrx_word' id='word_1_149' title='bbox 932 2095 1003 2140; x_wconf 89' lang='lat' dir='ltr'><strong>cun.</strong></span> <span class='ocrx_word' id='word_1_150' title='bbox 1023 2078 1060 2152; x_wconf 92' lang='lat' dir='ltr'><strong>l.,</strong></span> <span class='ocrx_word' id='word_1_151' title='bbox 1075 2087 1108 2138; x_wconf 90' lang='lat' dir='ltr'><strong>et</strong></span> <span class='ocrx_word' id='word_1_152' title='bbox 1120 2076 1150 2138; x_wconf 76' lang='lat'><strong>2.</strong></span> <span class='ocrx_word' id='word_1_153' title='bbox 1166 2095 1255 2138; x_wconf 88' lang='lat' dir='ltr'><strong>caus.</strong></span> <span class='ocrx_word' id='word_1_154' title='bbox 1281 2077 1310 2138; x_wconf 91' lang='lat'><strong>1.</strong></span> <span class='ocrx_word' id='word_1_155' title='bbox 1328 2075 1490 2157; x_wconf 65' lang='lat' dir='ltr'><strong>ritineant..</strong></span> <span class='ocrx_word' id='word_1_156' title='bbox 1553 2067 1554 2112; x_wconf 74' lang='lat' dir='ltr'><strong>l</strong></span> 
     </span>
     <span class='ocr_line' id='line_1_17' title="bbox 202 2183 1492 2268; baseline 0 -25"><span class='ocrx_word' id='word_1_157' title='bbox 202 2183 289 2244; x_wconf 87' lang='lat' dir='ltr'><strong>nude</strong></span> <span class='ocrx_word' id='word_1_158' title='bbox 305 2184 461 2264; x_wconf 83' lang='lat' dir='ltr'><strong>paulatim</strong></span> <span class='ocrx_word' id='word_1_159' title='bbox 479 2183 672 2264; x_wconf 85' lang='lat' dir='ltr'><strong>factumest,</strong></span> <span class='ocrx_word' id='word_1_160' title='bbox 697 2196 731 2247; x_wconf 90' lang='lat' dir='ltr'><strong>nt</strong></span> <span class='ocrx_word' id='word_1_161' title='bbox 745 2185 956 2266; x_wconf 88' lang='lat' dir='ltr'><strong>dispensandi</strong></span> <span class='ocrx_word' id='word_1_162' title='bbox 971 2185 1110 2248; x_wconf 89' lang='lat' dir='ltr'><strong>sacttltas</strong></span> <span class='ocrx_word' id='word_1_163' title='bbox 1135 2186 1306 2268; x_wconf 88' lang='lat' dir='ltr'><strong>Episcopis</strong></span> <span class='ocrx_word' id='word_1_164' title='bbox 1322 2184 1492 2259; x_wconf 78' lang='lat' dir='ltr'><strong>auferretur,</strong></span> 
     </span>
     <span class='ocr_line' id='line_1_18' title="bbox 201 2289 1493 2374; baseline 0.001 -24"><span class='ocrx_word' id='word_1_165' title='bbox 201 2306 270 2369; x_wconf 89' lang='lat' dir='ltr'><strong>cap.</strong></span> <span class='ocrx_word' id='word_1_166' title='bbox 286 2289 346 2367; x_wconf 77' lang='lat'><strong>27,</strong></span> <span class='ocrx_word' id='word_1_167' title='bbox 362 2301 393 2352; x_wconf 89' lang='lat' dir='ltr'><strong>ct</strong></span> <span class='ocrx_word' id='word_1_168' title='bbox 407 2291 458 2353; x_wconf 86' lang='grc'><strong>45.</strong></span> <span class='ocrx_word' id='word_1_169' title='bbox 474 2291 514 2352; x_wconf 88' lang='lat' dir='ltr'><strong>de</strong></span> <span class='ocrx_word' id='word_1_170' title='bbox 529 2292 675 2372; x_wconf 83' lang='lat' dir='ltr'><strong>simonia,</strong></span> <span class='ocrx_word' id='word_1_171' title='bbox 702 2303 869 2374; x_wconf 83' lang='lat' dir='ltr'><strong>exttnvag.</strong></span> <span class='ocrx_word' id='word_1_172' title='bbox 888 2295 922 2372; x_wconf 87' lang='lat' dir='ltr'><strong>l,</strong></span> <span class='ocrx_word' id='word_1_173' title='bbox 941 2305 972 2355; x_wconf 91' lang='lat' dir='ltr'><strong>at</strong></span> <span class='ocrx_word' id='word_1_174' title='bbox 986 2293 1015 2356; x_wconf 81' lang='lat'><strong>2.</strong></span> <span class='ocrx_word' id='word_1_175' title='bbox 1032 2293 1101 2356; x_wconf 86' lang='lat' dir='ltr'><strong>eod.</strong></span> <span class='ocrx_word' id='word_1_176' title='bbox 1116 2295 1162 2358; x_wconf 85' lang='lat' dir='ltr'><strong>tit.</strong></span> <span class='ocrx_word' id='word_1_177' title='bbox 1187 2294 1242 2356; x_wconf 89' lang='lat' dir='ltr'><strong>int.</strong></span> <span class='ocrx_word' id='word_1_178' title='bbox 1258 2313 1381 2357; x_wconf 89' lang='lat' dir='ltr'><strong>comm.</strong></span> <span class='ocrx_word' id='word_1_179' title='bbox 1422 2293 1493 2356; x_wconf 87' lang='lat' dir='ltr'><strong>Hinc</strong></span> 
     </span>
     <span class='ocr_line' id='line_1_19' title="bbox 201 2397 1494 2483; baseline 0.004 -25"><span class='ocrx_word' id='word_1_180' title='bbox 201 2397 296 2460; x_wconf 86' lang='lat' dir='ltr'><strong>hodie</strong></span> <span class='ocrx_word' id='word_1_181' title='bbox 311 2411 342 2460; x_wconf 90' lang='lat' dir='ltr'><strong>et</strong></span> <span class='ocrx_word' id='word_1_182' title='bbox 357 2400 553 2482; x_wconf 82' lang='lat' dir='ltr'><strong>dispensatio</strong></span> <span class='ocrx_word' id='word_1_183' title='bbox 569 2403 610 2464; x_wconf 91' lang='lat' dir='ltr'><strong>ab</strong></span> <span class='ocrx_word' id='word_1_184' title='bbox 626 2401 867 2483; x_wconf 84' lang='lat' dir='ltr'><strong>irregularitate,</strong></span> <span class='ocrx_word' id='word_1_185' title='bbox 883 2411 914 2464; x_wconf 91' lang='lat' dir='ltr'><strong>et</strong></span> <span class='ocrx_word' id='word_1_186' title='bbox 925 2401 1122 2483; x_wconf 85' lang='lat' dir='ltr'><strong>dispensatio</strong></span> <span class='ocrx_word' id='word_1_187' title='bbox 1137 2403 1179 2466; x_wconf 90' lang='lat' dir='ltr'><strong>ab</strong></span> <span class='ocrx_word' id='word_1_188' title='bbox 1190 2403 1364 2468; x_wconf 85' lang='lat' dir='ltr'><strong>interdicto</strong></span> <span class='ocrx_word' id='word_1_189' title='bbox 1375 2403 1494 2466; x_wconf 87' lang='lat' dir='ltr'><strong>retinen·</strong></span> 
     </span>
     <span class='ocr_line' id='line_1_20' title="bbox 200 2506 1494 2594; baseline 0.001 -25"><span class='ocrx_word' id='word_1_190' title='bbox 200 2506 233 2570; x_wconf 92' lang='lat' dir='ltr'><strong>di</strong></span> <span class='ocrx_word' id='word_1_191' title='bbox 249 2508 404 2588; x_wconf 86' lang='lat' dir='ltr'><strong>beneficii,</strong></span> <span class='ocrx_word' id='word_1_192' title='bbox 432 2511 483 2572; x_wconf 89' lang='lat' dir='ltr'><strong>vel</strong></span> <span class='ocrx_word' id='word_1_193' title='bbox 499 2511 668 2574; x_wconf 83' lang='lat' dir='ltr'><strong>exercendi</strong></span> <span class='ocrx_word' id='word_1_194' title='bbox 692 2511 787 2574; x_wconf 88' lang='lat' dir='ltr'><strong>officii</strong></span> <span class='ocrx_word' id='word_1_195' title='bbox 804 2511 885 2574; x_wconf 84' lang='lat' dir='ltr'><strong>sacri</strong></span> <span class='ocrx_word' id='word_1_196' title='bbox 911 2511 1031 2574; x_wconf 85' lang='lat' dir='ltr'><strong>adnexi</strong></span> <span class='ocrx_word' id='word_1_197' title='bbox 1053 2511 1156 2574; x_wconf 89' lang='lat' dir='ltr'><strong>ordini</strong></span> <span class='ocrx_word' id='word_1_198' title='bbox 1172 2519 1193 2577; x_wconf 79' lang='lat' dir='ltr'><strong>a</strong></span> <span class='ocrx_word' id='word_1_199' title='bbox 1207 2511 1293 2575; x_wconf 87' lang='lat' dir='ltr'><strong>Sede</strong></span> <span class='ocrx_word' id='word_1_200' title='bbox 1321 2511 1494 2594; x_wconf 74' lang='lat' dir='ltr'><strong>Aprtstolica</strong></span> 
     </span>
     <span class='ocr_line' id='line_1_21' title="bbox 198 2617 1494 2700; baseline -0.004 -20"><span class='ocrx_word' id='word_1_201' title='bbox 198 2623 337 2700; x_wconf 88' lang='lat' dir='ltr'><strong>petenda</strong></span> <span class='ocrx_word' id='word_1_202' title='bbox 352 2631 409 2698; x_wconf 87' lang='lat' dir='ltr'><strong>est,</strong></span> <span class='ocrx_word' id='word_1_203' title='bbox 436 2619 553 2681; x_wconf 88' lang='lat' dir='ltr'><strong>sivein</strong></span> <span class='ocrx_word' id='word_1_204' title='bbox 570 2620 719 2682; x_wconf 83' lang='lat' dir='ltr'><strong>Romana</strong></span> <span class='ocrx_word' id='word_1_205' title='bbox 747 2619 1005 2696; x_wconf 84' lang='lat' dir='ltr'><strong>Paenitentiaria,</strong></span> <span class='ocrx_word' id='word_1_206' title='bbox 1031 2637 1107 2682; x_wconf 89' lang='lat' dir='ltr'><strong>cnm</strong></span> <span class='ocrx_word' id='word_1_207' title='bbox 1123 2617 1287 2682; x_wconf 88' lang='lat' dir='ltr'><strong>occuitum</strong></span> <span class='ocrx_word' id='word_1_208' title='bbox 1303 2631 1354 2682; x_wconf 87' lang='lat' dir='ltr'><strong>est</strong></span> <span class='ocrx_word' id='word_1_209' title='bbox 1377 2618 1494 2691; x_wconf 89' lang='lat' dir='ltr'><strong>crimen,</strong></span> 
     </span>
     <span class='ocr_line' id='line_1_22' title="bbox 198 2721 1495 2806; baseline -0.006 -16"><span class='ocrx_word' id='word_1_210' title='bbox 198 2727 314 2790; x_wconf 88' lang='lat' dir='ltr'><strong>sivein</strong></span> <span class='ocrx_word' id='word_1_211' title='bbox 341 2728 492 2790; x_wconf 87' lang='lat' dir='ltr'><strong>Romana</strong></span> <span class='ocrx_word' id='word_1_212' title='bbox 506 2727 649 2805; x_wconf 88' lang='lat' dir='ltr'><strong>Dataria,</strong></span> <span class='ocrx_word' id='word_1_213' title='bbox 676 2747 751 2792; x_wconf 87' lang='lat' dir='ltr'><strong>cum</strong></span> <span class='ocrx_word' id='word_1_214' title='bbox 768 2739 817 2789; x_wconf 88' lang='lat' dir='ltr'><strong>est</strong></span> <span class='ocrx_word' id='word_1_215' title='bbox 843 2725 1062 2790; x_wconf 83' lang='lat' dir='ltr'><strong>menifestum.</strong></span> <span class='ocrx_word' id='word_1_216' title='bbox 1106 2725 1256 2788; x_wconf 86' lang='lat' dir='ltr'><strong>Tantum</strong></span> <span class='ocrx_word' id='word_1_217' title='bbox 1279 2725 1371 2790; x_wconf 88' lang='lat' dir='ltr'><strong>duae</strong></span> <span class='ocrx_word' id='word_1_218' title='bbox 1386 2721 1495 2806; x_wconf 78' lang='lat' dir='ltr'><strong>species</strong></span> 
     </span>
     <span class='ocr_line' id='line_1_23' title="bbox 196 2829 1495 2916; baseline -0.009 -18"><span class='ocrx_word' id='word_1_219' title='bbox 196 2833 330 2898; x_wconf 77' lang='lat' dir='ltr'><strong>asacris</strong></span> <span class='ocrx_word' id='word_1_220' title='bbox 345 2835 524 2897; x_wconf 88' lang='lat' dir='ltr'><strong>canonibus</strong></span> <span class='ocrx_word' id='word_1_221' title='bbox 549 2835 729 2915; x_wconf 91' lang='lat' dir='ltr'><strong>probantur,</strong></span> <span class='ocrx_word' id='word_1_222' title='bbox 759 2835 790 2900; x_wconf 91' lang='lat' dir='ltr'><strong>in</strong></span> <span class='ocrx_word' id='word_1_223' title='bbox 806 2835 924 2916; x_wconf 93' lang='lat' dir='ltr'><strong>qnibus</strong></span> <span class='ocrx_word' id='word_1_224' title='bbox 951 2833 1092 2896; x_wconf 83' lang='lat' dir='ltr'><strong>sufficiat</strong></span> <span class='ocrx_word' id='word_1_225' title='bbox 1114 2833 1268 2914; x_wconf 80' lang='lat' dir='ltr'><strong>Episcopi</strong></span> <span class='ocrx_word' id='word_1_226' title='bbox 1292 2829 1495 2914; x_wconf 83' lang='lat' dir='ltr'><strong>dispensatio.</strong></span> 
     </span>
     <span class='ocr_line' id='line_1_24' title="bbox 198 2936 1494 3021; baseline -0.007 -16"><span class='ocrx_word' id='word_1_227' title='bbox 198 2939 306 3006; x_wconf 88' lang='lat' dir='ltr'><strong>Prima</strong></span> <span class='ocrx_word' id='word_1_228' title='bbox 320 2953 376 3021; x_wconf 89' lang='lat' dir='ltr'><strong>est,</strong></span> <span class='ocrx_word' id='word_1_229' title='bbox 402 2961 478 3004; x_wconf 88' lang='lat' dir='ltr'><strong>cntn</strong></span> <span class='ocrx_word' id='word_1_230' title='bbox 494 2941 639 3004; x_wconf 79' lang='lat' dir='ltr'><strong>Clericus</strong></span> <span class='ocrx_word' id='word_1_231' title='bbox 663 2961 728 3004; x_wconf 89' lang='lat' dir='ltr'><strong>nott</strong></span> <span class='ocrx_word' id='word_1_232' title='bbox 745 2939 977 3016; x_wconf 84' lang='lat' dir='ltr'><strong>Praelaturam,</strong></span> <span class='ocrx_word' id='word_1_233' title='bbox 1002 2937 1062 3004; x_wconf 89' lang='lat' dir='ltr'><strong>sed</strong></span> <span class='ocrx_word' id='word_1_234' title='bbox 1082 2940 1223 3021; x_wconf 80' lang='lat' dir='ltr'><strong>aitnplex</strong></span> <span class='ocrx_word' id='word_1_235' title='bbox 1248 2939 1443 3004; x_wconf 86' lang='lat' dir='ltr'><strong>beueficiuin</strong></span> <span class='ocrx_word' id='word_1_236' title='bbox 1458 2936 1494 3016; x_wconf 81' lang='lat' dir='ltr'><strong>ig·</strong></span> 
     </span>
     <span class='ocr_line' id='line_1_25' title="bbox 127 3047 1493 3132; baseline -0.008 -16"><span class='ocrx_word' id='word_1_237' title='bbox 127 3103 129 3108; x_wconf 90' lang='lat'>.</span> <span class='ocrx_word' id='word_1_238' title='bbox 197 3071 317 3117; x_wconf 84' lang='lat' dir='ltr'><strong>iterans</strong></span> <span class='ocrx_word' id='word_1_239' title='bbox 331 3055 503 3115; x_wconf 87' lang='lat' dir='ltr'><strong>simoniam</strong></span> <span class='ocrx_word' id='word_1_240' title='bbox 527 3052 568 3114; x_wconf 93' lang='lat' dir='ltr'><strong>ab</strong></span> <span class='ocrx_word' id='word_1_241' title='bbox 583 3049 784 3132; x_wconf 81' lang='lat' dir='ltr'><strong>eligentibus,</strong></span> <span class='ocrx_word' id='word_1_242' title='bbox 807 3049 858 3111; x_wconf 88' lang='lat' dir='ltr'><strong>vel</strong></span> <span class='ocrx_word' id='word_1_243' title='bbox 874 3049 1017 3131; x_wconf 88' lang='lat' dir='ltr'><strong>patronis</strong></span> <span class='ocrx_word' id='word_1_244' title='bbox 1032 3047 1216 3114; x_wconf 86' lang='lat' dir='ltr'><strong>ndutissanr.</strong></span> <span class='ocrx_word' id='word_1_245' title='bbox 1229 3047 1417 3125; x_wconf 84' lang='lat' dir='ltr'><strong>obtinuerit,</strong></span> <span class='ocrx_word' id='word_1_246' title='bbox 1432 3062 1493 3108; x_wconf 86' lang='lat' dir='ltr'><strong>can.</strong></span> 
     </span>
     <span class='ocr_line' id='line_1_26' title="bbox 197 3148 1496 3249; baseline -0.012 -21"><span class='ocrx_word' id='word_1_247' title='bbox 197 3165 227 3228; x_wconf 85' lang='lat'><strong>3.</strong></span> <span class='ocrx_word' id='word_1_248' title='bbox 243 3181 331 3249; x_wconf 79' lang='lat' dir='ltr'><strong>pairs.</strong></span> <span class='ocrx_word' id='word_1_249' title='bbox 350 3165 377 3224; x_wconf 91' lang='lat' dir='ltr'><strong>l.</strong></span> <span class='ocrx_word' id='word_1_250' title='bbox 393 3173 516 3243; x_wconf 86' lang='lat' dir='ltr'><strong>quaest.</strong></span> <span class='ocrx_word' id='word_1_251' title='bbox 533 3165 575 3239; x_wconf 75' lang='lat'><strong>5,</strong></span> <span class='ocrx_word' id='word_1_252' title='bbox 586 3179 656 3242; x_wconf 86' lang='lat' dir='ltr'><strong>cap.</strong></span> <span class='ocrx_word' id='word_1_253' title='bbox 670 3159 723 3223; x_wconf 75' lang='lat'><strong>59.</strong></span> <span class='ocrx_word' id='word_1_254' title='bbox 740 3159 780 3222; x_wconf 85' lang='lat' dir='ltr'><strong>ile</strong></span> <span class='ocrx_word' id='word_1_255' title='bbox 795 3159 957 3222; x_wconf 88' lang='lat' dir='ltr'><strong>electione.</strong></span> <span class='ocrx_word' id='word_1_256' title='bbox 1002 3158 1112 3220; x_wconf 85' lang='lat' dir='ltr'><strong>Altera</strong></span> <span class='ocrx_word' id='word_1_257' title='bbox 1125 3169 1175 3220; x_wconf 88' lang='lat' dir='ltr'><strong>est</strong></span> <span class='ocrx_word' id='word_1_258' title='bbox 1189 3156 1370 3238; x_wconf 85' lang='lat' dir='ltr'><strong>singularis</strong></span> <span class='ocrx_word' id='word_1_259' title='bbox 1395 3148 1496 3237; x_wconf 86' lang='lat' dir='ltr'><strong>qnottd</strong></span> 
     </span>
     <span class='ocr_line' id='line_1_27' title="bbox 165 3262 1494 3352; baseline -0.008 -24"><span class='ocrx_word' id='word_1_260' title='bbox 165 3319 168 3328; x_wconf 89' lang='lat'><em>.</em></span> <span class='ocrx_word' id='word_1_261' title='bbox 196 3270 473 3352; x_wconf 86' lang='lat' dir='ltr'><strong>irregularitatem,</strong></span> <span class='ocrx_word' id='word_1_262' title='bbox 498 3286 598 3350; x_wconf 86' lang='lat' dir='ltr'><strong>quarn</strong></span> <span class='ocrx_word' id='word_1_263' title='bbox 613 3266 811 3330; x_wconf 85' lang='lat' dir='ltr'><strong>simoniacus</strong></span> <span class='ocrx_word' id='word_1_264' title='bbox 825 3275 995 3328; x_wconf 83' lang='lat' dir='ltr'><strong>contraxit.</strong></span> <span class='ocrx_word' id='word_1_265' title='bbox 1038 3264 1073 3328; x_wconf 88' lang='lat' dir='ltr'><strong>Si</strong></span> <span class='ocrx_word' id='word_1_266' title='bbox 1088 3265 1177 3326; x_wconf 84' lang='lat' dir='ltr'><strong>enirn</strong></span> <span class='ocrx_word' id='word_1_267' title='bbox 1190 3262 1362 3334; x_wconf 81' lang='lat' dir='ltr'><strong>occultum</strong></span> <span class='ocrx_word' id='word_1_268' title='bbox 1382 3263 1494 3326; x_wconf 86' lang='lat' dir='ltr'><strong>crimen</strong></span> 
     </span>
     <span class='ocr_line' id='line_1_28' title="bbox 196 3372 1497 3462; baseline -0.01 -17"><span class='ocrx_word' id='word_1_269' title='bbox 196 3380 299 3456; x_wconf 85' lang='lat' dir='ltr'><strong>luerit,</strong></span> <span class='ocrx_word' id='word_1_270' title='bbox 316 3379 428 3462; x_wconf 87' lang='lat' dir='ltr'><strong>poterit</strong></span> <span class='ocrx_word' id='word_1_271' title='bbox 443 3379 484 3442; x_wconf 87' lang='lat' dir='ltr'><strong>ab</strong></span> <span class='ocrx_word' id='word_1_272' title='bbox 499 3397 538 3440; x_wconf 88' lang='lat' dir='ltr'><strong>aa</strong></span> <span class='ocrx_word' id='word_1_273' title='bbox 550 3385 626 3441; x_wconf 90' lang='lat' dir='ltr'><strong>nota</strong></span> <span class='ocrx_word' id='word_1_274' title='bbox 642 3376 825 3459; x_wconf 87' lang='lat' dir='ltr'><strong>Episcopus</strong></span> <span class='ocrx_word' id='word_1_275' title='bbox 839 3373 1027 3458; x_wconf 89' lang='lat' dir='ltr'><strong>dispensare</strong></span> <span class='ocrx_word' id='word_1_276' title='bbox 1036 3375 1134 3458; x_wconf 86' lang='lat' dir='ltr'><strong>juxta</strong></span> <span class='ocrx_word' id='word_1_277' title='bbox 1144 3373 1359 3456; x_wconf 81' lang='lat' dir='ltr'><strong>disciplinam</strong></span> <span class='ocrx_word' id='word_1_278' title='bbox 1370 3374 1405 3438; x_wconf 88' lang='lat' dir='ltr'><strong>in</strong></span> <span class='ocrx_word' id='word_1_279' title='bbox 1420 3372 1497 3436; x_wconf 82' lang='lat' dir='ltr'><strong>uon·</strong></span> 
     </span>
     <span class='ocr_line' id='line_1_29' title="bbox 194 3485 1496 3573; baseline -0.008 -18"><span class='ocrx_word' id='word_1_280' title='bbox 194 3492 270 3556; x_wconf 90' lang='lat' dir='ltr'><strong>cilio</strong></span> <span class='ocrx_word' id='word_1_281' title='bbox 284 3491 476 3555; x_wconf 83' lang='lat' dir='ltr'><strong>Tridentino</strong></span> <span class='ocrx_word' id='word_1_282' title='bbox 491 3491 666 3573; x_wconf 84' lang='lat' dir='ltr'><strong>probatam,</strong></span> <span class='ocrx_word' id='word_1_283' title='bbox 681 3505 759 3551; x_wconf 86' lang='lat' dir='ltr'><strong>sess.</strong></span> <span class='ocrx_word' id='word_1_284' title='bbox 774 3487 828 3551; x_wconf 82' lang='lat' dir='ltr'><strong>at.</strong></span> <span class='ocrx_word' id='word_1_285' title='bbox 842 3486 885 3550; x_wconf 89' lang='lat' dir='ltr'><strong>de</strong></span> <span class='ocrx_word' id='word_1_286' title='bbox 899 3487 1161 3569; x_wconf 77' lang='lat' dir='ltr'><strong>Reformntscap.</strong></span> <span class='ocrx_word' id='word_1_287' title='bbox 1173 3487 1216 3566; x_wconf 78' lang='lat' dir='ltr'><strong>a,</strong></span> <span class='ocrx_word' id='word_1_288' title='bbox 1230 3503 1301 3567; x_wconf 89' lang='lat' dir='ltr'><strong>uon</strong></span> <span class='ocrx_word' id='word_1_289' title='bbox 1310 3485 1452 3568; x_wconf 83' lang='lat' dir='ltr'><strong>quidem</strong></span> <span class='ocrx_word' id='word_1_290' title='bbox 1465 3489 1496 3544; x_wconf 90' lang='lat' dir='ltr'><strong>nt</strong></span> 
     </span>
     <span class='ocr_line' id='line_1_30' title="bbox 137 3590 1497 3685; baseline -0.009 -16"><span class='ocrx_word' id='word_1_291' title='bbox 137 3661 146 3677; x_wconf 67' lang='lat'><em>„</em></span> <span class='ocrx_word' id='word_1_292' title='bbox 194 3601 350 3668; x_wconf 86' lang='lat' dir='ltr'><strong>beneficia</strong></span> <span class='ocrx_word' id='word_1_293' title='bbox 365 3619 420 3685; x_wconf 87' lang='lat' dir='ltr'><strong>per</strong></span> <span class='ocrx_word' id='word_1_294' title='bbox 444 3599 616 3664; x_wconf 84' lang='lat' dir='ltr'><strong>simoniam</strong></span> <span class='ocrx_word' id='word_1_295' title='bbox 631 3598 761 3661; x_wconf 89' lang='lat' dir='ltr'><strong>obtenta</strong></span> <span class='ocrx_word' id='word_1_296' title='bbox 776 3597 909 3660; x_wconf 86' lang='lat' dir='ltr'><strong>retineat</strong></span> <span class='ocrx_word' id='word_1_297' title='bbox 932 3593 1157 3673; x_wconf 70' lang='lat' dir='ltr'><strong>Oleriettsaed</strong></span> <span class='ocrx_word' id='word_1_298' title='bbox 1183 3594 1408 3682; x_wconf 75' lang='lat' dir='ltr'><strong>ntadsacree</strong></span> <span class='ocrx_word' id='word_1_299' title='bbox 1421 3590 1497 3657; x_wconf 86' lang='lat' dir='ltr'><strong>ordi·</strong></span> 
     </span>
     <span class='ocr_line' id='line_1_31' title="bbox 193 3701 1495 3789; baseline -0.008 -16"><span class='ocrx_word' id='word_1_300' title='bbox 193 3725 251 3774; x_wconf 88' lang='lat' dir='ltr'><strong>nes</strong></span> <span class='ocrx_word' id='word_1_301' title='bbox 267 3717 498 3789; x_wconf 86' lang='lat' dir='ltr'><strong>promoveatur,</strong></span> <span class='ocrx_word' id='word_1_302' title='bbox 514 3723 589 3769; x_wconf 91' lang='lat' dir='ltr'><strong>cum</strong></span> <span class='ocrx_word' id='word_1_303' title='bbox 605 3704 695 3770; x_wconf 89' lang='lat' dir='ltr'><strong>alind</strong></span> <span class='ocrx_word' id='word_1_304' title='bbox 709 3705 759 3784; x_wconf 88' lang='lat' dir='ltr'><strong>sit,</strong></span> <span class='ocrx_word' id='word_1_305' title='bbox 775 3703 1015 3786; x_wconf 81' lang='lat' dir='ltr'><strong>irregularitatis</strong></span> <span class='ocrx_word' id='word_1_306' title='bbox 1029 3701 1128 3768; x_wconf 85' lang='lat' dir='ltr'><strong>deleri</strong></span> <span class='ocrx_word' id='word_1_307' title='bbox 1139 3713 1261 3781; x_wconf 76' lang='lat' dir='ltr'><strong>neunt,</strong></span> <span class='ocrx_word' id='word_1_308' title='bbox 1285 3703 1392 3784; x_wconf 80' lang='lat' dir='ltr'><strong>alind,</strong></span> <span class='ocrx_word' id='word_1_309' title='bbox 1403 3701 1495 3766; x_wconf 86' lang='lat' dir='ltr'><strong>colla·</strong></span> 
     </span>
     <span class='ocr_line' id='line_1_32' title="bbox 193 3809 1497 3898; baseline -0.008 -16"><span class='ocrx_word' id='word_1_310' title='bbox 193 3817 321 3894; x_wconf 90' lang='lat' dir='ltr'><strong>tionem,</strong></span> <span class='ocrx_word' id='word_1_311' title='bbox 337 3834 422 3898; x_wconf 90' lang='lat' dir='ltr'><strong>quae</strong></span> <span class='ocrx_word' id='word_1_312' title='bbox 436 3815 478 3878; x_wconf 90' lang='lat' dir='ltr'><strong>ab</strong></span> <span class='ocrx_word' id='word_1_313' title='bbox 492 3814 583 3880; x_wconf 90' lang='lat' dir='ltr'><strong>initio</strong></span> <span class='ocrx_word' id='word_1_314' title='bbox 597 3813 683 3878; x_wconf 87' lang='lat' dir='ltr'><strong>irrita</strong></span> <span class='ocrx_word' id='word_1_315' title='bbox 697 3812 801 3892; x_wconf 81' lang='lat' dir='ltr'><strong>inerit,</strong></span> <span class='ocrx_word' id='word_1_316' title='bbox 819 3812 1013 3876; x_wconf 84' lang='lat' dir='ltr'><strong>confirmari.</strong></span> <span class='ocrx_word' id='word_1_317' title='bbox 1056 3809 1095 3874; x_wconf 92' lang='lat' dir='ltr'><strong>ld</strong></span> <span class='ocrx_word' id='word_1_318' title='bbox 1110 3821 1220 3874; x_wconf 84' lang='lat' dir='ltr'><strong>tamen</strong></span> <span class='ocrx_word' id='word_1_319' title='bbox 1242 3809 1395 3894; x_wconf 79' lang='lat' dir='ltr'><strong>intellige</strong></span> <span class='ocrx_word' id='word_1_320' title='bbox 1409 3809 1497 3872; x_wconf 86' lang='lat' dir='ltr'><strong>tlutn·</strong></span> 
     </span>
     <span class='ocr_line' id='line_1_33' title="bbox 191 3918 1495 4008; baseline -0.009 -14"><span class='ocrx_word' id='word_1_321' title='bbox 191 3925 336 3994; x_wconf 87' lang='lat' dir='ltr'><strong>modoin</strong></span> <span class='ocrx_word' id='word_1_322' title='bbox 361 3938 475 3990; x_wconf 84' lang='lat' dir='ltr'><strong>neutra</strong></span> <span class='ocrx_word' id='word_1_323' title='bbox 490 3924 596 4008; x_wconf 89' lang='lat' dir='ltr'><strong>specie</strong></span> <span class='ocrx_word' id='word_1_324' title='bbox 620 3923 770 3989; x_wconf 84' lang='lat' dir='ltr'><strong>conscius</strong></span> <span class='ocrx_word' id='word_1_325' title='bbox 795 3922 953 3988; x_wconf 83' lang='lat' dir='ltr'><strong>simoniae</strong></span> <span class='ocrx_word' id='word_1_326' title='bbox 979 3919 1163 4003; x_wconf 80' lang='lat' dir='ltr'><strong>Episcopus</strong></span> <span class='ocrx_word' id='word_1_327' title='bbox 1187 3918 1383 4004; x_wconf 75' lang='lat' dir='ltr'><strong>incaluerit,</strong></span> <span class='ocrx_word' id='word_1_328' title='bbox 1406 3932 1495 4002; x_wconf 79' lang='lat' dir='ltr'><strong>atga-</strong></span> 
     </span>
     <span class='ocr_line' id='line_1_34' title="bbox 190 4027 1376 4118; baseline -0.005 -18"><span class='ocrx_word' id='word_1_329' title='bbox 190 4050 301 4100; x_wconf 87' lang='lat' dir='ltr'><strong>mento</strong></span> <span class='ocrx_word' id='word_1_330' title='bbox 314 4053 384 4118; x_wconf 85' lang='lat' dir='ltr'><strong>cap.</strong></span> <span class='ocrx_word' id='word_1_331' title='bbox 400 4037 430 4098; x_wconf 84' lang='lat'><strong>5.</strong></span> <span class='ocrx_word' id='word_1_332' title='bbox 446 4032 486 4096; x_wconf 88' lang='lat' dir='ltr'><strong>de</strong></span> <span class='ocrx_word' id='word_1_333' title='bbox 501 4031 635 4096; x_wconf 80' lang='lat' dir='ltr'><strong>Clericis</strong></span> <span class='ocrx_word' id='word_1_334' title='bbox 649 4031 838 4114; x_wconf 64' lang='lat' dir='ltr'><strong>conjugatis</strong></span> <span class='ocrx_word' id='word_1_335' title='bbox 852 4041 885 4094; x_wconf 91' lang='lat' dir='ltr'><strong>et</strong></span> <span class='ocrx_word' id='word_1_336' title='bbox 898 4047 968 4111; x_wconf 91' lang='lat' dir='ltr'><strong>cap.</strong></span> <span class='ocrx_word' id='word_1_337' title='bbox 984 4031 1013 4094; x_wconf 85' lang='lat'><strong>8.</strong></span> <span class='ocrx_word' id='word_1_338' title='bbox 1029 4027 1072 4092; x_wconf 85' lang='lat' dir='ltr'><strong>de</strong></span> <span class='ocrx_word' id='word_1_339' title='bbox 1086 4041 1219 4112; x_wconf 72' lang='lat' dir='ltr'><strong>tempor.</strong></span> <span class='ocrx_word' id='word_1_340' title='bbox 1234 4027 1376 4094; x_wconf 77' lang='lat' dir='ltr'><strong>eruunt.</strong></span> 
     </span>
     <span class='ocr_line' id='line_1_35' title="bbox 233 4131 1498 4221; baseline -0.006 -17"><span class='ocrx_word' id='word_1_341' title='bbox 233 4140 400 4206; x_wconf 80' lang='lat' dir='ltr'><strong>Nonnulla</strong></span> <span class='ocrx_word' id='word_1_342' title='bbox 414 4139 524 4202; x_wconf 86' lang='lat' dir='ltr'><strong>adhuc</strong></span> <span class='ocrx_word' id='word_1_343' title='bbox 549 4137 752 4204; x_wconf 77' lang='lat' dir='ltr'><strong>observanda</strong></span> <span class='ocrx_word' id='word_1_344' title='bbox 766 4148 939 4220; x_wconf 82' lang='lat' dir='ltr'><strong>supersunt</strong></span> <span class='ocrx_word' id='word_1_345' title='bbox 964 4136 1147 4202; x_wconf 84' lang='lat' dir='ltr'><strong>incrimine</strong></span> <span class='ocrx_word' id='word_1_346' title='bbox 1169 4137 1327 4202; x_wconf 83' lang='lat' dir='ltr'><strong>simoniae</strong></span> <span class='ocrx_word' id='word_1_347' title='bbox 1353 4138 1393 4203; x_wconf 85' lang='lat' dir='ltr'><strong>itt</strong></span> <span class='ocrx_word' id='word_1_348' title='bbox 1414 4131 1498 4221; x_wconf 83' lang='lat' dir='ltr'><strong>judi·</strong></span> 
     </span>
     <span class='ocr_line' id='line_1_36' title="bbox 191 4243 1495 4327; baseline -0.005 -16"><span class='ocrx_word' id='word_1_349' title='bbox 191 4247 280 4311; x_wconf 85' lang='lat' dir='ltr'><strong>&#39;cium</strong></span> <span class='ocrx_word' id='word_1_350' title='bbox 304 4246 502 4325; x_wconf 89' lang='lat' dir='ltr'><strong>deducendo,</strong></span> <span class='ocrx_word' id='word_1_351' title='bbox 528 4265 613 4327; x_wconf 85' lang='lat' dir='ltr'><strong>quac</strong></span> <span class='ocrx_word' id='word_1_352' title='bbox 627 4263 706 4308; x_wconf 87' lang='lat' dir='ltr'><strong>sane</strong></span> <span class='ocrx_word' id='word_1_353' title='bbox 729 4243 908 4327; x_wconf 85' lang='lat' dir='ltr'><strong>singularia</strong></span> <span class='ocrx_word' id='word_1_354' title='bbox 921 4244 1065 4308; x_wconf 82' lang='lat' dir='ltr'><strong>criminis</strong></span> <span class='ocrx_word' id='word_1_355' title='bbox 1086 4243 1160 4308; x_wconf 92' lang='lat' dir='ltr'><strong>odio</strong></span> <span class='ocrx_word' id='word_1_356' title='bbox 1173 4256 1298 4308; x_wconf 84' lang='lat' dir='ltr'><strong>statuta</strong></span> <span class='ocrx_word' id='word_1_357' title='bbox 1309 4257 1406 4325; x_wconf 81' lang='lat' dir='ltr'><strong>eunt,</strong></span> <span class='ocrx_word' id='word_1_358' title='bbox 1433 4260 1495 4307; x_wconf 91' lang='lat' dir='ltr'><strong>uon</strong></span> 
     </span>
     <span class='ocr_line' id='line_1_37' title="bbox 130 4353 1498 4442; baseline -0.004 -21"><span class='ocrx_word' id='word_1_359' title='bbox 130 4431 135 4442; x_wconf 44' lang='grc'>,</span> <span class='ocrx_word' id='word_1_360' title='bbox 190 4369 258 4421; x_wconf 89' lang='lat' dir='ltr'><strong>tam</strong></span> <span class='ocrx_word' id='word_1_361' title='bbox 273 4357 314 4418; x_wconf 91' lang='lat' dir='ltr'><strong>ob</strong></span> <span class='ocrx_word' id='word_1_362' title='bbox 328 4356 472 4439; x_wconf 88' lang='lat' dir='ltr'><strong>ejusdem</strong></span> <span class='ocrx_word' id='word_1_363' title='bbox 488 4357 688 4438; x_wconf 82' lang='lat' dir='ltr'><strong>gravitatem,</strong></span> <span class='ocrx_word' id='word_1_364' title='bbox 711 4373 812 4437; x_wconf 86' lang='lat' dir='ltr'><strong>qnam</strong></span> <span class='ocrx_word' id='word_1_365' title='bbox 827 4364 863 4418; x_wconf 91' lang='lat' dir='ltr'><strong>ut</strong></span> <span class='ocrx_word' id='word_1_366' title='bbox 876 4355 1012 4435; x_wconf 80' lang='lat' dir='ltr'><strong>facilins,</strong></span> <span class='ocrx_word' id='word_1_367' title='bbox 1028 4365 1061 4420; x_wconf 89' lang='lat' dir='ltr'><strong>et</strong></span> <span class='ocrx_word' id='word_1_368' title='bbox 1075 4355 1217 4438; x_wconf 75' lang='lat' dir='ltr'><strong>pressius</strong></span> <span class='ocrx_word' id='word_1_369' title='bbox 1238 4354 1446 4422; x_wconf 83' lang='lat' dir='ltr'><strong>damnentur</strong></span> <span class='ocrx_word' id='word_1_370' title='bbox 1459 4353 1498 4416; x_wconf 82' lang='lat' dir='ltr'><strong>si·</strong></span> 
     </span>
     <span class='ocr_line' id='line_1_38' title="bbox 192 4457 1495 4552; baseline -0.001 -24"><span class='ocrx_word' id='word_1_371' title='bbox 192 4464 341 4546; x_wconf 87' lang='lat' dir='ltr'><strong>moniaci,</strong></span> <span class='ocrx_word' id='word_1_372' title='bbox 356 4463 677 4550; x_wconf 82' lang='lat' dir='ltr'><strong>qnorumfrautlibna</strong></span> <span class='ocrx_word' id='word_1_373' title='bbox 692 4457 761 4531; x_wconf 85' lang='lat' dir='ltr'><strong>fieri</strong></span> <span class='ocrx_word' id='word_1_374' title='bbox 776 4466 864 4546; x_wconf 88' lang='lat' dir='ltr'><strong>solet,</strong></span> <span class='ocrx_word' id='word_1_375' title='bbox 881 4466 1060 4532; x_wconf 83' lang='lat' dir='ltr'><strong>nocrimen</strong></span> <span class='ocrx_word' id='word_1_376' title='bbox 1079 4465 1196 4552; x_wconf 78' lang='lat' dir='ltr'><strong>injure</strong></span> <span class='ocrx_word' id='word_1_377' title='bbox 1209 4469 1371 4552; x_wconf 83' lang='lat' dir='ltr'><strong>probetur.</strong></span> <span class='ocrx_word' id='word_1_378' title='bbox 1419 4463 1495 4540; x_wconf 76' lang='lat' dir='ltr'><strong>Tot,</strong></span> 
     </span>
    </p>
   </div>
   <div class='ocr_carea' id='block_1_3' title="bbox 0 0 1572 4984">
    <p class='ocr_par' dir='ltr' id='par_1_3' title="bbox 0 0 1572 4984">
     <span class='ocr_line' id='line_1_39' title="bbox 0 0 1572 4984; baseline 0 4"><span class='ocrx_word' id='word_1_379' title='bbox 0 0 1572 4984; x_wconf 95' lang='lat' dir='ltr'><strong> </strong></span> 
     </span>
    </p>
   </div>
  </div>
 </body>
</html>
