3146 4980
182 353 247 419 294
626 377 871 425 nrssnannnro
893 379 1046 428 cuturn.

180 495 331 580 expedire
356 495 471 579 videat,
499 509 536 562 nt
562 501 713 583 privatim
735 504 925 586 conjugium
951 503 1017 570 fiat.
1061 508 1167 572 Immo
1183 509 1238 576 ubi
1261 509 1487 594 synodalibus

180 605 464 671 constitutionibus
490 606 726 691 Episcoporum
748 630 899 695 expresse
913 623 1048 678 cantum
1061 627 1119 696 est,
1147 628 1184 680 ut
1199 635 1264 682 non
1279 619 1342 682 nisi
1365 619 1399 682 in
1415 619 1485 684 loco

181 731 273 776 sacro
287 715 486 798 conjugium
484 715 676 798 celebretur,
691 728 749 780 aut
759 719 804 782 ibi
818 719 914 782 etiam
931 721 1001 786 sine
1015 741 1167 805 expressa
1182 725 1410 792 constitutione
1425 727 1486 810 fly-

180 825 292 890 nodali
307 817 449 910 idipsum
473 827 617 910 legitima
631 829 832 895 consuetudo
846 831 1019 914 induxerit,
1034 833 1309 919 dispensationem
1332 837 1488 921 Episcopi

182 934 335 999 accedere
350 953 482 998 necesse
497 935 563 998 erit.

222 1039 323 1112 Quod
339 1042 382 1104 ad
397 1052 540 1126 tempora
554 1042 847 1108 contrahendarum
862 1002 1086 1128 conjugiorum
1102 1050 1245 1130 pertinet,
1260 1049 1328 1115 acio
1342 1021 1486 1134 quidem,

84 1231 86 1237 y
123 1189 125 1192 -
180 1159 335 1233 perpetuo
349 1150 561 1214 constitutum
577 1151 611 1212 in
628 1149 777 1216 Ecclesia
791 1149 900 1230 fuisse,
922 1153 1017 1236 juxta
1033 1152 1130 1226 Pauli
1144 1155 1290 1236 Apostoli
1316 1157 1488 1224 iustitutio-

181 1282 250 1343 nes,
276 1271 314 1325 ut
328 1261 421 1324 cartis
448 1261 644 1344 temporibus
669 1267 690 1326 a
712 1261 862 1346 conjugio
887 1263 1109 1346 abstineretur;
1137 1284 1203 1331 uon
1217 1285 1351 1349 possum
1376 1279 1487 1335 mmen

181 1375 314 1459 probare
340 1374 470 1438 iliorum
488 1372 707 1450 traditionem,
729 1373 785 1454 qui
810 1373 933 1456 opinati
959 1385 1044 1454 sunt,
1070 1375 1250 1466 aliquando
1274 1379 1363 1444 irrita
1386 1380 1487 1444 etiam

181 1481 282 1545 tuisse
297 1479 502 1544 matrimonia
523 1479 646 1544 eisdam
662 1481 857 1563 temporibus
872 1493 1044 1546 eontracta.
1088 1484 1127 1552 In
1144 1469 1296 1560 medium·
1309 1487 1371 1568 ipsi
1386 1487 1488 1569 profe·

180 1605 257 1658 runt
270 1595 492 1658 testimonium
507 1593 594 1656 Petri
609 1591 764 1657 Damiani
780 1593 813 1658 in
828 1591 919 1676 epist.
938 1591 1074 1660 latiur.
1090 1595 1122 1660 5.
1136 1593 1181 1656 ita
1196 1595 1373 1660 scribentis:
1404 1597 1487 1664 Cen

180 1729 264 1774 sarra
278 1709 437 1772 carroniec
452 1707 593 1790 nuptias
607 1705 735 1772 illicitis
750 1706 953 1788 temporibus
966 1707 1142 1786 institutas
1155 1715 1276 1773 renmte
1292 1713 1382 1774 orara
1394 1731 1487 1778 scrrc·

177 1821 260 1906 pulo
274 1817 412 1896 diuidit·
421 1819 517 1900 juxta
531 1834 616 1897 quae
631 1814 836 1879 Christianus
851 1814 967 1896 Lupus
982 1815 1016 1878 in
1031 1827 1118 1880 tomo
1132 1817 1162 1878 4.
1178 1817 1396 1884 Conciiicrum
1412 1837 1487 1902 pag.

180 1929 233 1992 43.
249 1928 402 2009 antiquae
416 1925 566 1989 editionis
581 1921 753 1988 adfirmare
769 1941 835 1986 non
850 1921 1020 1998 dubitarit:
1052 1926 1153 1997 Quod
1166 1935 1371 1992 emrtracturn
1391 1937 1490 1994 extra

182 2045 331 2120 temporo
354 2034 549 2119 conjugium
562 2033 675 2115 suerit
690 2032 821 2097 omnino
844 2032 1109 2099 substantialiter
1131 2035 1263 2100 nullum
1273 2039 1389 2122 fateor
1412 2059 1489 2104 curn

182 2143 219 2210 S.
236 2145 338 2208 Petro
354 2143 534 2210 Damione.
578 2140 704 2204 Revera
718 2137 848 2204 nullum
863 2141 998 2208 omnino.
1012 2141 1178 2208 Ecclesiae
1197 2161 1359 2211 canonem
1373 2150 1490 2228 reperi-

181 2275 216 2320 re
230 2254 281 2320 ias
295 2265 352 2336 est,
368 2272 433 2336 quo
458 2273 497 2315 ea
511 2250 662 2334 conjugia
687 2248 806 2314 fuerint
820 2249 916 2314 irrita.
961 2250 1110 2316 Tantum
1124 2253 1255 2332 scimus,
1277 2253 1434 2322 indictam
1449 2273 1490 2320 eo

157 2371 323 2447 ,serapiae
337 2361 528 2445 conjugium
541 2357 784 2440 separationem,
801 2375 971 2439 nunquam
986 2358 1232 2430 dissolutionem
1246 2345 1396 2445 conjugii,
1410 2383 1490 2446 que·

143 2495 212 2564 „ra
225 2472 396 2540 edmodum
410 2473 511 2556 liquet
525 2490 567 2534 ax
584 2468 741 2533 universis
756 2468 989 2552 propemodum
1005 2470 1240 2552 antiquissimis
1255 2473 1488 2554 monumentis,

180 2605 266 2670 quae
280 2581 442 2666 congessit
467 2580 643 2644 Gratianus
666 2577 700 2642 in
714 2595 804 2640 caus.
831 2577 881 2640 33.
908 2577 1077 2658 quaesta
1121 2577 1267 2650 Quodsi
1288 2579 1406 2644 Petrus
1421 2580 1489 2646 Da·

181 2699 283 2764 miani
298 2695 449 2762 familiari
463 2692 545 2771 stilo,
560 2690 668 2772 qualis
684 2689 818 2754 decebat
832 2688 1009 2770 epistolam,
1035 2689 1275 2769 usundixitiia
1289 2691 1489 2772 temporibus

179 2807 320 2890 nuptias
334 2802 450 2881 diuidi,
475 2799 510 2862 id
525 2795 696 2880 improprie
722 2795 969 2877 intelligendum
984 2805 1042 2876 est,
1069 2797 1165 2878 quasi
1178 2797 1306 2878 diceret,
1329 2799 1488 2882 corrjuges

180 2917 280 2981 fuisse
295 2913 427 2993 divisos;
456 2910 518 2972 hae
533 2909 620 2972 enim
640 2907 748 2989 potius
771 2905 911 2970 formula
938 2907 988 2969 usi
1004 2905 1135 2976 fuerunt
1159 2919 1488 2976 veterumcanonurn

181 3037 330 3096 auctores
344 3023 432 3106 apud
448 3021 639 3086 Gratianum
656 3018 745 3092 relati
761 3017 795 3084 in
811 3015 881 3080 loco
895 3035 999 3100 nuper
1013 3029 1272 3101 commemoratu
1298 3005 1406 3102 neque
1420 3020 1487 3086 sui-

181 3134 250 3200 ficit
263 3131 306 3196 ad
331 3127 574 3194 matrimonium
596 3123 797 3204 irritandum,
822 3123 1003 3206 praecisum
1029 3124 1161 3207 aliquod
1184 3126 1351 3208 scriptoris
1372 3125 1486 3192 Eccle-

180 3241 302 3310 siastici
317 3237 537 3304 testimouium
562 3236 672 3312 minus
687 3233 795 3296 stricta
819 3232 974 3314 loquendi
989 3232 1128 3298 forrnula
1153 3234 1355 3302 elaboratum
1370 3236 1405 3300 in
1419 3255 1485 3300 rna

181 3354 272 3418 dium
289 3348 432 3433 proferre.
476 3345 590 3426 Itaque
606 3341 756 3404 Ecclesia
780 3340 899 3406 indixit
917 3340 1139 3420 saluberrime,
1163 3359 1205 3406 ne
1219 3341 1313 3410 certis
1335 3343 1484 3426 ruopert-

180 3465 242 3528 bus
257 3461 390 3544 nuptiae
404 3457 647 3532 celebrarentur,
665 3462 732 3516 tum
749 3453 911 3530 nimirum,
934 3464 970 3524 ut
984 3453 1177 3536 generaliter
1185 3453 1305 3534 dicam,
1319 3473 1399 3518 curn
1412 3473 1484 3538 pne·

179 3571 343 3649 nitentiae,
357 3580 389 3634 et
404 3565 507 3634 luctui
532 3584 623 3635 sacro
638 3563 796 3646 singulari
814 3555 966 3632 dandam
980 3585 1110 3649 operam
1131 3573 1152 3632 a
1167 3567 1317 3633 fidelibus
1332 3567 1483 3634 Ecclesia

175 3679 277 3763 jubet.
317 3676 356 3740 Si
370 3675 458 3741 enim
473 3673 526 3739 vel
539 3673 630 3756 apud
645 3673 812 3739 aethnicos
823 3673 1065 3759 inopportuuae,
1089 3685 1121 3738 et
1135 3677 1214 3740 mali
1228 3677 1334 3747 omnis
1349 3682 1484 3762 nuptiae

180 3787 375 3853 videbantur
390 3785 537 3868 publicae
552 3783 730 3848 moestitiae
745 3793 894 3868 tempore,
921 3783 1200 3864 quemadmodum
1222 3786 1319 3848 tradit
1341 3786 1482 3852 Ouidius

180 3900 215 3966 in
230 3899 298 3964 libr.
314 3899 343 3966 5.
358 3881 541 3971 ¹Fastorum,
567 3893 743 3960 reference
767 3893 888 3975 nuptiis
914 3893 1146 3961 abstinendum
1171 3895 1280 3976 fuisse,
1302 3913 1379 3960 cum
1395 3897 1483 3979 Majo

179 4027 291 4072 mense
302 4009 390 4092 justa
405 4003 560 4068 ferrentur
574 3999 744 4082 defunctis,
759 4019 844 4084 quae
858 4001 1022 4082 Remuria,
1045 4021 1104 4066 seu
1119 4002 1167 4066 uti
1181 4003 1237 4066 alii
1251 4003 1405 4082 scribunt,
1421 4001 1483 4068 Isr-

181 4113 288 4188 muria
304 4111 537 4196 apellabantur,
552 4107 605 4182 ibi:

434 4330 501 4397 Nec
514 4330 634 4396 uiduae
648 4330 756 4437 taedia
768 4332 889 4410 andern
904 4351 963 4396 nec
976 4331 1124 4415 uirginis
1136 4336 1222 4418 epta

478 4440 659 4525 Tempore
673 4461 756 4526 quae
767 4444 894 4528 capsa,
910 4461 976 4508 non
990 4443 1244 4528 diuturncsur't.
