3120 4980
76 2985 81 2993 ⁵
191 3011 266 3076 tem,
282 2997 378 3060 libere
392 2994 564 3078 explicere,
580 2993 676 3074 quasi
691 2983 838 3074 aequalis
854 2991 988 3074 incipiat
1002 3003 1073 3057 turn
1095 3013 1169 3071 esse
1180 3006 1321 3077 potestas
1336 3009 1437 3080 patus,
1450 3013 1482 3058 ac

183 354 232 426 80
387 379 390 386 “
430 371 520 426 erus
537 374 664 443 ratur,
681 361 921 430 nrssnsutsro
937 381 1110 446 secunus,
1129 383 1206 430 css.
1221 359 1247 431 l.

181 499 266 584 juris
280 499 420 564 Romani
446 503 619 586 principiis,
638 503 836 568 voluntatem
852 507 971 584 matris,
996 507 1094 589 quasi
1107 505 1308 570 voluntatem
1325 501 1383 570 lilii
1393 505 1477 594 *certis

186 609 220 672 in
236 607 367 672 casibus
381 609 512 689 baberi,
528 623 564 674 ut
577 611 765 693 exemplum
780 621 829 674 est
843 613 877 675 in
891 613 1117 676 substitutione
1130 612 1320 696 exemplari,
1341 613 1428 696 cujus
1440 610 1478 674 ia·
1539 615 1540 620 ’

185 719 319 784 ciendae
335 719 473 784 facultas
487 723 585 784 etiam
601 721 694 784 matri
709 722 905 803 conceditnu
921 743 963 786 ex
978 743 1043 806 quo
1059 723 1104 804 lit,
1130 735 1166 788 ut
1181 734 1407 788 testamentum
1422 742 1477 786 rna·

143 844 146 853 ·
187 827 244 890 tris
258 803 457 910 quandoque
481 843 537 910 pro
551 819 744 892 testamento
770 827 828 892 filii
843 831 891 908 sit,
908 829 927 892 l
943 829 973 892 9.
988 828 1059 892 cod
1086 829 1126 892 de
1142 830 1357 912 impuberum,
1372 840 1403 892 et
1415 829 1476 892 aliis
1539 817 1540 902 ]

184 931 466 1003 assentationum
483 935 509 996 si
526 947 689 1016 receptum
704 945 761 1013 est,
777 936 909 1014 decoris,
926 945 957 1000 et
968 937 1097 1021 majoris
1108 937 1256 1001 bonorisc
1267 955 1358 1018 ausa,
1368 949 1477 1020 propte·
1539 979 1540 1012 t

192 1059 247 1104 rea
262 1041 350 1124 quod
364 1041 532 1134 decentius
545 1055 593 1122 stt,
606 1055 637 1106 et
650 1043 818 1108 honestius
829 1045 983 1110 decedere
995 1057 1156 1126 testatum,
1181 1067 1283 1130 quam
1297 1047 1479 1128 intestatum

184 1149 267 1234 qnid
282 1152 316 1214 ni
333 1151 550 1234 recipiendum
567 1165 622 1230 est,
639 1151 808 1216 uoluntate
822 1145 968 1218 materna
984 1155 1088 1222 filiurn
1104 1157 1268 1239 baptizari,
1285 1176 1362 1220 curn
1377 1168 1478 1238 agatur
1539 1139 1540 1212 l

183 1261 229 1324 tle
243 1261 452 1324 sacramento
477 1263 621 1324 maxime
637 1263 826 1340 necessario,
854 1262 1001 1346 sineque
1018 1263 1105 1328 filius
1121 1265 1260 1328 aeternis
1275 1267 1387 1348 poeuis
1402 1265 1478 1329 darn·

186 1367 332 1431 nareturl
376 1357 615 1432 Deindeetiam
630 1389 671 1431 ex
687 1369 827 1434 Romani
843 1373 960 1436 summi
973 1375 1056 1456 juris
1071 1375 1234 1458 principiis
1258 1387 1419 1460 receptum
1432 1387 1478 1456 est,

187 1487 225 1538 ut
240 1476 294 1538 nbi
309 1493 421 1538 servus
437 1488 526 1560 pater
541 1478 591 1556 sit,
617 1487 718 1540 mater
734 1479 838 1558 libera,
866 1477 955 1542 filius
971 1480 1050 1544 liber
1071 1459 1235 1546 irascatur.
1279 1483 1371 1554 Quid
1387 1487 1418 1573 in
1431 1485 1479 1548 lut·

182 1582 238 1667 J'as
253 1580 442 1664 disciplinae
467 1597 641 1666 conspectu
656 1587 856 1668 repugnabit,
883 1587 986 1652 filiurn
1003 1589 1121 1654 Judeei
1146 1603 1177 1654 et
1192 1591 1375 1674 baptizatae
1401 1593 1479 1675 sequi

185 1705 367 1755 maternam
393 1691 627 1756 conditionem?
670 1693 839 1773 Addebis,
866 1697 900 1759 in
917 1699 1109 1779 baptismate
1135 1699 1311 1765 infantium
1337 1721 1403 1766 non
1424 1719 1478 1764 rant

189 1802 308 1864 versari
326 1801 393 1863 vim
408 1803 531 1883 patriae
547 1803 719 1882 potestatis,
735 1821 838 1885 qnam
851 1823 935 1868 onus
948 1804 1159 1868 educationis.
1182 1807 1278 1871 Onus
1294 1819 1401 1872 autern
1416 1807 1480 1871 edu·

186 1911 324 1974 cationis
339 1930 442 1992 aeque
468 1912 508 1973 ad
528 1925 698 1992 utramque
714 1925 878 1994 parentem
896 1913 1039 1994 pertinet,
1068 1913 1089 1976 l.
1106 1917 1132 1976 l.
1150 1917 1172 1982 i.
1190 1915 1217 1977 l.
1232 1915 1265 1978 ff.
1283 1916 1338 1979 ubi
1353 1915 1479 1999 pupillus

186 2021 328 2100 educari,
345 2021 365 2082 l.
381 2022 410 2083 5.
429 2023 451 2087 i.
467 2019 507 2098 2.,
526 2031 566 2088 ‚et
579 2003 788 2113 sequentibus
812 2020 853 2082 de
867 2039 1007 2102 agnose,
1033 2031 1065 2084 ot
1091 2019 1197 2084 alend.
1215 2021 1304 2086 liber.
1346 2023 1480 2104 Denique

187 2132 286 2194 etiarn
301 2131 329 2194 si
345 2116 426 2192 velis
440 2128 483 2191 ad
497 2129 732 2191 controuersiae
748 2129 993 2212 diremptionem
1008 2127 1049 2192 de
1065 2129 1098 2190 ri
1109 2130 1236 2220 patriae
1247 2119 1412 2213 'potestatis
1429 2129 1480 2194 dis

188 2249 309 2324 putare,
325 2237 441 2316 dicam,
469 2239 605 2320 patriam
622 2247 812 2320 potestatem
837 2237 910 2301 oriri
932 2240 1080 2322 exjustis
1095 2241 1225 2324 nuptiis,
1249 2261 1388 2323 quarum
1401 2241 1481 2305 ellec-

190 2357 242 2413 tns
267 2360 337 2428 est,
351 2360 387 2412 ut
415 2351 463 2410 rit
477 2346 620 2410 familiae
645 2346 791 2428 princepe
816 2347 982 2425 habeatur,
1007 2359 1110 2410 mater
1135 2347 1195 2410 viri
1220 2347 1367 2431 potestati
1383 2350 1480 2429 subsit,

191 2474 330 2538 eamque
343 2455 386 2520 ob
410 2473 533 2517 causan
550 2463 651 2516 mater
665 2472 730 2516 non
747 2453 847 2535 possit
861 2451 980 2515 habere
1005 2451 1090 2515 filios
1105 2453 1138 2516 in
1153 2465 1318 2536 potestate,
1333 2475 1430 2538 quum
1444 2475 1480 2518 ro·

191 2577 322 2650 pugnet,
337 2583 410 2628 eum
436 2564 553 2627 habere
569 2571 760 2645 potestatem
775 2560 927 2639 familiae,
952 2581 1038 2642 quae
1053 2563 1087 2626 ln
1102 2561 1227 2626 familia
1241 2576 1299 2644 est,
1316 2561 1349 2627 et
1368 2563 1480 2648 patriis·

191 2676 300 2740 milies
314 2675 434 2738 subest.
478 2672 563 2736 Oum
578 2688 654 2734 reto
678 2669 842 2752 baptizata
856 2681 958 2733 mater
982 2667 1095 2734 divino
1104 2671 1176 2754 jure
1198 2669 1332 2734 liberata
1348 2673 1388 2734 sit
1405 2677 1482 2752 apo·

191 2793 305 2846 testate
320 2779 434 2859 mariti,
449 2789 481 2842 et
494 2777 682 2862 conjugium
704 2775 879 2840 dissolvere
896 2776 1010 2855 valeat,
1027 2777 1140 2860 incipit
1158 2779 1229 2861 ipsa
1244 2779 1297 2842 sui
1307 2779 1389 2862 Jnris
1401 2777 1480 2857 ellici,

191 2904 223 2954 et
239 2899 341 2974 potest
355 2886 536 2972 quamdam
551 2886 716 2970 potestatis
730 2886 879 2967 speciem,
903 2886 1010 2950 sinon
1026 2885 1219 2967 Romanam,
1243 2871 1420 2956 naturalem
1432 2887 1482 2952 sal

191 3105 304 3172 matris
319 3105 351 3168 in
367 3104 492 3167 liberos.
535 3101 600 3166 Ubi
615 3109 726 3163 autem
740 3099 806 3163 duo
832 3109 910 3162 sunt
924 3099 1052 3180 aequali
1069 3109 1224 3182 potestate
1250 3103 1351 3193 potiti,
1367 3099 1481 3165 nobilio

191 3219 235 3284 sis
250 3213 389 3279 laetrltas
405 3211 616 3296 praestantior
630 3209 775 3286 habetur,
790 3218 823 3269 et
838 3210 1095 3289 praerogativam
1109 3209 1317 3289 nanciscitur,
1332 3209 1432 3292 qualis
1443 3217 1482 3270 est

191 3345 249 3412 pro
263 3321 389 3390 Iudaeo
414 3321 530 3386 mulier
547 3317 717 3411 baptizata,
743 3315 930 3398 praesertim
954 3313 1043 3397 quod
1057 3313 1222 3396 baptizate
1246 3315 1364 3379 mulier
1388 3313 1481 3378 utilius

192 3429 360 3511 negotium
374 3445 430 3510 pro
455 3423 581 3490 infante
594 3423 661 3488 illio
676 3433 774 3507 gerat
817 3421 909 3486 Haeo
923 3423 982 3505 qui
995 3423 1055 3484 rite
1079 3421 1269 3503 considerat,
1292 3421 1385 3486 facile
1399 3423 1481 3485 etiam

193 3537 335 3620 idipsum
351 3533 488 3617 recipiet,
513 3530 641 3614 quoties
656 3549 748 3609 avus,
775 3529 828 3594 vel
843 3531 928 3610 avia,
953 3549 1012 3594 sou
1026 3540 1170 3613 paterne,
1197 3549 1255 3594 seu
1272 3543 1415 3594 materna
1428 3528 1481 3592 reli·

194 3647 324 3732 gionem
340 3642 562 3707 Christianam
575 3639 800 3722 amplectatur,
822 3637 921 3702 etiarn
936 3637 1020 3700 vivis
1035 3647 1124 3719 patre
1146 3647 1178 3701 et
1192 3648 1305 3716 matre,
1319 3647 1352 3699 et
1368 3634 1482 3718 quiden

193 3755 228 3820 in
243 3753 262 3818 J
266 3751 381 3818 udaice
396 3749 532 3835 perfidia
547 3747 805 3814 consistentibus.
848 3745 950 3817 Quod
965 3745 994 3808 si
1009 3757 1099 3830 pater
1113 3746 1147 3809 in
1172 3745 1192 3809 J
1195 3745 1345 3810 udaismo
1358 3759 1481 3828 pessare

193 3885 271 3933 rans
286 3863 392 3928 filium
417 3861 575 3927 infantem
589 3859 746 3942 baptizari
762 3857 910 3940 postulet,
936 3856 989 3922 vel
1004 3857 1192 3938 consentiat,
1215 3869 1297 3940 tune
1308 3877 1386 3922 sane
1399 3851 1481 3936 bapti·

193 3978 261 4044 aeri
276 3977 384 4042 inians
399 3975 457 4039 rite
472 3972 594 4058 poterit,
620 3971 719 4034 etiarn
734 3969 761 4032 si
777 3981 868 4052 pater
892 3969 1086 4032 sententiam
1103 3967 1178 4032 inde
1192 3969 1375 4048 mutaverit,
1396 3979 1481 4046 neque

194 4088 282 4152 enim
293 4088 348 4170 Jus
364 4081 531 4148 Ecclesiae
545 4078 646 4144 semel
660 4095 702 4141 ex
717 4095 879 4142 consensu
893 4085 1025 4160 paterno
1039 4075 1233 4158 quaesitum,
1249 4085 1353 4156 potest
1364 4091 1404 4135 ax
1416 4071 1481 4152 ejus

196 4199 272 4264 dem
287 4197 437 4262 dissensu
453 4191 529 4258 tolli.
571 4189 608 4258 si
623 4187 765 4270 denique
779 4187 799 4251 J
802 4185 898 4250 udeoi
922 4195 1073 4271 parentes
1088 4181 1229 4248 infantes
1255 4201 1334 4270 suqs
1347 4193 1480 4262 exposite

197 4312 270 4386 rint,
286 4315 436 4390 poterunt
462 4300 560 4366 iidem
576 4297 717 4364 infantes
743 4295 801 4361 rit'e
816 4295 980 4378 baptizari,
996 4295 1091 4377 quasi
1107 4305 1178 4378 post
1199 4293 1427 4380 expositionem
1438 4303 1482 4370 pt·

198 4413 260 4494 tria
276 4411 383 4476 omnis
396 4417 538 4495 potestas
562 4406 741 4490 umnelin
756 4414 855 4489 atque
868 4402 985 4468 eadem
999 4403 1122 4496 ratione
1147 4401 1336 4487 baptizandi
1349 4407 1435 4466 erunt
1447 4395 1484 4458 in·
