3216 4988
222 347 287 412 272
455 371 544 416 runs
563 373 689 446 rurus,
717 374 963 438 nrssnnrrpro
981 379 1130 440 euru-rr,
1151 381 1229 426 cue.
1246 361 1301 428 rt.

220 501 342 580 tructus
369 491 521 584 simulate
537 507 675 578 geratur,
693 498 835 590 ‚quando
851 519 902 564 ex.
929 520 975 599 gr..
991 503 1048 584 qui
1075 504 1248 588 pecuniam
1270 505 1423 588 concedit,
1447 525 1508 570 rere

219 602 367 666 animum
385 603 489 667 mutui
517 603 729 668 contrahendi
747 605 808 670 sub
824 607 931 670 usuris
957 609 1099 690 haberet,
1116 611 1394 692 quemadmodum
1415 615 1505 676 necin

218 717 323 802 specie
340 717 457 782 cambii
475 717 606 802 obliqui,
633 737 731 800 quum
750 716 881 800 exbibet
897 699 1083 784 Cardiuelis
1098 718 1149 786 De
1176 703 1283 804 Luca,
1295 723 1364 786 libr.
1380 725 1407 787 ὅ.
1422 723 1461 786 tit.
1474 723 1506 787 dc

216 822 353 885 cambiis
371 823 401 887 iu
419 844 550 916 summa
577 837 666 908 purte
682 825 709 887 2.
728 845 816 889 num.
837 821 913 908 16.,'·
924 839 955 891 et
970 849 1011 894 ex
1027 850 1065 894 eo
1081 829 1279 894 Benedictus
1295 829 1386 897 XIV.
1407 833 1436 897 iu
1451 831 1505 896 libr.

218 934 266 1024 ll).
284 934 324 996 dc
350 935 484 1020 Synodo
501 937 714 1018 Dioecesaua,
741 957 810 1020 cap.
827 939 855 1001 5.
873 957 954 1001 uum
968 940 1007 1020 8,
1036 939 1097 1003 hoc
1115 939 1275 1024 proposito
1289 941 1443 1024 exemplo:
1459 943 1504 1007 'll-

215 1048 280 1112 tius
295 1045 447 1130 iudigeus
460 1120 463 1129 Ι
474 1047 564 1120 mille
579 1047 693 1126 eureis,
721 1059 852 1110 mutuos
867 1067 922 1110 eos
937 1045 1016 1136 petit
1038 1055 1060 1114 e
1075 1049 1162 1134 Cajo,
1185 1050 1242 1134 qui
1257 1069 1335 1114 cum
1350 1069 1505 1114 consuere·

214 1157 253 1220 rit
270 1157 434 1240 negotiari,
462 1167 494 1220 et
509 1158 725 1242 negotiatione
750 1155 921 1238 pecuniam
949 1175 1045 1220 suum
1071 1176 1198 1242 augere,
1224 1159 1332 1223 renuit
1358 1157 1506 1242 indulgere

215 1267 361 1349 petitioni
376 1267 467 1346 Titii,
484 1273 503 1332 a
520 1286 584 1350 qno
601 1266 724 1329 ratione
741 1265 846 1330 mutui
863 1263 944 1328 nihil
960 1275 1064 1348 potest
1078 1247 1217 1348 exigere:
1232 1263 1310 1348 quia
1326 1284 1402 1329 vero
1415 1263 1506 1328 Titius

215 1374 331 1458 Cejum
349 1392 462 1456 urgere
478 1393 542 1438 non
559 1384 672 1454 cesset,
690 1394 740 1438 res
755 1359 836 1438 inter
851 1393 905 1438 eos
921 1373 955 1438 in
970 1373 1060 1440 lurnc
1075 1373 1211 1438 modum
1226 1375 1438 1457 componitur.
1458 1371 1504 1436 rt-

213 1483 278 1546 tius
294 1493 424 1548 mutuos
450 1484 566 1577 accipit
581 1489 600 1548 d
618 1484 696 1567 Cajo
712 1482 890 1566 praedictos
917 1481 1007 1548 mille
1021 1503 1147 1565 aureos,
1164 1501 1270 1568 neque
1293 1483 1401 1548 mutui
1414 1501 1505 1560 cause,

212 1591 392 1676 quidquam
420 1613 454 1654 se
480 1579 573 1675 Cujo,¹
595 1592 680 1656 ultra
696 1602 822 1670 sortem,
849 1591 1033 1656 soluturum
1058 1590 1224 1678 promittit:
1250 1601 1286 1656 ut
1309 1602 1417 1656 tamen
1442 1591 1506 1672 Gajo

212 1687 373 1792 damnum
389 1682 551 1786 rependat,
577 1701 664 1786 quod
680 1721 722 1766 ex
739 1699 815 1764 dato
830 1711 946 1765 mutuo
960 1685 1054 1782 subit,
1082 1699 1139 1764 dat
1154 1701 1183 1766 ei
1199 1697 1400 1780 facultatem,
1414 1699 1505 1783 aequi·

213 1795 380 1872 valentem¹
392 1808 549 1892 pecuniae
565 1829 738 1888 summum,
766 1809 835 1871 sive
851 1813 871 1872 a
888 1809 1000 1892 seipso,
1016 1809 1086 1872 sive
1101 1809 1143 1872 ab
1157 1809 1222 1872 alio
1245 1827 1300 1893 per
1314 1809 1433 1876 cambii
1446 1828 1505 1872 con·

213 1895 350 1982 tractum
367 1917 557 2002 accipiendi,
584 1936 722 2000 eamque
736 1916 779 1979 ed
795 1917 1046 2000 negotiationem
1062 1913 1259 1996 destinandi,
1285 1915 1448 1998 simulque
1460 1913 1507 1978 rt-

213 2030 278 2092 tius
293 2049 327 2092 sc
344 2029 466 2112 obligat
480 2027 522 2092 ed
537 2025 732 2092 solvendum
748 2027 835 2112 Oujo,
852 2027 955 2092 donec
976 2029 1004 2090 ei
1021 2038 1174 2092 mutuum
1191 2025 1347 2106 restituat,
1363 2013 1505 2112 quidquid

211 2137 333 2200 ratione
348 2135 455 2200 cambi
481 2133 648 2220 impendit,
676 2145 733 2200 aut
749 2133 934 2218 impendere
960 2132 1097 2214 deberet,
1114 2135 1141 2198 si
1156 2133 1339 2216 praedictos
1361 2133 1449 2200 mille
1462 2151 1506 2194 nu·

207 2265 279 2334 reos
294 2251 314 2310 tr
328 2227 473 2330 'capsore
489 2241 674 2326 accepisset.
715 2231 930 2326 'Quandoque
945 2241 1044 2306 etiam
1071 2243 1206 2325 ipsemet
1220 2241 1334 2306 Titius
1359 2252 1505 2305 mutuatu·
1579 2309 1580 2336 ,

139 2409 141 2414 .
208 2353 275 2417 rius
291 2351 430 2433 assumit
458 2351 626 2431 sibionus,
653 2345 790 2414 cambiis
805 2349 992 2433 negotiandi
1011 2359 1136 2416 tantam
1162 2351 1320 2432 pecuniae
1346 2367 1506 2428 summanr,

207 2473 367 2548 quautam
382 2469 532 2524 mutuam
558 2459 682 2544 accepit
708 2455 831 2544 scaje,
859 2460 892 2522 iu
908 2455 1117 2524 commodum
1144 2467 1263 2540 tamen,
1290 2467 1322 2522 et
1348 2459 1506 2524 utilitatem

207 2567 352 2653 ejusdem
378 2567 457 2652 Csji,
485 2563 538 2633 etri
550 2567 728 2653 quotannis
755 2567 861 2646 solvit,
877 2579 1039 2650 quantum
1065 2588 1108 2632 ex
1122 2567 1259 2641 cambiis
1285 2569 1437 2650 lucratur,
1461 2577 1507 2630 aut

207 2681 324 2748 lucrari
340 2695 456 2768 posset,
473 2675 575 2746 donec
588 2665 619 2744 ei
636 2689 788 2744 mutuum
805 2679 962 2741 restituat.
1006 2676 1091 2742 Sunt
1106 2677 1186 2740 istae
1201 2685 1239 2740 ιιι
1253 2671 1433 2760 plurimum
1443 2693 1506 2738 usu·

207 2793 362 2858 rariorum
377 2773 517 2870 fraudes,
545 2789 666 2872 quibus
680 2797 867 2850 contractus
893 2787 999 2850 mutui
1015 2769 1113 2868 pallio
1127 2781 1273 2868 quodam
1288 2785 1464 2860 obducitur,
1479 2791 1506 2843 ut
1578 2781 1579 2820 i

206 2897 380 2964 honestum
405 2893 684 2986 adpareat,quod
711 2893 921 2960 inhonestum
947 2901 1014 2976 est,
1032 2903 1126 2958 etex
1152 2893 1236 2980 turpi
1262 2895 1403 2958 avaritia
1428 2889 1507 2976 proli·

206 3006 345 3071 ciscitur.
495 3082 501 3094 .
700 3019 702 3023 '
781 3006 785 3014 '
838 3003 842 3010 ’
902 2987 918 3010 ”

247 3113 293 3176 Ut
307 3131 487 3198 pauperum
513 3111 685 3178 homiuum
701 3109 828 3195 inopiae
846 3111 1067 3198 'opportunius
1082 3109 1313 3191 consuleretur,
1338 3131 1423 3176 neve
1437 3109 1507 3174 alias

205 3217 252 3283 illi
268 3219 310 3281 ab
331 3221 468 3296 avaritia
484 3223 706 3285 mutuandum
722 3227 959 3306 permerentur,¹
977 3221 1123 3306 pluribus
1138 3221 1170 3284 iu
1187 3219 1267 3284 locis
1289 3221 1506 3292 recentioribus

205 3329 344 3392 saeculis
360 3334 456 3394 erecti
482 3342 558 3393 sunt
574 3329 715 3410 Montes,
739 3343 776 3394 ut
791 3341 912 3394 vocant
922 3333 1073 3416 pietatis,
1097 3349 1180 3412 quos
1195 3329 1277 3393 iuter
1290 3327 1368 3394 loce
1386 3332 1438 3414 pia
1446 3331 1506 3414 jure
1577 3375 1578 3396 t

204 3425 364 3504 recensuit
381 3437 564 3502 Concilium
590 3437 826 3502 Tridentinunr
842 3457 920 3500 sess.
947 3437 998 3500 22.
1015 3455 1086 3520 cap.
1101 3437 1131 3501 Θ.
1147 3435 1188 3500 de
1214 3435 1369 3517 Reform„
1386 3457 1428 3500 ex
1442 3451 1505 3520 quo
1577 3405 1578 3478 l

203 3571 276 3616 rum
302 3551 504 3616 institutione
529 3550 726 3632 factumest,
755 3563 790 3618 nt
805 3549 1028 3634 indigentibus
1055 3549 1194 3633 pecunie
1219 3549 1412 3629 crederetur,
1433 3547 1505 3611 datis

203 3660 399 3746 pignoribus,
415 3663 477 3725 sub
502 3681 542 3723 ea
557 3660 637 3744 lege,
664 3680 730 3745 qua
746 3661 773 3724 si
799 3672 871 3744 post
885 3669 1009 3724 certum
1035 3668 1165 3742 tempus
1180 3659 1321 3742 pecunia
1349 3679 1416 3724 non
1432 3655 1505 3722 resti

204 3781 352 3850 tueretur,
380 3771 596 3835 venderentur
622 3769 764 3853 pignora,
791 3789 834 3833 ex
859 3789 998 3854 quorum
1021 3771 1143 3854 praetio
1168 3771 1221 3854 pio
1237 3767 1308 3834 loco
1334 3769 1503 3842 satisfieret,

176 3907 180 3916 ·
200 3878 369 3942 residuum
383 3877 582 3942 debitoribus
596 3877 837 3942 concederetur.
881 3877 1174 3950 Quemadmodum
1190 3897 1265 3942 vero
1280 3879 1380 3943 laude
1397 3875 1506 3962 dignis
1576 3861 1577 3906 t

201 3987 275 4050 simi
292 3999 370 4051 sunt
396 3987 692 4052 hornm'Montium
718 3989 925 4068 institutores,
952 3997 1051 4072 etque
1065 3988 1227 4069 custodes,
1254 3989 1383 4072 quoties
1398 3989 1505 4057 debito

175 4081 179 4089 ’
200 4113 252 4159 res
268 4083 401 4160 unllam
419 4093 519 4158 aliam
535 4095 740 4175 contrahunt,
757 4111 859 4177 quam
875 4093 1093 4159 restituendae
1104 4094 1198 4160 sortis
1212 4094 1452 4179 obligationem,
1468 4095 1504 4156 in

202 4205 312 4273 statim
328 4215 360 4264 et
375 4203 445 4264 sinc
460 4199 645 4266 discrimine
660 4201 842 4266 damnandi
857 4213 958 4282 erunt,
986 4201 1096 4286 quiea
1111 4202 1183 4286 lege
1198 4204 1231 4267 iu
1247 4203 1408 4269 creditum
1423 4204 1458 4267 iri
1471 4199 1506 4264 ab
1575 4269 1576 4276 ,

201 4309 437 4393 indigentitbus
463 4307 644 4390 voluerunt,
671 4321 707 4373 ut
721 4329 893 4394 quousque
916 4329 982 4376 non
1009 4323 1189 4391 restituent,
1215 4312 1250 4376 iu
1272 4330 1388 4396 anuos,
1415 4311 1504 4374 velin
1569 4277 1576 4370 l

202 4437 331 4484 menses
358 4417 507 4501 singulos
523 4416 649 4502 aliquid
673 4417 759 4482 ultra
773 4433 891 4485 sortem
919 4421 1070 4502 tribuent,
1096 4422 1159 4485 nisi
1175 4421 1258 4487 nihil
1273 4435 1366 4501 esset,
1395 4433 1450 4486 aut
1469 4421 1507 4481 in
1559 4428 1568 4459 ι

1572 4769 1575 4951 l
