3146 4980
326 439 373 486 nt:
390 439 555 485 CONJUGH
571 437 661 484 ΜΤΕ
677 437 884 484 catenum
902 436 1135 484 affluemus.
1313 414 1376 482 313

94 561 281 647 elligendum
295 573 353 644 est,
377 575 414 630 ut
428 571 575 626 teneatur
590 562 724 626 mantus
750 563 783 625 in
799 560 832 628 id
848 571 986 640 tantam,
1012 559 1157 654 quodlex
1171 557 1245 622 dote
1260 559 1376 644 redigi·

95 683 140 748 tur,
152 669 205 735 sed
218 689 260 734 ue
273 671 319 734 ita
343 681 496 754 gravetur
508 669 690 752 impendiis,
707 679 743 733 ut
758 668 850 732 nulla
865 669 907 731 sit
920 668 1054 732 omnino
1069 665 1148 730 ratio
1161 667 1241 730 inter
1256 664 1373 747 dotem,

93 780 273 863 feminaeque
297 781 524 860 conditionem,
550 791 691 862 atquae
718 778 796 846 sorte
821 776 949 860 abipsa
973 776 1177 859 postulantur
1198 776 1373 860 impendia;

93 889 344 972 quemodeetiam
368 889 516 956 insimili
541 889 773 972 propemodum
800 887 905 970 specie
920 887 1108 970 intelligitur
1129 877 1374 965 Iurisconsultus

92 999 146 1062 inl
162 1000 206 1064 1⁰.
221 1003 243 1068 l.
258 999 290 1064 2
305 999 337 1064 ff.
353 999 394 1064 de
407 999 504 1080 elim,
530 1009 562 1062 et
576 999 672 1062 cibat.
688 998 793 1082 legat,
819 997 875 1060 ubi
890 1017 947 1080 pro
962 997 1058 1060 modo
1073 997 1198 1081 legatae
1220 997 1302 1088 dotis
1317 998 1376 1060 ali·
1421 1053 1425 1062 ,

91 1117 181 1170 manta
194 1105 279 1172 filiae
294 1112 418 1190 epatre
444 1105 552 1188 legata
566 1105 730 1186 debentur,
758 1117 823 1168 non
839 1115 948 1168 tamen
963 1104 1053 1183 adeo,
1077 1115 1112 1168 ut
1127 1103 1210 1166 dotis
1225 1104 1375 1187 designa·
1458 1185 1463 1192 ι

90 1223 129 1276 tae
142 1213 278 1280 redditus
304 1214 338 1278 in
352 1213 505 1278 alimenta
531 1222 743 1290 convertatur,
772 1210 830 1274 sed
846 1221 880 1274 ut
896 1211 1067 1272 crescentis
1093 1211 1206 1272 aetatis
1223 1211 1301 1272 ratio
1316 1210 1374 1272 ba·

89 1318 191 1384 beatur.
232 1321 335 1386 Juxta
349 1340 396 1403 ea,
422 1339 507 1404 quae
521 1321 692 1402 hucusque
719 1319 835 1386 tradita
849 1331 935 1398 sunt,
961 1319 1055 1383 facile
1070 1329 1118 1382 est
1144 1319 1310 1401 deducere,
1327 1322 1372 1385 vi·

88 1449 147 1494 rum
159 1429 200 1494 ad
214 1430 360 1512 inopiam
383 1429 550 1494 redactum
564 1436 584 1496 a
600 1429 757 1513 locuplete
785 1409 884 1492 uxore
899 1427 1056 1490 alendum
1081 1427 1179 1490 etiam
1193 1447 1274 1509 esse3
1292 1427 1373 1490 nihil

85 1540 157 1604 enim
169 1540 336 1604 honestius
350 1551 408 1620 eat,
433 1559 532 1624 quam
548 1537 778 1622 aequalitatem
803 1537 981 1602 officiorum
1007 1538 1219 1618 intervisam,
1245 1548 1277 1602 et
1294 1557 1375 1602 uxo·

84 1667 140 1714 rem
152 1650 280 1730 servari,
296 1649 378 1716 Nov.
405 1650 434 1712 2.
450 1669 519 1733 cap.
537 1650 603 1730 ult,
629 1648 815 1732 praesertim
829 1667 906 1712 cnm
922 1647 981 1710 viri
997 1644 1187 1710 mendicitas
1206 1665 1273 1710 non
1288 1647 1373 1710 velle

84 1761 166 1828 etiam
179 1763 274 1826 uxori
288 1760 429 1828 dedecus
444 1759 590 1840 adferret,
605 1769 796 1843 argumento
812 1757 892 1842 legis
910 1776 972 1838 an,
988 1768 1018 1819 et
1031 1757 1175 1820 authent.
1188 1766 1372 1842 praeterea,

84 1867 141 1932 cod
164 1888 227 1950 nm,
243 1868 285 1934 de
311 1869 367 1950 vir,
394 1879 426 1934 et
446 1887 537 1950 uxor,
561 1869 582 1932 l.
606 1869 657 1932 22.
676 1871 697 1936 l.
723 1870 753 1932 7.
769 1888 850 1932 vers.
884 1867 979 1942 Quia
1003 1868 1099 1947 enim,
1126 1867 1158 1932 ff.
1175 1867 1280 1931 soluto
1305 1887 1373 1931 ma·

85 1974 225 2040 trimonio.

116 2086 270 2170 separe
285 2087 329 2152 ad
354 2087 470 2154 liberos
495 2109 538 2152 ex
552 2087 757 2152 matrimonio
782 2097 949 2170 susceptos
963 2088 1083 2170 habito,
1109 2087 1266 2152 Romanis
1281 2087 1373 2152 mori-

85 2192 135 2259 bus
147 2207 307 2282 receptum
321 2209 376 2278 est,
397 2207 432 2262 ut
448 2195 493 2262 illi
508 2198 541 2262 in
556 2198 664 2282 patris,
692 2215 757 2260 non
773 2199 807 2262 in
821 2199 932 2262 matris
950 2199 1013 2264 sint
1029 2209 1192 2282 potestate,
1219 2198 1306 2282 quod
1322 2219 1374 2262 sa-

86 2317 326 2370 ueexveterunn
350 2303 531 2372 Stoicorum
547 2307 750 2390 philosophia
775 2305 955 2372 derivatum
971 2329 1041 2372 esse
1067 2309 1288 2393 intelligimus,
1311 2295 1372 2376 tra·

88 2405 223 2491 dentium,
247 2409 335 2476 setas
349 2412 512 2478 humanos
537 2419 661 2496 epatre
676 2413 901 2495 substantiam,
928 2421 948 2480 a
964 2425 1066 2480 matre
1091 2417 1288 2482 moratnenta
1303 2431 1372 2482 tan-

87 2529 143 2586 turn
156 2523 305 2608 accipere.
348 2523 423 2588 Non
439 2543 580 2590 memoro
603 2525 664 2588 boc
679 2525 713 2590 in
729 2525 799 2590 loeo
826 2526 939 2590 civiles
954 2529 1075 2610 patriae
1100 2533 1265 2612 potestatis
1280 2533 1372 2596 ellec-

86 2635 417 2721 tus,quipetissimum
440 2637 475 2702 in
497 2637 698 2720 adquirendo
724 2656 830 2702 rerum
845 2637 988 2704 dominio
1013 2641 1095 2722 patri
1118 2659 1174 2722 per
1195 2640 1299 2704 filiunt
1318 2643 1371 2706 siti
1421 2695 1424 2700 .

86 2755 157 2826 tuat
171 2747 259 2814 vana
284 2747 373 2816 euim
393 2747 581 2815 discrimina
605 2745 781 2830 profectitii,
798 2747 976 2830 adventitii,
1001 2751 1181 2831 castrensis,
1197 2751 1250 2814 vel
1275 2752 1371 2834 quasi

85 2853 240 2918 castrensia
263 2854 382 2940 peculii
406 2855 568 2939 explicaro
592 2855 635 2920 ad
659 2855 764 2920 civilis
780 2858 845 2940 poti
872 2857 989 2942 usjuris
1011 2858 1202 2942 Interpretes
1224 2863 1368 2944 pertinet.
1462 2889 1471 2907 ·

85 2959 217 3032 'lantum
229 2967 347 3049 dinam,
361 2969 544 3035 naturalem
569 2969 798 3053 obligationem
813 2971 999 3054 parentibus
1023 2973 1129 3038 inesse
1147 2973 1228 3037 filios
1250 2973 1368 3054 alendi,

84 3087 109 3138 et
120 3073 281 3160 diruant,
306 3097 379 3144 cau.
394 3077 423 3144 7.
438 3079 510 3143 dist
529 3081 566 3159 1.,
593 3079 655 3144 hoc
669 3063 855 3163 regulariter
870 3081 952 3144 inter
967 3095 1096 3165 patrem,
1123 3093 1155 3147 et
1170 3095 1306 3148 matrem
1321 3085 1370 3148 in-

85 3181 246 3250 tercedente
260 3185 454 3268 discrimine,
468 3187 555 3271 quod
573 3189 683 3252 matris
698 3189 842 3256 officium
856 3191 897 3254 sit
911 3191 995 3256 alere
1011 3193 1167 3275 usquead
1183 3195 1366 3276 triennium,
1448 3249 1452 3255 .

83 3289 218 3362 nimirum
233 3294 345 3362 adhuc
359 3295 532 3362 lactentem
547 3299 677 3382 prolem,
693 3299 825 3364 trimum
841 3319 916 3364 vero
931 3321 1066 3384 puerum
1082 3303 1167 3366 alere
1185 3305 1299 3368 debeat
1314 3325 1371 3389 pe-

83 3409 127 3482 ter,
140 3403 199 3470 ld.
216 3407 257 3485 5.,
282 3415 315 3470 et
330 3405 451 3490 passim
464 3407 498 3472 ff.
513 3407 555 3471 de
577 3425 706 3506 agnose.
733 3409 785 3472 vel
801 3409 906 3473 alend.
922 3409 1020 3493 liber,
1043 3413 1062 3476 l.
1079 3415 1107 3477 9.
1123 3414 1193 3478 cod.
1209 3416 1249 3478 de
1264 3419 1369 3499 patria

83 3521 187 3594 potest,
197 3515 314 3600 juncta
330 3517 349 3580 l.
367 3517 416 3582 11.
431 3517 500 3580 cod.
516 3517 562 3600 de
571 3527 676 3602 negot.
694 3529 781 3600 gest,
808 3531 906 3603 atque
920 3521 954 3586 id
968 3541 1081 3586 verum
1097 3535 1153 3603 est,
1170 3526 1238 3588 sire
1252 3537 1369 3609 agatur

82 3613 114 3680 de
125 3617 227 3686 bberis
252 3623 294 3696 in
302 3633 457 3707 potestate
471 3626 608 3707 mantis,
634 3629 704 3690 sive
719 3631 939 3714 emancipatis,
965 3651 1041 3696 cum
1057 3633 1104 3714 iis,
1119 3653 1203 3718 quae
1217 3655 1259 3700 ex
1274 3651 1368 3702 natit-

82 3733 127 3798 uti
137 3738 205 3820 jare
218 3736 475 3821 proficiscuntur,
502 3741 583 3804 nibil
598 3743 853 3826 emancipatione
880 3745 1075 3812 detrahatur.
1119 3750 1217 3820 Quae
1235 3771 1307 3816 vero
1322 3763 1367 3816 at-

83 3843 197 3928 tigimus
210 3849 294 3914 irater
308 3859 439 3933 patrem,
460 3861 494 3914 et
508 3863 644 3916 matrem
671 3851 864 3934 discrimina,
892 3856 1070 3938 regularem
1084 3860 1250 3924 continent
1275 3861 1368 3925 disci-

84 3954 199 4035 plinam.
241 3959 371 4026 Nam'si
386 3983 428 4028 ex
443 3983 488 4046 gr.
515 3975 605 4048 pater
618 3965 710 4049 inops
734 3967 783 4046 sit,
809 3977 913 4030 mater
930 3967 1079 4051 locuples,
1096 3971 1187 4034 nulla
1209 3973 1367 4036 dubitatio

85 4075 130 4144 est,
143 4069 217 4150 quin
231 4071 337 4136 officio
362 4071 487 4138 Judiais
502 4086 606 4139 mater
631 4075 663 4140 in
679 4077 860 4142 subsidium
881 4077 985 4144 filium
998 4081 1085 4143 alere
1102 4083 1252 4164 tenealur,
1279 4083 1367 4147 dicta

87 4167 137 4237 ¹·5·
151 4179 170 4246 l·
193 4179 223 4244 2.
237 4180 270 4245 ff.
285 4179 328 4246 de
353 4181 440 4246 liber.
466 4203 601 4276 agnose,
640 4187 738 4256 Quae
753 4207 871 4252 causae
898 4203 1044 4272 parentes
1070 4192 1214 4257 alibetis
1240 4194 1366 4258 alendis

87 4296 229 4370 meinent,
255 4291 344 4373 apud
370 4293 590 4375 Pragmatiros
615 4293 687 4358 fuso
702 4297 775 4361 stilo
801 4299 1012 4381 explicantur.
1057 4303 1108 4366 Ad
1124 4321 1287 4366 canonum
1303 4305 1365 4368 dis-

88 4391 218 4475 ctptinam
234 4403 376 4484 pertinet,
402 4405 489 4488 qnod
505 4405 569 4471 dici
594 4407 674 4471 solet
689 4409 728 4474 de
754 4411 856 4494 patria
883 4423 1044 4496 potcstate3
1070 4415 1222 4478 nimirum
1240 4427 1365 4484 tantam

89 4516 147 4568 mm
160 4505 273 4592 haberi,
291 4521 326 4578 ut
340 4531 436 4578 nemo
450 4515 582 4599 possita
599 4519 785 4601 parentibus
800 4540 864 4584 non
882 4521 1211 4673 (ὦὴιῆεῑὶῗΙιιΙῙε-ῐέὶνίῐίε
1226 4527 1365 4594 infames

921 4626 977 4672 on.
1053 4647 1061 4673 t
