3210 4990
207 411 250 478 92
419 421 423 431 “
523 397 764 478 aissen'rlrro
786 409 961 491 saccum,
986 429 1134 475 anasse.
1157 405 1183 474 1.

207 563 244 618 ut
258 573 394 638 sponsae
408 556 676 636 commisceretuq
693 554 813 618 etenim
836 553 919 618 haec
942 552 1088 636 exceptio
1113 551 1147 616 in
1158 549 1280 635 Judicio
1306 547 1511 614 admittenda
1596 569 1597 642 f

207 681 274 726 non
288 675 379 744 esset,
396 676 552 746 tanquam
568 665 660 728 bonis
685 664 827 727 moribus
852 663 984 725 omnino
1006 677 1200 744 repugnans.
1244 659 1335 723 Haec
1361 658 1512 722 observa-

208 772 251 836 tio
266 791 331 836 non
342 773 448 838 solum
463 773 551 838 utilis
566 783 615 836 est
629 773 671 836 ad
686 781 770 834 recte
785 768 1026 854 percipiendam
1052 764 1272 830 Decretalium
1293 763 1512 846 disciplinam,
1596 847 1597 854 ἵ

205 903 319 948 verum
334 885 432 950 etiarn
447 883 662 950 in'nonnullis
684 883 857 966 provinciis
884 879 994 943 adhuc
1020 877 1202 942 necessaria
1225 885 1281 955 est,
1307 874 1513 938 nimirumin
1596 961 1597 978 ἵ

206 989 254 1070 iis,
270 992 304 1054 in
318 993 436 1074 quibus
451 991 645 1056 Tridentino
659 991 783 1054 sanctio
808 989 849 1052 de
871 987 1082 1052 clandestinis
1107 984 1266 1068 conjugiis
1289 983 1419 1046 irritatis
1443 1001 1513 1046 non

205 1107 255 1160 est
279 1100 492 1182 promulgata,
514 1109 547 1161 et
571 1099 747 1182 inquibus
771 1096 881 1162 adhuc
905 1097 993 1180 viget
1017 1113 1191 1160 commune
1200 1097 1256 1178 Jus
1281 1093 1512 1158 Decretaliurn.

207 1205 308 1274 Quod
336 1207 364 1270 si
393 1207 435 1270 ad
464 1206 647 1270 sanctiones
677 1205 888 1270 Tridentinae
916 1205 998 1268 haec
1023 1203 1214 1287 disceptatio
1229 1204 1379 1284 exigatur
1393 1202 1515 1286 quibus
1596 1213 1597 1254 1

207 1314 376 1380 salubriter
403 1326 538 1381 cautum
567 1325 624 1397 est,
653 1329 691 1379 ut
714 1315 866 1398 conjugia
894 1314 1027 1378 minime
1056 1313 1195 1393 valeant,
1212 1313 1238 1376 si
1255 1323 1421 1396 praesente
1447 1311 1512 1376 Pa·

205 1420 317 1504 rocho,
350 1433 382 1484 et
418 1423 553 1487 testibus
578 1443 646 1487 non
677 1424 741 1486 sint
773 1423 950 1503 celebrata,
980 1441 1058 1486 sess.
1092 1423 1143 1487 25.
1180 1441 1256 1506 cap.
1296 1423 1323 1485 1.
1360 1421 1400 1486 de
1436 1421 1510 1486 uel.

206 1527 349 1590 matrim.
357 1574 366 1607 ,
403 1547 483 1592 sane
518 1529 782 1596 concludendum
825 1531 899 1611 erit,
941 1541 1015 1613 post
1050 1529 1284 1595 Tridentinum
1326 1531 1511 1594 Concilium
1596 1515 1597 1606 l

207 1629 242 1694 in
270 1629 309 1693 iis
338 1631 423 1712 locis,
453 1635 488 1698 in
517 1636 635 1716 quibus
665 1636 831 1702 decretum
856 1636 937 1700 illud
959 1636 1200 1720 promulgatum
1229 1645 1286 1718 est,
1312 1655 1351 1700 aa
1377 1655 1512 1719 sponsa·

206 1739 252 1804 lia
286 1759 469 1823 numquam
503 1744 699 1810 matrimonii
729 1747 802 1830 jure
837 1745 970 1825 censeri,
1003 1761 1174 1826 quousque
1208 1761 1318 1806 coram
1345 1741 1510 1822 Parocho,
1596 1765 1597 1802 l

205 1855 238 1908 et
252 1847 387 1910 testibus
403 1849 512 1930 sponsi
527 1867 724 1915 consensum
738 1858 836 1918 suum
852 1853 893 1915 de
918 1853 1124 1916 matrimonio
1148 1851 1189 1913 de
1211 1851 1372 1934 praesenti
1387 1860 1513 1915 contra·
1596 1875 1597 1942 ᾗ

205 1951 314 2018 hendo
328 1971 394 2018 non
416 1955 585 2038 explicent.
628 1957 722 2037 Sunt,
747 1958 806 2040 qui
830 1957 940 2022 adhuc
963 1965 1088 2042 putant,
1111 1966 1189 2020 tunc
1214 1967 1418 2022 contractum
1443 1975 1514 2022 ma·
1596 1965 1597 1968 ’

205 2063 392 2130 trimonium
406 2065 470 2129 dici
485 2085 586 2148 posse,
608 2069 742 2150 quando
766 2080 799 2132 et
824 2069 998 2149 Parochus,
1024 2080 1056 2132 et
1076 2077 1174 2131 testes
1188 2079 1372 2150 praesentes
1386 2068 1420 2132 in
1434 2085 1512 2132 con·
1596 2103 1597 2150 3

205 2184 310 2238 tractu
335 2175 535 2257 sponsalium
564 2175 691 2240 fuerint.
735 2178 856 2242 Verum
880 2175 914 2242 id
940 2197 1011 2242 esse
1032 2177 1161 2242 videtur
1183 2189 1295 2242 contra
1320 2195 1512 2261 expressum
1596 2185 1597 2232 l

205 2281 391 2348 Tridentini
406 2277 553 2349 ¹Concilii
578 2285 751 2366 decretum,
776 2303 842 2369 quo
867 2285 908 2350 de
934 2287 1115 2369 praesentia
1141 2286 1287 2367 Parocbi,
1312 2295 1344 2350 et
1369 2285 1512 2366 testium,

206 2387 287 2454 dum
311 2391 553 2456 matrimonium
577 2393 826 2473 contraheretur,
852 2401 1012 2458 statutum
1026 2393 1142 2456 suited
1164 2391 1315 2478 majorem
1332 2391 1513 2476 reigraris-
1596 2399 1597 2460 J

204 2499 308 2564 simae
319 2511 428 2584 gestae
442 2501 689 2584 solemnitatem
713 2503 879 2566 Parochus
904 2513 1023 2582 autem,
1050 2512 1082 2565 et
1108 2512 1205 2566 testes
1220 2503 1254 2566 in
1269 2502 1429 2585 proposito
1443 2519 1512 2564 non
1596 2495 1597 2536 ἶ

206 2605 248 2672 de
262 2607 419 2672 celebrato
433 2609 645 2690 matrimonio,
673 2609 729 2673 sed
757 2620 884 2674 tantum
907 2607 949 2672 de
964 2608 1131 2674 'celebratis
1146 2609 1354 2692 sponsalibus
1366 2609 1511 2674 testimo·

206 2714 299 2778 nium
315 2713 393 2780 serre
408 2713 523 2798 posset,
539 2715 627 2798 quod
653 2717 732 2782 satis
745 2735 817 2780 esse
839 2716 1038 2782 celebrandis
1063 2717 1121 2782 rite
1147 2717 1305 2802 conjugiis
1329 2716 1427 2782 hodie
1441 2735 1509 2782 non
1596 2709 1597 2786 ζ

205 2823 342 2888 videtur.
385 2825 471 2890 Sunt
486 2837 655 2909 praeterea,
671 2827 726 2909 qui
739 2837 862 2910 putent,
874 2825 984 2892 adhuc
995 2825 1203 2909 disciplinam
1225 2826 1445 2890 Decretalium
1460 2827 1509 2890 vi·

207 2951 279 3020 gere
295 2934 328 2996 in
345 2953 385 2996 ea
410 2935 524 3018 specie,
550 2955 616 3017 qua
640 2937 826 3020 conjugium
841 2953 951 3000 coram
976 2937 1131 3016 Parocho,
1157 2950 1188 2999 et
1213 2937 1347 3000 testibus
1370 2935 1512 3000 celebra·
1596 2941 1597 3028 l

206 3059 277 3112 tum
291 3057 375 3111 esset
389 3048 431 3110 ab
445 3047 666 3130 irnpuperibns
680 3047 828 3112 nondum
839 3047 1030 3111 celebrando
1040 3047 1189 3130 conjugia
1201 3047 1334 3128 idoneis,
1351 3049 1406 3130 qui
1420 3046 1515 3112 dein·
1596 3033 1597 3112 l

208 3155 250 3220 de
266 3165 337 3240 post
351 3158 552 3240 pubertatem
578 3155 729 3238 copulam
755 3157 933 3220 habuerint
977 3157 1098 3220 Verum
1113 3167 1145 3222 et
1158 3157 1231 3220 heic
1246 3159 1362 3220 iterum
1376 3157 1516 3232 circum·

205 3268 335 3332 venitur
363 3283 456 3330 mens
484 3265 620 3328 Petrum
648 3263 923 3343 Tridentinorum,
951 3266 1009 3346 qui
1037 3265 1118 3330 dum
1144 3275 1334 3344 statuerunt,
1362 3266 1513 3348 conjugio

206 3377 424 3443 contrahendo
440 3377 607 3456 Parocum,
623 3385 655 3438 et
669 3384 765 3438 testes
781 3385 963 3456 praesentes
978 3393 1048 3438 esse
1063 3386 1235 3458 opportere,
1252 3375 1293 3438 de
1308 3395 1346 3439 eo
1359 3375 1511 3458 conjugio
1596 3381 1597 3462 i

206 3482 305 3546 locuti
321 3493 405 3562 snnt,
421 3484 509 3566 quod
524 3485 697 3546 subsistere
711 3492 825 3564 posset,
842 3501 908 3546 non
922 3484 1009 3564 quod
1025 3483 1203 3549 irritamen
1217 3483 1345 3550 defectu
1361 3502 1512 3568 persona·

206 3611 279 3655 rum
294 3591 462 3674 diceretur,
487 3593 549 3656 nisi
565 3591 644 3656 forte
660 3601 808 3672 ugeretur
821 3590 864 3652 de
878 3591 1107 3673 impuberibus,
1123 3593 1179 3674 qui
1195 3593 1388 3673 Parochum‚
1403 3603 1436 3656 et
1449 3604 1513 3658 tes·
1596 3605 1597 3652 t

207 3709 255 3762 tes
269 3700 477 3783 decepissent,
503 3700 616 3763 velex
639 3699 753 3762 aetatis
768 3717 847 3762 suae
872 3700 1052 3781 ignorantia
1074 3703 1213 3785 puberes
1225 3723 1260 3766 se
1288 3702 1508 3784 credidissent,

206 3814 239 3868 et
253 3815 409 3887 tanquam
434 3807 570 3889 puberes
585 3807 619 3870 in
634 3819 808 3889 conspectu
833 3808 1000 3874 Ecclesiae
1016 3811 1236 3893 accessissent;
1264 3811 1306 3874 ad
1321 3817 1405 3876 hanc
1419 3813 1510 3880 enim
1596 3873 1597 3876 ,

206 3914 308 3978 veluti
322 3925 414 3981 extra
436 3913 581 3978 ordinem
595 3917 835 3998 contingentem
858 3919 998 4000 speciem
1024 3930 1154 3980 nonest
1179 3917 1369 3998 verosimile,
1396 3919 1510 3983 Patres

207 4023 418 4088 Tridentinos
432 4023 598 4086 intendere
623 4025 771 4105 voluisse,
798 4025 1020 4107 eamdemque·
1038 4025 1165 4088 decreto
1187 4043 1247 4088 suo
1262 4023 1513 4106 comprehende·

206 4143 261 4213 ret,
278 4133 512 4218 eticonjugium
525 4132 607 4196 illud
622 4135 839 4217 subsequente
854 4135 971 4216 copula
985 4134 1214 4198 confirmatum
1229 4135 1353 4201 irritum
1368 4137 1512 4200 declam·

206 4263 249 4308 rs.
293 4241 464 4306 Caeterum
479 4261 539 4324 ego
554 4259 619 4305 non
634 4243 745 4307 dubito
768 4245 802 4305 in
817 4243 979 4325 proposita
992 4241 1189 4323 quaestione,
1216 4241 1304 4322 quin,
1330 4242 1358 4305 si
1372 4253 1444 4324 post
1457 4261 1510 4305 ce·
1596 4281 1597 4284 =

206 4351 329 4414 lebrata
344 4353 639 4436 sponsaliapopula
650 4355 874 4435 subsequatur,
889 4353 987 4416 etiam
1001 4363 1073 4434 post
1088 4350 1321 4436 Tridentinurn
1335 4355 1512 4438 decretum,

204 4470 239 4526 ot
252 4463 287 4526 in
301 4463 344 4526 iis
356 4463 443 4543 locis,
467 4463 505 4530 in
520 4463 638 4546 quibus
653 4461 848 4528 Tridentino
856 4461 1047 4531 constitutio
1061 4459 1267 4547 promulgata
1281 4470 1337 4548 est,
1363 4481 1402 4526 ac
1416 4461 1516 4546 viget,
