3168 4982
305 442 401 497 auus
425 437 583 492 vrrtccu‘u
607 437 839 490 voru'rtriara
862 435 1045 488 consociis
1069 437 1210 488 onsrur.
1337 415 1401 488 227

18 591 19 596 ¹
109 583 135 634 tc
146 573 392 651 matrimonium,
408 583 438 633 et
448 579 557 633 contra
573 569 760 650 contingere
779 569 811 629 iu
827 567 890 628 alio
917 579 1060 628 votorum
1078 585 1201 647 gauere.
1225 563 1401 628 Scholasti-

18 669 20 678 '
106 683 138 755 ci,
153 683 205 762 qui
220 692 311 743 eraut
322 680 515 743 Gratianaae
527 679 691 741 doetrinae
709 675 803 738 valdo
815 675 958 752 studiosi,
973 685 1093 736 retento
1105 677 1234 736 nornine
1248 677 1310 737 voti
1323 679 1401 739 sirn-

103 796 194 878 ,plicis
208 801 227 858 a
243 795 406 869 Gratiano,
423 793 554 854 invento
569 790 611 852 ad
634 787 884 870 significandam
911 787 1050 868 priorum
1077 799 1225 848 votorum
1252 788 1399 868 speciem,

106 917 135 964 ut
149 905 331 981 breviorem,
346 915 378 964 et
392 899 532 966 Scholae
548 897 827 961 accommodatam
852 897 995 979 phrasim
1011 893 1209 975 adhiberem,
1237 909 1310 959 voto
1326 901 1400 963 sim·

102 1012 168 1093 plici
183 1025 359 1094 opposuere
374 1011 524 1086 solemne,
541 1027 606 1090 quo
622 1007 826 1090 posteriorem
851 1015 1000 1068 sotorum
1025 1009 1166 1086 speciem
1183 1005 1398 1086 designarent,

99 1135 269 1186 statuentes
299 1120 383 1198 inde,
414 1137 478 1182 non
505 1116 651 1198 simplici,
682 1113 738 1177 sed
754 1112 891 1176 solemni
916 1113 1136 1175 continentiae
1159 1123 1233 1173 voto
1248 1113 1400 1194 conjugia

101 1225 207 1305 dirimi,
222 1227 311 1309 quod
341 1221 627 1289 Caelestinus'lll.
658 1221 886 1304 comprobavit,
912 1239 982 1302 cap.
1011 1217 1041 1282 6.
1057 1219 1113 1301 qui
1143 1221 1226 1283 Gler.
1244 1222 1292 1282 vel
1326 1239 1398 1282 vor.

101 1331 168 1395 Post
183 1333 270 1420 lianc
298 1331 456 1414 receptam
486 1331 706 1394 distintionern
723 1349 787 1394 noa
813 1331 920 1394 omnis
944 1329 1118 1412 disputatio
1148 1329 1240 1393 finita
1257 1325 1326 1409 fuit,
1343 1332 1399 1394 im·-

98 1456 145 1500 mn
173 1438 297 1522 duplex
328 1439 462 1500 redditas
492 1440 633 1521 primum
668 1441 755 1502 enim
785 1441 820 1502 in
856 1439 1091 1502 dubitationem
1122 1441 1232 1502 venire
1270 1457 1398 1522 poterat,

95 1563 255 1623 quaenam
291 1544 461 1626 simplicia,
499 1565 664 1628 quaenam
690 1548 847 1610 solemnia
884 1561 960 1610 vota
990 1545 1145 1628 appellari
1175 1563 1312 1630 possent,
1344 1565 1401 1614 aut

18 1707 19 1744 ἒ
97 1653 252 1716 deberent:
269 1654 387 1717 deinde
412 1656 642 1739 investiganda
657 1667 726 1719 erat
751 1675 860 1734 causa,
874 1673 976 1736 quiue
1004 1657 1090 1738 quod
1108 1659 1251 1721 solemne
1274 1659 1400 1724 diceba·

99 1774 149 1838 tur,
166 1766 411 1827 matrimonium
438 1765 608 1846 dirrrueet,
636 1785 700 1828 non
717 1769 770 1844 ita,
798 1764 886 1846 quod
913 1765 1053 1846 simplex
1078 1779 1190 1828 votum
1218 1763 1401 1851 appellaba-

99 1883 149 1934 tur.
193 1873 286 1936 Prior
300 1875 450 1954 quaestio
462 1875 702 1956 quodammodo
722 1877 791 1958 jam
818 1873 952 1936 definito
981 1869 1086 1935 lucrat
1112 1880 1131 1940 a
1162 1875 1316 1936 Gratiano
1331 1887 1403 1956 post

97 1983 260 2046 Cononem
275 1985 304 2048 8.
321 1984 392 2047 dist.
408 1984 469 2062 at,
486 1984 619 2065 quamdo
635 1983 772 2058 tradidit,
790 1983 897 2046 dirimi
924 1983 1131 2045 matrimoniu
1147 2004 1175 2060 u,
1193 1985 1219 2046 si
1236 1995 1310 2045 voto
1325 2003 1400 2046 cou-

18 2075 19 2082 ἶ
96 2090 243 2153 tinentiae
259 2094 310 2156 cel
324 2091 514 2174 barrensium
525 2092 784 2169 consecrationis,
802 2091 852 2153 vel
873 2092 1085 2174 propositum
1101 2091 1276 2172 religionis
1298 2111 1401 2156 accos·

95 2197 193 2277 sisset,
209 2197 300 2260 rande
317 2195 504 2282 hujusmodi
520 2211 631 2262 votum
659 2199 802 2260 solemne
817 2196 881 2260 dni
908 2207 1040 2281 poterat,
1057 2213 1182 2262 caetera
1198 2213 1306 2262 autern
1324 2203 1399 2264 sim-

95 2309 193 2385 pircia,
232 2327 318 2388 quae
344 2307 550 2370 matrimonia
576 2327 641 2370 non
668 2309 862 2386 dirimerent,
888 2329 957 2390 cap.
986 2309 1016 2372 3.
1043 2311 1098 2390 qui
1126 2311 1206 2373 Olor.
1237 2311 1285 2372 voi
1315 2331 1398 2382 nov..

95 2415 210 2479 lerum
238 2418 406 2498 perspicua
423 2435 488 2479 non
514 2425 582 2478 erat
608 2395 696 2498 apud
723 2417 941 2480 scholasticos
967 2417 1123 2498 definitio,
1144 2419 1231 2499 quod
1248 2421 1335 2481 cuim
1359 2422 1399 2482 de

18 2569 19 2598 r
94 2523 246 2587 beneficio
261 2524 511 2586 consecrationis
532 2521 706 2602 dicebatur,
735 2543 800 2587 uon
827 2523 1005 2604 videbatur,
1033 2545 1104 2586 esse
1129 2539 1252 2589 certum
1281 2547 1401 2609 respec-

18 2635 19 2648 ³
93 2647 122 2697 tn
138 2637 370 2714 Diaconorum,
392 2653 471 2696 eone
497 2634 608 2697 miuus
632 2633 916 2698 Subdiaronnrum
943 2635 975 2696 in
1003 2647 1176 2716 conspectu
1204 2635 1399 2696 Gratiaueae

18 2725 20 2760 l
92 2745 233 2828 ejusdem
249 2745 413 2806 doctrinae
438 2743 471 2807 iu
486 2761 558 2808 can·
577 2747 604 2806 1.
633 2743 705 2805 dist.
722 2744 782 2822 27,
806 2743 929 2826 junctis
945 2743 990 2822 iis,
1019 2762 1102 2823 quae
1129 2743 1304 2806 Gratianus
1331 2746 1398 2827 ipse

93 2854 129 2916 ad
165 2873 260 2932 eum,
298 2872 456 2916 canonem
492 2851 676 2934 adnotavit5
716 2851 792 2914 itam
829 2850 917 2933 quod
954 2851 1122 2914 dicebatur
1158 2855 1197 2914 de
1233 2856 1396 2936 proposito

18 2969 19 2980 ¹
91 2960 260 3042 religionis,
276 2959 386 3022 adlruc
401 2959 615 3022 dificultatem
643 2959 746 3022 lacera
762 2971 893 3043 poterat,
922 2979 1000 3022 rrum
1017 2961 1148 3023 rrorrriue
1163 2963 1314 3045 propositi
1330 2967 1399 3028 reli-

18 3087 19 3158 ,
92 3071 194 3150 giours
212 3070 441 3152 intelligeretur
455 3083 529 3135 actu
545 3069 652 3133 elicita
679 3069 826 3151 religiosa
852 3067 1015 3151 professio,
1042 3089 1121 3133 num
1148 3073 1253 3136 solum
1269 3087 1299 3134 et
1323 3076 1398 3137 eiur-

91 3181 162 3260 pler
180 3181 381 3265 propositum
396 3180 576 3262 religiosam
593 3181 694 3242 vitam
720 3191 806 3241 certo
830 3191 971 3260 tempore
987 3179 1129 3242 ineundi.
1174 3181 1334 3265 Respectu
1350 3205 1397 3247 or-

18 3343 19 3360 ,
91 3289 204 3356 diuum
221 3299 401 3352 accesserat
427 3288 602 3351 difficultas
618 3305 659 3350 ex
686 3307 732 3366 e0,
749 3287 836 3368 qtrod
852 3303 963 3349 recens
978 3287 1242 3352 Subdiacouatus
1257 3291 1334 3351 ordo
1348 3311 1397 3353 sa-

90 3416 216 3461 crorum
242 3415 378 3460 numero
410 3397 520 3460 haberi
550 3398 712 3480 inciperet;
745 3409 890 3479 respectu
921 3396 1089 3478 religiosas
1118 3395 1325 3479 professionis
1355 3423 1398 3468 ex

90 3527 132 3584 eo,
148 3505 239 3590 quod
254 3505 376 3588 duplici
402 3505 499 3568 modo
524 3525 562 3568 ea
578 3506 646 3568 fieri
663 3517 777 3588 posset,
805 3507 854 3568 vel
872 3507 975 3585 tacite,
1003 3507 1052 3568 vel
1068 3527 1227 3590 expresse.
1272 3509 1396 3575 Omnes

18 3625 19 3632 ’
90 3618 184 3702 hans
222 3615 350 3699 gerreris
374 3619 610 3679 controversiae
633 3617 793 3680 deductae
827 3614 958 3678 luerunt
986 3615 1028 3677 ad
1066 3615 1270 3682 Bonifacium
1298 3621 1394 3700 llll,

87 3729 143 3808 qui
158 3727 354 3790 auctoritato
368 3745 428 3788 sua
458 3725 614 3806 delinivit,
645 3738 759 3790 votum
788 3725 932 3789 solemne
961 3726 995 3788 in
1027 3728 1186 3809 proposito
1212 3729 1292 3792 illud
1323 3732 1393 3808 dici,

90 3839 175 3921 prod
188 3837 448 3900 solemnizatum
454 3837 568 3919 suerit
581 3853 641 3919 per
655 3857 739 3902 susci
746 3837 894 3920 ptioncm
908 3839 999 3900 sacri
1018 3837 1159 3902 Ordinis
1174 3839 1279 3924 (cujus
1296 3842 1394 3902 uomi-

91 3961 129 4008 na
144 3947 330 4010 tumetium
346 3946 494 4008 verriebat
510 3945 781 4024 Subdiaconatus,
797 3965 867 4026 cap.
884 3947 913 4008 9.
925 3946 964 4007 de
974 3957 1044 4024 aet,
1060 3963 1087 4008 et
1102 3949 1187 4030 qual.
1202 3937 1312 4031 praef.)
1326 3961 1394 4038 erit,

87 4075 147 4137 per
159 4056 402 4139 professionem
416 4071 616 4138 expressam,
634 4057 684 4118 nel
699 4059 834 4118 tacitum
857 4058 982 4126 luctam
998 4057 1101 4120 olim-i
1116 4059 1156 4121 rla
1178 4061 1396 4140 religionibus

89 4181 147 4242 par
164 4161 285 4224 Sedens
300 4161 525 4244 Apostolicnm
548 4161 749 4244 adprobatis,
777 4181 845 4243 cop.
876 4177 929 4224 un.
946 4162 986 4225 de
1002 4177 1075 4224 voto
1103 4166 1134 4227 iu
1152 4167 1180 4228 6.
1226 4167 1394 4247 ltaqueex

91 4271 257 4337 Bonilrcio
272 4273 361 4336 vill.
378 4274 409 4334 in
426 4273 603 4354 quamdam
620 4275 701 4335 lucis
716 4275 972 4355 perspicuitatem
989 4273 1130 4338 adducta
1146 4275 1206 4339 luit
1221 4278 1392 4342 Gratianea

93 4378 244 4462 doctrino,
259 4401 298 4444 ac
313 4381 513 4444 confirmata:
536 4383 697 4460 nimirum,
713 4401 949 4465 crrp.·scumque
965 4385 1047 4448 sacri
1073 4387 1205 4449 Ordinis
1221 4404 1393 4469 susceptio-

93 4507 168 4556 nem
182 4493 280 4557 etiarn
295 4491 565 4573 subdiaconatus,
581 4491 822 4558 matrimonium
840 4511 965 4576 prorsus
980 4495 1098 4576 obesse,
1116 4495 1392 4578 quomadmodum
