3120 4980
279 461 327 506 aa
344 457 483 518 rrs,aa1
500 451 654 499 cnarsrr
670 447 788 494 ernau
805 429 1229 502 raurrus'avaasaurpa.
1366 409 1410 478 67

128 582 199 648 Eine
208 583 271 668 jure
285 583 407 666 optimo
432 578 606 642 recentiore
621 581 726 636 aetate
753 567 938 632 cavendum
954 563 1025 642 suit,
1045 573 1082 626 ut
1098 561 1153 626 ubi
1167 559 1210 624 ad
1225 557 1411 642 praedicam

129 690 195 752 dum
208 689 360 752 Gentibus
387 685 608 764 Evangelium
625 680 771 744 instituta
797 675 928 740 luerunt
953 671 1099 754 Collegia
1125 665 1332 744 elericorum,
1355 676 1413 730 aut

129 798 354 875 Menaenorum,
369 813 435 858 aon
450 793 542 856 aliter
558 788 720 872 Episcopi,
741 785 791 848 vel
810 777 949 848 Praelati
964 779 1127 862 regulares
1149 775 1355 838 admitterent
1370 771 1411 836 ad

128 906 315 987 evangelicae
331 891 577 985 praedicationis
599 895 741 958 cilicium
757 892 907 968 Clericos,
921 887 976 952 vel
992 885 1180 962 Monachus,
1202 882 1344 966 quamsi
1362 881 1412 946 isti

129 1013 297 1076 Antistitum
314 1029 446 1075 suornm
461 1025 657 1090 expressam,
680 1015 712 1064 ct
727 1001 760 1066 iu
776 999 900 1082 scriptis
916 994 1105 1058 facultatem
1116 990 1327 1068 obtituissent,
1342 1006 1413 1072 cap.

132 1121 172 1184 10.
184 1119 220 1182 de
234 1120 375 1197 iudaeis,
391 1129 557 1196 extr-evag.
583 1114 613 1176 2.
629 1112 670 1173 de
685 1109 821 1192 regular.
849 1107 904 1169 int.
927 1121 1125 1170 cornmuacs.
1169 1101 1244 1164 Nora
1260 1098 1350 1160 alind
1366 1118 1416 1160 sa

72 1299 80 1308 .
129 1227 317 1308 repostulat,
333 1223 555 1315 etpostulavit
580 1240 704 1301 semper
719 1217 864 1299 ingenita
880 1234 973 1278 verae
993 1212 1157 1276 Ecclesiae
1174 1212 1262 1290 ratio,
1285 1229 1370 1291 quae
1385 1220 1416 1272 et

128 1354 183 1398 rina
197 1358 261 1399 esse
277 1337 370 1400 debet
395 1335 517 1398 unitate
534 1330 736 1414 potissimum
764 1325 848 1404 fidei,
876 1337 908 1386 et
922 1322 1099 1406 apostolica
1123 1335 1247 1404 propter
1269 1320 1415 1382 divinam
1506 1360 1518 1382 κ

127 1445 306 1508 missionem.
351 1440 529 1514 Quomodo
543 1439 632 1500 enim
660 1456 727 1498 una
742 1435 823 1498 fides
839 1453 909 1496 esse
926 1443 1040 1514 posset,
1064 1432 1090 1494 si
1107 1431 1291 1511 unicuique,
1310 1433 1416 1512 ignote

128 1555 212 1616 etiam
227 1567 256 1616 et
272 1555 381 1616 minus
397 1550 536 1632 probate,
565 1544 772 1630 praedicandi
791 1541 961 1624 Evangelii
989 1549 1127 1622 potestas
1150 1539 1219 1598 sine
1234 1537 1417 1600 discrimine

129 1659 191 1722 nait
212 1659 385 1733 Quomodo
401 1655 586 1740 Apostolica
605 1654 759 1732 Ecclesia,
777 1653 838 1716 nisi
854 1653 896 1714 ab
910 1670 948 1712 eo
964 1651 1118 1726 instituta,
1135 1648 1190 1728 qni
1203 1648 1322 1710 missus
1337 1655 1358 1711 a
1375 1648 1418 1708 vi-

127 1789 155 1832 ro
166 1771 353 1852 Apostolico,
365 1780 397 1831 ct
413 1765 578 1830 Ecclesiae
590 1764 736 1844 regimini
751 1761 928 1844 praeposito
938 1760 986 1836 sit,
993 1761 1089 1843 juxta
1099 1757 1181 1821 illud
1194 1757 1337 1838 Apostoli
1348 1775 1418 1848 cap.

128 1879 167 1942 10.
181 1879 221 1942 ad
233 1881 406 1944 Romanos:
430 1875 597 1950 Quomodo
606 1873 856 1958 praedicabunt,
870 1872 938 1932 nisi
950 1869 1146 1932 mittantur?
1169 1867 1253 1930 Sunt
1266 1862 1419 1946 Episcopi

128 1987 342 2068 Apostolorum
357 2006 567 2063 successores,
580 2005 661 2066 quos
676 1993 840 2066 propterea
853 1982 968 2042 missos
984 1980 1025 2042 ab
1048 1977 1209 2060 Apostolis
1230 1963 1334 2046 dicere
1351 1993 1420 2058 pos·

129 2111 242 2174 sumus,
265 2094 409 2177 Apostoli
424 2093 555 2158 suerunt
571 2093 660 2154 missi
683 2097 702 2156 tr
720 2090 847 2152 Olrristo
863 2089 942 2166 Deo,
970 2085 1056 2150 unde
1073 2085 1254 2148 Ecclesiam
1277 2097 1421 2148 nostram

127 2201 333 2282 apostolicam
348 2201 582 2283 praedicamus,
599 2199 692 2280 quasi
709 2211 863 2280 perpetua
879 2197 991 2260 divina
1004 2197 1156 2258 missione
1172 2193 1377 2277 gaudentem.

163 2313 322 2396 Equidem
339 2332 509 2394 quousque
535 2309 659 2374 divisae
675 2329 740 2374 non
756 2310 886 2372 suerunt
908 2309 1101 2390 Apostolicrs
1117 2307 1311 2390 temporibus
1328 2309 1422 2370 Dice

126 2411 216 2498 cases,
232 2421 352 2502 passim
368 2420 426 2480 viri
438 2419 646 2484 ecclesiastici
656 2420 748 2482 missi
763 2419 804 2480 ab
819 2419 990 2499 Apostolis,
1003 2419 1044 2480 ab
1055 2417 1093 2479 iis
1103 2418 1199 2480 ctiam
1213 2417 1363 2499 Episcopi
1376 2437 1423 2482 or·

127 2526 221 2596 dicati
236 2531 333 2594 nullis
352 2530 494 2594 locorum
511 2529 666 2594 limitibus
686 2529 934 2610 circumscriptis
948 2521 1167 2610 Evar'rgeliurn
1182 2527 1420 2610 praedicabant:

130 2655 233 2704 verum
252 2643 425 2724 adsignata
445 2643 621 2723 unicuique
642 2641 804 2724 Episcopo
828 2641 975 2718 dioecesi,
997 2651 1214 2724 opportunum
1235 2640 1304 2716 fuit,
1321 2651 1423 2704 certos

125 2752 288 2835 episcopali
303 2754 450 2836 potestati
468 2753 548 2817 lines
561 2754 763 2832 constituere
780 2771 820 2813 ne
832 2751 914 2816 sorte
928 2751 1110 2832 Episcopus
1122 2761 1227 2812 certae
1245 2749 1422 2830 Ecclesiae,

124 2875 247 2926 sertore
257 2866 375 2948 populo
385 2865 525 2946 regendo
535 2863 684 2926 addictus
697 2873 865 2944 praetextu
877 2860 1128 2942 amplificandae
1141 2860 1237 2922 latins
1248 2857 1332 2937 fidei,
1346 2871 1378 2920 et
1390 2861 1423 2924 in

126 2971 207 3034 alias
222 2974 406 3036 Provincias
422 2972 647 3052 traducendae,
658 2973 884 3034 dioecesanam
897 2989 1009 3032 euram
1028 2970 1211 3052 negligeret,
1229 2981 1286 3032 ant
1301 2969 1423 3032 desere·

129 3089 185 3153 ret,
203 3097 237 3140 ac
252 3079 383 3161 proinde
398 3079 441 3170 ad
458 3098 560 3142 unum
572 3077 761 3145 Pontificem
774 3077 956 3140 Maximum
968 3077 1095 3162 jamdiu
1105 3076 1268 3158 pertinuit,
1284 3087 1315 3138 et
1330 3076 1423 3159 perti·

127 3197 190 3262 net,
202 3190 319 3252 mittere
332 3204 440 3252 sacros
451 3187 658 3250 administros
669 3205 770 3250 carisa
783 3185 1009 3269 propagandae
1024 3185 1119 3248 latius
1131 3185 1216 3264 fidei,
1229 3197 1260 3248 et
1273 3186 1426 3268 Evange-

128 3293 206 3358 licae
218 3298 460 3380 praedicationis
471 3298 558 3379 apud
569 3298 1148 3362 extrancaecomrnunicnislromines
1160 3297 1423 3380 promrdgandae.
1481 3319 1484 3324 ·

128 3403 434 3492 Praeterquarnqued
460 3409 547 3472 eninr
563 3409 669 3490 agitur
683 3409 716 3470 in
732 3409 795 3472 lrac
820 3387 922 3470 causa
937 3410 1101 3490 negotium
1128 3410 1296 3472 universae
1315 3407 1425 3470 Eccle-

129 3511 203 3590 siae,
217 3534 298 3596 qnae
313 3535 401 3594 sane,
428 3516 615 3597 praesertim
632 3529 701 3594 pest
716 3513 819 3578 iactas
835 3515 1011 3578 divisiones
1034 3515 1240 3594 Dinecesenn,
1259 3515 1423 3580 Pontificis

133 3617 260 3688 Maximi
275 3637 432 3706 tanquam
448 3625 589 3708 supremi
607 3625 746 3688 Pastoris
761 3643 858 3688 curae
874 3625 1048 3686 commissa
1062 3635 1119 3702 est,
1136 3625 1274 3705 singulis
1293 3624 1424 3706 Episco

130 3723 179 3803 pis
191 3728 388 3812 singularum
414 3731 612 3794 Dioecescon
628 3731 776 3812 regimini
802 3731 947 3809 addictis,
975 3729 1069 3794 facile
1084 3742 1133 3794 est
1160 3731 1422 3796 indicareretus

129 3827 276 3898 tissiraam
294 3837 463 3900 Ecclesiae
488 3838 766 3917 consuetudinem,
793 3859 835 3902 cx
850 3857 917 3922 qna
934 3839 1041 3920 liquet,
1069 3849 1222 3923 perpetuo
1238 3843 1425 3908 arroterirata

135 3935 286 4008 Pontificis
303 3947 441 4010 Maximi
456 3951 570 4018 missos
583 3945 682 4010 fuisse
698 3947 915 4029 Evangeliros
931 3949 1146 4028 administros,
1161 3950 1218 4030 qui
1234 3969 1335 4012 noras
1352 3950 1426 4012 Pro

136 4053 246 4120 vincias
263 4055 429 4120 Ecclesiae
444 4055 625 4142 adjicerent.
670 4057 744 4120 Jam
760 4063 780 4120 a
796 4068 888 4120 sexto
903 4057 1033 4122 saeculo
1049 4059 1171 4122 scimus
1191 4057 1311 4122 aSede
1325 4058 1427 4140 Apes.

134 4160 220 4226 tolica
235 4165 370 4230 missum
396 4165 618 4247 Augustinum
642 4163 683 4226 ad
709 4163 843 4248 Anglos,
869 4175 984 4228 octavo
1010 4163 1141 4230 saeculo
1164 4163 1367 4229 Bouiiaoium
1382 4165 1426 4232 ad

133 4267 309 4351 Germanos,
324 4283 356 4334 et
370 4291 457 4335 norro
472 4273 603 4336 saeculo
619 4293 683 4338 non
699 4274 761 4337 nisi
773 4275 960 4338 auctoritate
975 4274 1161 4358 Apostolica
1176 4273 1334 4357 Bulgaros
1348 4274 1425 4342 suis

132 4393 163 4436 se
179 4377 285 4444 infide
302 4382 487 4446 Christiana
502 4383 653 4464 eruditos,
679 4403 718 4446 ac
733 4382 874 4464 denique
889 4389 910 4448 a
925 4381 1079 4466 Gregorio
1094 4383 1168 4452 XV.
1194 4385 1227 4447 in
1243 4383 1339 4448 Bulla
1356 4385 1427 4450 Ine

130 4487 278 4552 mutabili
292 4489 343 4552 26.
372 4489 594 4557 institutasuit
619 4491 834 4576 congregatio
860 4489 1088 4574 propagandae
1114 4489 1201 4574 fidei,
1226 4493 1315 4580 apud
1326 4510 1426 4579 quara
