3210 4990
178 376 239 442 tut
490 402 732 448 nrssenrarro
754 403 927 461 annuunt,
948 405 1101 454 ananan.
1122 383 1180 452 tt,
1267 415 1270 421 ·
1319 428 1322 439 λ
1404 413 1438 443 ,·

175 523 326 590 ducenda
341 523 576 606 eoncederetur3
593 526 625 588 in
642 525 705 588 boo
719 525 807 590 enirn
828 525 969 590 themate
993 530 1064 611 jure
1091 529 1252 614 rasanpsit
1277 529 1473 610 Alexander,

175 637 347 700 subsistere
360 635 493 718 quidem
507 635 671 717 sponsalia
686 644 833 717 respectu
861 635 1054 716 prioris-filii,
1070 655 1136 702 non
1164 645 1309 720 respectu
1325 640 1475 723 posterm-

174 747 226 826 ris,
241 745 339 808 etiam
360 743 388 807 si
402 762 467 807 non
482 741 620 805 fuissent
635 741 766 823 nuptiae
779 759 856 804 curn
884 741 986 824 priore
1014 754 1205 826 coutratmta
1235 744 1273 810 fit
1284 746 1374 810 enim
1388 765 1473 828 pers·

172 859 315 942 pienum,
330 876 387 939 per
400 855 663 938 sponsalieoerta
677 872 753 918 oum
768 853 869 935 priore
894 853 962 916 filio
976 853 1055 918 inita
1080 855 1247 920 subortum
1271 856 1472 922 sumn-tuis·

173 989 216 1050 se,
254 977 291 1032 ut
325 975 451 1042 voonut,
488 961 756 1044 impedimentum
791 960 940 1042 publioae
975 961 1162 1042 noeoeane
1195 981 1264 1044 qno
1278 981 1396 1046 sponsa
1410 961 1482 1026 fra·-

59 1109 63 1118 ·
173 1095 253 1147 trem
278 1079 386 1163 sponsi
415 1077 533 1142 ducere
569 1074 694 1156 legibus
730 1073 922 1156 prohibetur.
976 1071 1097 1154 Longe,
1134 1073 1269 1156 inquam
1305 1073 1472 1140 diversum

169 1193 283 1258 thama
295 1197 344 1250 est
358 1183 557 1270 sponsalium
574 1189 815 1258 conuentorum,
830 1179 948 1262 quibus
963 1177 1197 1263 paterfamilias.
1206 1179 1332 1246 nullam
1345 1199 1387 1244 err
1402 1179 1472 1264 plu·

102 1361 109 1378 ,
165 1301 263 1380 ribus,
291 1315 375 1380 quas
399 1295 506 1371 habet,
521 1289 732 1354 determinate
754 1287 857 1350 filiam
873 1287 1038 1370 spondeat,
1053 1299 1087 1354 at
1101 1290 1292 1373 generaliter
1304 1309 1406 1372 unam
1427 1311 1472 1356 ax

165 1406 239 1486 illis,
256 1397 512 1486 siquidem'nihil
537 1397 650 1462 obesse
675 1395 809 1475 videtur,
839 1397 1014 1477 quominus
1042 1399 1104 1462 ista
1135 1399 1301 1482 sponsalia
1330 1399 1473 1482 valeant,

115 1533 123 1550 ·
165 1513 343 1584 dummodo
370 1525 604 1594 supponamus,
634 1504 774 1570 filiarum
802 1506 949 1568 omniurn
983 1504 1019 1570 iu
1048 1515 1255 1572 contractum
1283 1507 1473 1592 huiusmodi

163 1624 407 1692 consensionem
423 1621 491 1682 sive
506 1633 701 1700 expressam,
718 1613 786 1676 sive
801 1613 934 1678 tacitam
959 1615 1144 1696 accessisse,
1161 1633 1238 1681 cnm
1251 1615 1351 1682 hodia
1364 1637 1471 1701 recep·

162 1749 234 1800 turn
249 1733 299 1810 sit,
314 1751 380 1796 non
394 1729 486 1792 aliter
515 1724 679 1810 sponsalia
693 1721 810 1801 valere,
825 1740 925 1804 quam
941 1722 970 1784 ai
999 1721 1147 1787 consenti
1157 1733 1217 1784 ant
1241 1723 1274 1800 ii,
1290 1723 1346 1804 qni
1376 1723 1472 1788 matri

161 1847 309 1913 monium
323 1851 401 1907 strnt
414 1837 617 1904 contractum.
659 1832 794 1898 Videtur
823 1831 968 1915 paofaoto
984 1831 1052 1896 illis
1080 1833 1286 1915 sponsalibus
1315 1833 1398 1898 haec
1413 1834 1471 1898 ad·

154 1949 243 2043 jecta
257 1950 405 2030 conditio,
421 1959 458 2012 nt
472 1947 500 2010 si
515 1965 580 2010 non
596 1961 663 2008 una
677 1943 778 2006 altera
803 1940 954 2006 duoenda
970 1941 1126 2005 tradatur:
1152 1961 1258 2024 neque
1286 1955 1469 2028 opponatur

158 2061 308 2146 publicae
323 2055 499 2120 honestatis
515 2051 793 2134 impedimentum,
808 2047 886 2132 quia
896 2050 923 2112 ai
939 2069 982 2113 ex
994 2067 1039 2132 gr.
1052 2051 1240 2132 promittens
1251 2055 1465 2135 nonprimam

159 2168 344 2236 ducendam
357 2162 523 2242 concedat,
538 2160 596 2224 sed
610 2159 789 2224 metandam
803 2175 869 2222 non
884 2157 1019 2240 impedit
1035 2156 1166 2239 publica
1177 2156 1339 2239 honestas,
1351 2177 1465 2224 secun

158 2280 235 2344 dam
250 2275 326 2341 duci
341 2275 383 2338 ab
397 2293 444 2352 eo,
461 2271 518 2354 qui
533 2287 702 2352 nunpuam
717 2285 857 2351 sponsus
868 2267 976 2332 extitit
993 2267 1124 2350 primae,
1140 2279 1331 2350 argumento
1344 2288 1414 2352 cap.
1430 2269 1461 2335 8.

158 2393 199 2456 de
215 2389 396 2474 sponsalib..
440 2383 478 2450 Id
494 2382 621 2448 videtur
635 2380 801 2464 perspicue
816 2377 986 2443 tradidisse
1012 2381 1200 2446 bonifacius
1213 2383 1300 2461 VIII,
1315 2401 1393 2447 num
1406 2383 1463 2448 de-

157 2505 273 2581 finivit,
288 2521 330 2565 ex
345 2496 549 2583 sponsalibus
565 2493 702 2572 incertis,
715 2491 768 2554 rel
783 2489 845 2554 sub
858 2491 1042 2556 conditione
1054 2495 1226 2558 eontraetis
1241 2495 1367 2560 nullam
1386 2495 1462 2568 oriri

152 2615 323 2703 Justiniam
337 2609 484 2696 publicae
499 2603 685 2682 honestatis,
714 2621 785 2686 oap.
815 2621 861 2668 un
876 2601 917 2667 da
932 2605 1073 2687 sponsal.
1089 2605 1122 2670 in
1146 2606 1187 2670 6..
1234 2607 1289 2671 Ex
1304 2609 1462 2693 sponsali-

158 2723 220 2787 bus
249 2720 294 2784 ita
321 2715 492 2781 contractis
516 2731 554 2776 aa
581 2711 725 2778 naseam
753 2709 913 2794 obligatio,
941 2721 978 2776 ut
1013 2723 1236 2796 pater‘unam,
1260 2733 1360 2798 quarn
1390 2717 1461 2802 ipse

158 2828 315 2907 maluerit,
332 2825 434 2892 filiam
448 2819 633 2886 ducendam
647 2819 799 2884 exhibere
827 2831 981 2901 teneatur,
1011 2839 1087 2889 cum
1102 2823 1216 2887 sleotio
1238 2825 1335 2910 juxta
1363 2845 1460 2910 gene·

160 2939 240 3005 ralia
250 2939 331 3022 Juris
346 2930 560 3018 prirroipiaad
584 2930 817 3014 promissorem,
833 2947 900 2992 non
915 2929 958 2994 ad
972 2929 1193 3013 stipulatorem
1208 2935 1372 3016 pertineat,
1387 2955 1459 3020 oap.

157 3053 207 3114 tu.
223 3049 263 3113 de
289 3045 387 3130 regul.
398 3047 460 3130 jur.
476 3043 564 3120 inb,
590 3041 635 3104 ita
666 3049 785 3119 umen,
800 3050 838 3104 ut
872 3040 900 3104 si
920 3041 1033 3107 'unios
1068 3061 1110 3108 ex
1145 3045 1275 3112 filiabus
1309 3051 1462 3132 supersit,

160 3175 200 3220 ea
228 3152 407 3235 necessario
436 3151 477 3214 sit
504 3147 719 3229 concedenda,
746 3160 936 3232 argumento
959 3149 980 3213 l.
1006 3149 1056 3214 34.
1084 3154 1097 3220 t
1120 3153 1150 3216 6.
1164 3153 1198 3218 ff.
1224 3154 1265 3219 de
1279 3159 1457 3224 contrahat,

161 3273 269 3346 ampt.
311 3256 410 3330 Quod
426 3257 453 3320 si
467 3275 606 3339 sponsus
621 3275 722 3322 unam
736 3275 778 3319 ex
792 3256 856 3320 illis
871 3256 962 3322 velut
974 3277 1108 3323 uxorem
1122 3261 1271 3326 babuerit
1284 3277 1375 3330 extra
1389 3287 1458 3332 rna·

161 3371 300 3437 trimonii
313 3385 456 3446 eausam,
471 3377 669 3430 caeterarum
683 3383 763 3428 sane
786 3375 930 3447 respectu
955 3367 997 3430 ob
1024 3371 1254 3452 superveniens
1278 3373 1458 3442 adfinitatis

161 3479 331 3545 vinculum
358 3473 486 3542 nullum
501 3471 651 3538 effectum
665 3483 814 3556 poteurnt
829 3473 948 3538 babere
961 3475 1135 3558 sponsalia
1151 3479 1276 3560 quoties
1291 3491 1398 3548 amen
1414 3483 1457 3550 de

161 3595 266 3680 prirna
279 3600 402 3673 agatur,
418 3604 478 3670 ego
492 3603 555 3650 non
572 3585 693 3665 dubito,
708 3585 787 3668 quin
807 3603 946 3667 sponsus
960 3605 1034 3652 earn
1059 3586 1179 3652 ducere
1207 3601 1352 3657 teneatur
1366 3605 1457 3678 patre

161 3701 354 3789 postulante,
381 3693 438 3762 sed
467 3695 495 3759 si
523 3705 612 3774 pater
641 3712 775 3773 recuses,
806 3711 871 3759 non
901 3693 1012 3758 dubito
1036 3697 1134 3760 etiarn
1157 3699 1238 3782 quin
1266 3713 1355 3784 pater
1383 3707 1457 3788 cogi

161 3827 226 3874 non
241 3805 341 3892 possit
354 3802 397 3867 ad
411 3821 483 3866 earn
508 3799 706 3880 tradendam,
722 3811 831 3885 utpote
855 3802 910 3884 qui
937 3801 1021 3868 facto
1036 3808 1145 3888 sponsi
1155 3808 1226 3890 jure
1241 3809 1379 3894 eligendi
1395 3815 1457 3898 pri·

160 3917 231 3983 rari
245 3913 433 3998 nequiverit,
449 3911 548 3976 immo
570 3929 631 3974 neo
646 3921 731 3992 puto,
747 3911 780 3974 in
806 3911 845 3974 iis
860 3911 1046 3994 Provinciis,
1070 3915 1103 3978 in
1118 3916 1237 3997 quibus
1252 3921 1455 4005 promulgata

158 4045 225 4094 non
239 4035 317 4089 sunt
330 4020 467 4088 Consilii
482 4017 665 4084 Tridentini
679 4017 806 4082 decreta
820 4039 897 4083 sess.
912 4021 962 4085 24.
978 4020 1019 4084 ds
1032 4021 1172 4087 Reform.
1186 4028 1366 4095 matrimon.
1381 4051 1452 4118 cap

159 4135 197 4213 1,
212 4131 352 4214 incipere
365 4147 436 4192 esse
463 4127 651 4210 eonjugium
678 4125 885 4192 dissentiente
908 4139 997 4212 patra
1023 4129 1218 4196 celebrarunt
1248 4133 1357 4203 illicite
1382 4143 1455 4225 qui.

156 4242 243 4321 dem,
259 4238 316 4302 ssd
330 4234 437 4301 valide
451 4233 533 4298 inter
546 4253 702 4317 sponsam
723 4246 755 4300 et
769 4236 932 4318 eognitam
957 4235 1108 4319 puellam,
1123 4239 1202 4321 qnia
1216 4242 1306 4307 nulla
1321 4263 1454 4328 sponsa·

158 4353 203 4418 lia
226 4357 313 4413 eerta
327 4357 574 4432 praecesserant,
588 4345 689 4440 immo
714 4361 790 4408 aum
805 4355 894 4428 pater
918 4345 986 4428 ipse
1010 4345 1137 4429 puellae
1151 4346 1327 4434 dissentiat,
1343 4355 1388 4420 ita
1402 4375 1454 4423 rat

157 4457 314 4540 sehabet,
327 4455 601 4541 nasumque
626 4453 790 4540 sponsalia
814 4453 894 4518 inita
918 4452 1045 4538 tuerint,
1068 4457 1223 4542 quoniam
1248 4463 1453 4548 sponsalibus
