3276 4984
421 502 1258 742 rrrrrtrrrururrr
1379 353 1482 616 f

276 948 389 1050 ΨΒ
414 945 993 1047 (wildfflbbffll
1024 946 1398 1057 mmmmm

631 1189 705 1261 nn
730 1187 1035 1280 eremmon,

319 1476 410 1520 ITEM
435 1473 758 1533 PROPRIETATIBUS,
782 1473 825 1516 AC
848 1475 1117 1522 QUALITn'rrssus
1141 1479 1346 1522 unlvnttsts.

180 1678 374 1902 Malus,
397 1833 429 1884 et
442 1822 583 1886 feminae
607 1823 865 1904 conjunctionem
880 1823 920 1886 ad
936 1836 1119 1906 perennem,
1136 1832 1167 1886 et
1188 1824 1253 1891 fore
1267 1826 1482 1894 immortalem

178 1931 445 2012 propagationem
470 1932 596 2012 generis
621 1929 811 2009 ordinatam,
836 1932 1023 1996 hominibus
1048 1932 1180 2014 quidem
1194 1953 1264 2000 esse
1278 1955 1355 2002 oum
1380 1941 1480 2006 brutis

176 2039 440 2124 quibuscumque
463 2059 681 2118 communem,
696 2040 835 2104 naturali
850 2041 971 2104 ratione
993 2042 1212 2124 intelligimus.
1255 2048 1392 2116 Quoties
1407 2067 1482 2114 vero

176 2147 429 2226 consideremus,
445 2150 479 2211 in
493 2149 608 2212 eadem
630 2149 856 2231 conjunctione
871 2160 1022 2214 naturam
1047 2149 1081 2214 in
1096 2152 1198 2216 brutis
1211 2155 1292 2218 nihil
1307 2157 1396 2223 alind
1411 2179 1481 2243 pos·

178 2257 294 2336 tulare,
320 2275 421 2340 quam
435 2257 546 2336 fenim,
560 2267 592 2320 et
614 2256 840 2320 educationem
855 2258 890 2320 in
914 2258 1101 2324 hominibus
1122 2273 1232 2327 autem
1257 2268 1482 2336 excellentiora·

178 2367 343 2450 quaedam
357 2367 463 2430 officia
485 2367 698 2445 constituisse,
724 2367 843 2447 quibus
868 2377 900 2430 et
914 2367 1028 2449 magis,
1043 2371 1212 2452 magisque
1237 2372 1419 2442 firmaretur
1433 2397 1480 2442 so

177 2477 280 2540 cistas
295 2476 377 2540 inter
391 2476 486 2558 ipsos,
511 2486 544 2540 et
558 2475 602 2538 ad
617 2475 726 2540 Deum
750 2493 938 2558 supremum
962 2475 1110 2559 omnium
1133 2478 1338 2546 Conditorem
1362 2482 1397 2544 in
1412 2503 1481 2565 pro·

175 2585 320 2649 creanda
334 2603 445 2666 aeque,
461 2603 500 2648 ac
515 2584 637 2648 tuenda
651 2583 759 2648 sobole
774 2585 996 2665 suspiceretun
1012 2583 1108 2648 facile
1117 2584 1286 2667 colligitur,
1298 2588 1480 2670 singulares

176 2696 368 2761 hominibus
382 2693 509 2776 regulas
524 2712 595 2756 esse
609 2692 662 2756 vel
677 2693 719 2756 ab
733 2693 811 2774 ipsis
826 2704 961 2756 naturae
976 2692 1230 2756 institutionibus
1242 2693 1480 2758 custodiendas.

177 2801 310 2880 Verum,
326 2801 400 2864 licet
424 2802 459 2863 in
474 2799 668 2864 definiendis
693 2801 896 2882 generalibus
922 2812 1057 2862 naturae
1071 2801 1248 2882 praeceptis
1263 2801 1297 2866 in
1319 2821 1421 2866 unam
1435 2803 1482 2868 fa·

175 2909 240 2974 eila
253 2909 448 2974 sectandam
473 2909 706 2973 conveniamus
721 2927 841 2988 omnes,
869 2918 975 2990 atquc,
992 2919 1028 2974 nt
1042 2909 1230 2994 exemplum
1245 2912 1412 2996 proferam,
1436 2915 1481 2980 la-

177 3030 306 3084 teamur
332 3029 453 3100 sponte,
479 3018 594 3081 ataine
609 3017 801 3098 discrimine,
819 3017 1011 3082 servandam
1027 3039 1098 3083 esse
1112 3020 1147 3084 in
1162 3023 1319 3107 conjugiis
1333 3025 1482 3088 honesta-

177 3139 254 3209 tem;
279 3127 312 3192 in
329 3127 368 3190 iis
383 3137 501 3206 tamen,
527 3147 612 3210 quae
627 3125 727 3192 veluti
752 3127 950 3192 consectaria
975 3148 1017 3192 ex
1036 3129 1242 3212 generalibus
1267 3131 1480 3214 deducuntur,

176 3250 244 3297 non
270 3243 434 3316 perpetua,
460 3243 492 3298 et
505 3236 767 3303 constantissime
787 3255 917 3319 semper
930 3237 995 3326 fuit
1015 3238 1162 3320 gentium
1176 3242 1332 3323 omnium,
1358 3261 1400 3309 ne
1415 3245 1482 3308 ille·

176 3361 252 3406 rum
267 3342 408 3423 quidem,
432 3363 517 3425 quae
531 3344 683 3410 cultiores
706 3344 876 3426 habentur,
901 3348 1070 3412 sententia.
1114 3349 1304 3416 Incredibile
1318 3373 1507 3438 propemo,

176 3451 261 3514 dnm
275 3429 364 3516 dictu
378 3463 435 3531 est,
458 3471 559 3534 quarn
585 3453 676 3528 varia
690 3452 785 3518 fuerit
808 3475 864 3538 pro
890 3456 1041 3539 locorum,
1068 3478 1108 3522 ae
1123 3469 1303 3544 temporum
1328 3464 1483 3529 varietate

178 3559 351 3643 disciplina
364 3562 586 3645 conjugiorum
600 3562 743 3643 inductam
761 3563 848 3628 unde
864 3567 1052 3648 saepissime
1067 3570 1231 3654 contingit,
1251 3582 1287 3636 ut
1302 3555 1482 3655 inhonesta,

177 3687 219 3736 ac
233 3671 344 3754 turpis,
358 3693 398 3736 ae
412 3691 453 3736 ne
468 3674 609 3758 conjugii
623 3673 756 3756 quidem
770 3667 902 3740 nomine
917 3677 1025 3760 digne,
1041 3680 1130 3763 apud
1139 3681 1265 3765 aliquos
1280 3703 1318 3747 ea
1332 3687 1482 3770 conjunc

178 3779 220 3842 tio
235 3779 415 3857 baberetur,
431 3799 516 3861 quae
531 3780 620 3862 apud
634 3781 715 3844 alios
730 3781 845 3874 decora
857 3783 1027 3865 videretur,
1043 3797 1074 3850 et
1089 3787 1324 3854 honestissima.
1368 3791 1480 3856 Infini-

180 3897 230 3950 tns
244 3886 478 3968 propemodum
500 3907 614 3968 essem,
638 3890 786 3954 sirarios
809 3894 956 3974 gentium
971 3913 1075 3960 mores
1097 3898 1130 3962 in
1146 3898 1208 3962 hac
1234 3920 1267 3962 re
1283 3901 1429 3964 inductos
1445 3903 1478 3966 in

180 3993 360 4074 praesentia
375 4013 573 4058 recenserem
588 3996 694 4060 Multa
710 4001 822 4082 paucis
838 4005 1023 4084 perstrinxit
1037 4005 1223 4070 Alexander
1237 4009 1279 4071 ab
1293 4009 1479 4074 Alexandro

179 4099 212 4164 in
227 4100 294 4164 libr.
312 4103 340 4164 1.
357 4103 481 4168 Genial.
498 4104 574 4169 dier.
597 4125 667 4190 cap.
683 4108 733 4172 24.
760 4086 843 4174 inter
857 4131 941 4194 quae
954 4113 1033 4196 lego,
1058 4125 1181 4178 veteres
1194 4115 1392 4200 AEgyptios,
1409 4120 1481 4184 Per·

177 4230 240 4290 sas,
256 4213 417 4296 Epirotas,
433 4225 464 4278 et
478 4216 674 4282 Macedones
689 4239 833 4286 sororum
848 4225 1020 4304 amoribus,
1034 4227 1255 4312 conJ'ugiisque
1267 4233 1387 4314 passim
1404 4231 1480 4296 suis·

177 4341 213 4384 se
228 4321 416 4408 implicat0s;
442 4326 542 4392 immo
557 4339 588 4390 et
602 4329 718 4392 Persas
732 4333 827 4412 ipsos,
855 4333 988 4414 Arabae,
1015 4335 1158 4418 Mauros,
1185 4341 1423 4422 nonnullosque
1438 4363 1480 4406 ex

181 4431 271 4500 Indis
292 4453 370 4498 curn
395 4432 463 4500 suis
477 4437 576 4502 etiam
601 4441 788 4524 parentibus
813 4441 957 4523 coivisse,
984 4463 1049 4527 quo
1063 4459 1206 4530 spectare
1232 4449 1366 4530 videtur,
1393 4452 1477 4532 quod
