3134 4984
275 417 322 464 na
339 413 495 464 vinam
517 412 787 473 altmannum,
811 409 879 456 sua
894 410 977 455 vo‘rr
999 406 1200 454 numerous:
1333 383 1391 448 131

105 539 172 606 dnm
186 541 234 604 sit.
271 541 377 604 Verba
393 537 566 621 Evangelii
582 547 657 600 suin
673 534 761 618 apud
777 533 982 598 Matthaeum
997 531 1032 596 in
1046 550 1119 614 eap.
1135 531 1164 593 5.
1181 528 1235 594 ibi:
1253 527 1395 594 Dictum

103 659 143 714 eat
152 651 302 735 antiquis,
318 671 384 714 aon
393 645 592 734 perjurabis,
607 645 723 710 reddes
734 652 847 708 antem
860 641 1005 706 Domino
1010 643 1210 726 juramenta
1224 647 1296 704 tite:
1315 637 1395 720 Ego

105 768 203 823 aulem
215 759 287 822 dico
302 757 401 828 vebis.
424 777 491 820 aen
513 755 627 830 intere
643 754 783 828 omnirto,
810 771 911 834 tuque
929 767 990 831 per
1016 744 1254 841 eoelrtm‚.quia
1279 752 1396 806 tronus

105 868 162 932 net
174 876 235 948 est;
249 887 352 952 aeque
373 880 436 949 per
450 873 584 940 terram,
611 861 691 945 quia
705 859 885 926 scabellum
909 863 956 918 est
970 854 1096 940 pedum
1109 853 1194 932 eina·
1220 869 1323 934 ireque
1334 869 1396 934 per

106 973 338 1056 lerosolymam.
355 971 435 1057 prtia
453 969 583 1034 Civitas
597 975 645 1032 est
659 967 780 1049 magni
796 963 920 1047 Regia·
936 981 1037 1046 neque
1048 979 1111 1044 per
1122 965 1223 1042 capra
1236 963 1332 1022 tutem
1339 957 1397 1041 ju-

103 1086 227 1162 raveris,
243 1086 324 1169 qrria
339 1104 404 1146 noa
416 1089 510 1166 potes
523 1101 629 1144 utitem
655 1079 816 1161 capillum
830 1077 1073 1158 aibumsacere,
1089 1080 1148 1138 aut
1165 1074 1319 1154 nigrunu
1342 1071 1397 1136 Sit

105 1206 204 1260 aretem
217 1217 324 1259 sermo
338 1203 450 1272 vester,
467 1201 522 1270 eet,
539 1199 594 1268 eat,
610 1211 682 1268 nott,
699 1211 776 1252 πονιτ
798 1188 896 1260 erod
906 1185 1087 1250 antemnis
1101 1185 1328 1248 adtenduntius
1340 1192 1396 1262 est,

105 1304 217 1366 amalo
232 1310 289 1365 eet.
316 1299 377 1364 His
392 1309 548 1366 consonat
563 1296 736 1380 Apostolus
752 1297 893 1360 lacobus
909 1293 941 1356 in
957 1311 1027 1376 cap.
1043 1295 1072 1355 5.
1088 1291 1241 1374 epistolae
1265 1293 1309 1354 ita
1324 1293 1399 1356 seri·

104 1407 182 1472 bens:
198 1410 282 1472 Ante
307 1409 420 1498 omnia
435 1415 555 1484 autem,
562 1409 695 1490 fratrea
720 1406 794 1483 anei,
809 1405 909 1468 nolite
915 1406 1046 1490 jurare,
1064 1421 1167 1486 neque
1185 1423 1247 1488 per
1262 1411 1397 1483 ternaria

103 1539 193 1603 neque
207 1519 303 1582 uliud
318 1517 540 1602 qrtodenmqne
547 1517 788 1600 juramentum.
823 1512 878 1576 Sit
893 1519 1004 1574 nutem
1019 1529 1125 1572 sermo
1140 1517 1250 1585 vester,
1269 1519 1324 1588 est,
1340 1519 1395 1586 est,

104 1647 167 1705 aon,
182 1614 260 1706 notu
277 1635 316 1690 at
331 1647 395 1690 tion
409 1625 608 1709 eabjrrdicio
622 1623 791 1686 decidatis.
825 1621 870 1684 Su
875 1637 1111 1703 pervacanenm
1128 1617 1224 1682 hodie
1239 1617 1318 1682 foret
1331 1617 1397 1680 'elu-

103 1739 202 1804 borare
217 1739 250 1802 in
263 1739 522 1820 interpretatione
537 1737 636 1818 hujus
650 1735 781 1796 divinae
793 1732 980 1810 sententiae,
997 1742 1163 1814 propterea
1178 1729 1264 1812 quod
1281 1731 1394 1794 eadem

104 1852 238 1932 exposita
248 1847 377 1934 jamdiu
392 1849 452 1912 luit
467 1853 486 1913 a
502 1847 662 1910 veteribus
678 1845 837 1923 Patribus,
855 1861 919 1907 uno
935 1842 1088 1924 suffragio
1104 1841 1339 1921 definientibus,
1356 1863 1397 1906 ex

104 1954 247 2018 mandato
263 1955 384 2019 Cirristi
401 1955 531 2018 Domini
548 1973 612 2036 non
628 1971 732 2036 perse
760 1953 895 2017 vetitum
910 1967 981 2014 'esse
997 1962 1155 2032 tanquam
1172 1951 1319 2016 illicitum
1331 1953 1397 2037 jus-

58 2117 63 2126 .
100 2063 274 2142 jurandum,
302 2065 358 2128 sed
374 2066 478 2148 potius
504 2062 698 2140 cavendum,
723 2079 762 2124 ne
777 2061 852 2144 quis
862 2061 1071 2146 jurejurando
1093 2061 1253 2124 abutatur.
1298 2063 1398 2128 Inter-

103 2175 225 2254 pretatio
242 2175 375 2238 Panum
391 2175 507 2258 tegitur
529 2171 617 2255 apud
632 2171 826 2236 Gratianum
842 2172 875 2234 in
892 2181 957 2234 tota
972 2169 1037 2236 sere
1059 2172 1247 2252 quaestione
1264 2174 1291 2234 l.
1306 2193 1396 2236 caus.

103 2279 148 2342 22.
177 2281 373 2346 Observatur
395 2282 553 2366 imprimis
578 2265 612 2344 iu
634 2299 759 2344 canone
783 2280 823 2359 4.,
848 2281 1041 2362 Apostolum
1066 2281 1205 2346 Paulum
1228 2284 1397 2364 juravisse,

103 2389 183 2470 quod
197 2411 275 2454 sane
301 2411 367 2454 non
382 2389 517 2470 lecisset,
535 2391 564 2454 si
578 2389 610 2454 in
636 2407 674 2452 eo
689 2409 723 2456 ee
738 2389 781 2452 ab
804 2387 994 2470 evangeliea
1009 2389 1129 2451 Christi
1155 2387 1301 2451 doctrina
1317 2409 1397 2452 reee-

104 2495 171 2560 dere
185 2499 379 2564 credidisset.
423 2497 551 2562 Deinde
577 2498 766 2562 observatur
781 2499 815 2562 in
830 2515 901 2560 eun.
917 2497 947 2560 3.
964 2515 1028 2560 non
1053 2497 1126 2560 ideo
1146 2497 1269 2562 dictum
1297 2499 1397 2564 videri

103 2601 132 2664 in
148 2603 334 2688 Evangelio,
361 2625 402 2669 ne
417 2606 549 2669 omnino
559 2607 715 2690 juremus,
742 2606 820 2687 qnia
834 2623 948 2668 verum
959 2608 1067 2690 jurare
1082 2607 1251 2690 peecatum
1274 2608 1323 2686 sit,
1340 2611 1397 2672 sed

102 2713 172 2792 quia
196 2716 334 2798 pejerare
359 2715 503 2778 immane
528 2723 697 2796 peceatum
713 2727 769 2792 eet,
797 2721 898 2796 aquo
925 2714 1021 2796 longe
1036 2733 1102 2776 nott
1128 2731 1198 2776 esse
1214 2712 1324 2794 volarit,
1341 2717 1397 2796 qni

102 2822 233 2901 omuino,
250 2839 290 2886 ne
301 2823 457 2904 juremus,
474 2822 652 2902 admonuit.
677 2822 865 2886 consonant
880 2841 1021 2886 cationes
1044 2823 1072 2884 5.
1088 2832 1119 2884 et
1136 2819 1183 2884 13.
1208 2820 1328 2887 lterum
1344 2821 1396 2883 ola

103 2929 244 3012 serbatur,
261 2933 358 2994 verba
373 2930 430 2994 illa
446 2930 629 3013 Evangelii:
652 2931 750 3004 Quod
764 2941 875 2996 utitem
890 2932 945 2995 leis
959 2931 1185 3008 alectrdantiue
1200 2939 1254 3009 est,
1272 2939 1294 2994 d
1309 2932 1397 2997 male
1495 2989 1496 2993 ,

104 3031 163 3116 eet,'
172 3040 324 3120 pertinere
340 3040 446 3122 potins
461 3037 503 3101 ad
522 3039 721 3102 laudandam
737 3041 838 3102 animi
854 3039 1102 3122 simplieitatem,
1117 3057 1218 3118 quam
1233 3036 1275 3099 ad
1292 3037 1397 3100 redar-

103 3145 257 3223 guendam
277 3147 486 3230 Jun'sjuraadi
514 3148 678 3226 rationem,
704 3148 798 3228 quasi
815 3147 979 3224 diceretur,
1006 3147 1091 3212 idem
1108 3145 1294 3210 idemtidem
1310 3149 1396 3232 exigi

99 3253 316 3337 jusjurandum
343 3258 424 3322 inter
439 3257 595 3336 homines,
621 3257 699 3338 quia
713 3255 816 3336 dolia,
840 3270 871 3322 et
888 3257 1018 3322 fallacia
1040 3277 1112 3322 esse
1126 3258 1207 3320 solet
1228 3258 1315 3340 apud
1332 3279 1395 3338 eos,

103 3357 153 3437 qni
167 3361 350 3444 simpliciter
364 3361 547 3442 adfirmant,
574 3375 630 3428 ent
646 3379 775 3448 negant;
803 3373 822 3431 a
838 3368 958 3448 quibus
971 3378 1134 3450 propterea
1157 3367 1343 3450 postulatur,
1362 3384 1396 3432 ut

102 3469 179 3550 qnod
197 3472 364 3554 prosenmt,
378 3474 586 3558 jurejrnando
600 3474 800 3540 coirfirment.
834 3476 872 3540 ld
888 3477 1004 3560 legitur
1019 3479 1053 3540 in
1068 3495 1140 3543 cau.
1156 3477 1185 3540 2.
1202 3477 1230 3540 ὅ.
1247 3478 1285 3558 6.,
1301 3489 1333 3542 et
1347 3479 1396 3542 14.

104 3577 242 3664 Denique
266 3584 455 3648 observatur
480 3584 512 3646 iu
527 3603 599 3646 ean.
616 3585 655 3662 7.,
681 3597 713 3648 et
727 3585 756 3649 8.
773 3605 837 3650 nou
860 3589 1081 3669 juramentum
1106 3586 1335 3668 quodcumque
1362 3589 1394 3652 in

104 3681 273 3768 Evangelio
288 3688 466 3769 improbari,
483 3689 539 3750 sed
555 3690 643 3770 quod
659 3687 747 3753 tieret
765 3711 818 3772 per
833 3693 968 3772 eoelum,
991 3713 1046 3776 per
1061 3703 1184 3772 terram,
1197 3695 1395 3786 per‘Jeroso-

105 3787 226 3872 lumem,
242 3805 299 3856 ant
311 3807 472 3878 pereaput
483 3799 630 3882 jurantis,
648 3799 742 3880 quasi
755 3801 855 3864 tutius
866 3813 959 3880 esset,
975 3801 1212 3886 direct0j11rare
1228 3802 1260 3866 in
1278 3803 1394 3882 Deum,

103 3903 216 3980 quoties
225 3905 315 3988 justa
325 3905 535 3990 jurisjruandi
557 3927 656 3974 cansa
673 3920 858 3974 oeerureret.
903 3910 994 3973 llaec
1009 3911 1119 3976 omnia
1138 3910 1329 3994 eoruplexus
1345 3927 1393 3976 est

104 4005 300 4074 innocentius
315 4011 374 4076 ill.
391 4031 422 4076 tn
439 4032 509 4096 cap.
524 4013 575 4076 26.
592 4013 632 4076 de
643 4015 861 4098 jurejurando.
906 4015 1021 4082 Larrtle
1036 4017 1154 4101 dignae
1175 4029 1252 4082 sunt
1269 4019 1393 4082 uuiver-

103 4133 150 4178 see
164 4119 240 4182 istae
257 4121 477 4208 Euangelieae
499 4122 664 4189 doctrinae
679 4124 965 4206 interpretationes,
987 4143 1092 4206 neque
1108 4113 1200 4186 nobis
1214 4123 1257 4186 ab
1271 4123 1394 4189 eisdem

103 4229 304 4294 recedendum
320 4239 377 4308 est,
404 4249 480 4294 cum
495 4249 536 4293 ex
553 4211 700 4296 unanimi
729 4243 871 4294 vetemm
888 4233 1020 4296 Petrum
1047 4229 1215 4294 traditione
1231 4233 1392 4314 profluxe-

103 4333 165 4400 rint.
200 4333 345 4410 'Qumies
360 4359 434 4402 vero
450 4341 590 4406 invicem
614 4341 851 4406 observationes
867 4341 940 4404 illas
965 4336 1101 4420 confero,
1124 4339 1205 4402 milri
1219 4342 1394 4426 praecipua

101 4436 152 4503 illa
165 4443 297 4530 videtur,
322 4465 389 4532 que
404 4446 558 4514 traditum
572 4459 630 4534 est,
656 4445 728 4514 ideo
742 4449 859 4516 nesab
869 4449 1077 4536 jureJurando
1092 4449 1250 4515 abstinere
1268 4449 1392 4536 debere,
