3276 4984
267 450 357 500 euru
379 452 466 497 stur
489 449 691 513 seorsum,
716 453 763 497 nr
785 453 952 501 ououooo
974 455 1281 502 conversaturus.
1389 425 1431 502 5⁹

14 569 16 654 l
128 573 221 642 Quid
247 583 364 653 tamen,
392 575 513 658 sipost
535 574 734 639 conditiones
761 577 965 660 sponsalibus
991 579 1163 662 adpositas,
1190 600 1297 663 neque
1321 581 1431 646 adhuc

14 659 15 664 ἵ
128 679 322 761 purificatae,
339 681 421 743 inter
436 700 569 765 sponsos
585 701 762 746 consensus
777 683 817 745 de
843 685 1011 766 praesenti,
1027 686 1079 747 vel
1095 687 1233 750 tantalis
1248 685 1343 752 fuerit
1358 689 1432 752 sub·

128 797 239 849 secuta
264 789 467 851 commixtio?
510 789 566 852 Ait
579 787 766 853 Alexander
788 790 848 853 111.
864 791 896 853 in
918 811 987 874 cap.
1011 792 1041 854 3.
1057 791 1097 854 de
1112 793 1285 857 condition.
1312 814 1432 878 oppos,

125 899 249 962 censeri
264 917 425 961 recessum
442 904 462 964 a
476 899 666 980 conditione,
693 900 788 982 quasi
802 901 975 964 novatione
1000 901 1094 981 iacta,
1111 903 1263 984 obligatio
1278 903 1435 968 conditio·

125 1007 210 1073 ualis
230 1009 266 1071 in
291 1009 521 1091 obligationem
547 1027 661 1092 puram
686 1011 831 1073 evaserit.
875 1011 995 1076 Senius
1023 1013 1221 1096 interpretari
1241 1015 1337 1098 juvat
1359 1013 1434 1079 Ale-

124 1117 244 1180 xandri
270 1123 469 1200 rescriptum.
513 1118 675 1202 Imprimis
690 1137 807 1202 ponere
833 1119 999 1202 debemus,
1026 1121 1136 1188 adhuc
1152 1123 1186 1186 in
1211 1122 1364 1206 pendenti
1386 1143 1435 1188 es-

121 1245 158 1290 se
171 1227 401 1307 conditionem,
425 1228 690 1311 quotiescumque
707 1229 795 1292 enim
820 1229 961 1293 conditio
971 1231 1042 1316 jam
1068 1231 1244 1312 defecisset,
1260 1253 1311 1294 res
1335 1233 1434 1298 habe·

123 1345 218 1415 retur,
233 1355 280 1399 ao
290 1337 318 1397 si
333 1335 427 1398 nulla
443 1355 588 1418 unquam
603 1336 769 1419 sponsalia
794 1350 959 1401 contracta
973 1339 1120 1420 luissent,
1138 1352 1171 1403 et
1185 1339 1303 1404 frustra
1319 1361 1433 1424 quaes-

122 1445 167 1507 tio
182 1444 404 1508 institueretur
417 1443 459 1508 de
483 1443 667 1508 inducenda
681 1447 854 1511 novatione
880 1448 1093 1531 obligationis,
1110 1451 1165 1515 ubi
1185 1451 1278 1516 nulla
1293 1463 1340 1514 est
1355 1452 1435 1516 obli·

121 1552 220 1636 gatio.
267 1552 404 1617 Deinde·
418 1553 543 1636 quoties
567 1553 601 1617 in
627 1554 780 1638 pendenti
809 1556 921 1621 adhuc
943 1559 1085 1623 conditio
1110 1571 1203 1642 esset,
1234 1561 1433 1646 distinguere

117 1673 281 1746 oporteret
306 1661 626 1745 interemtionem,
650 1683 735 1748 quae
749 1672 771 1731 a
785 1685 864 1729 casu
889 1669 1029 1750 pendeat
1043 1679 1075 1732 et
1101 1669 1183 1734 inter
1202 1670 1432 1754 conditionem,

120 1791 207 1854 quae
221 1775 258 1836 iu
283 1772 384 1837 libera
398 1773 441 1837 sit
465 1771 595 1837 alterius
610 1775 720 1858 sponsi
745 1774 921 1840 voluntate.
964 1775 1127 1841 Nimirum
1142 1779 1169 1841 si
1184 1783 1205 1844 a
1226 1799 1306 1842 casu
1320 1779 1431 1844 condi·

123 1883 165 1947 tio
179 1882 331 1968 pendeat3
342 1903 398 1947 ¹res
412 1884 456 1947 ita
471 1883 647 1963 habebitur,
664 1903 703 1946 ac
715 1903 745 1947 ιι
769 1883 912 1948 conditio
926 1885 1095 1964 evenisset,
1111 1901 1212 1970 quam
1226 1886 1359 1970 insuper
1372 1888 1432 1952 ha-

121 1991 265 2058 hendam
290 1991 515 2054 contrahentes
529 1991 591 2075 ipsi
605 1991 785 2056 voluerunt:
801 2003 834 2054 at
858 1991 887 2054 si
902 1991 1042 2056 conditio
1064 1991 1211 2076 pendeat,
1236 1999 1258 2058 a
1272 1991 1371 2056 libera
1387 1993 1435 2057 al·

123 2099 274 2161 terutrius
300 2097 410 2180 sponsi
426 2095 602 2178 voluntate,
627 2115 709 2180 pura
723 2097 856 2181 quidem
881 2117 951 2160 esse
969 2098 1099 2182 incipiet
1124 2098 1279 2184 obligatio
1305 2099 1433 2182 nuptia·-

122 2223 204 2284 rum,
230 2205 304 2288 ipsa
328 2216 440 2270 umen
464 2203 605 2268 conditio
628 2205 686 2269 erit
707 2206 816 2269 adhuc
842 2207 1022 2270 necessario
1048 2207 1223 2288 implenda,
1250 2205 1430 2270 dummodo

122 2311 249 2395 impleri
272 2309 442 2374 commode
456 2311 565 2395 possit.
608 2311 701 2382 Quid
715 2313 803 2376 enim
826 2331 876 2376 era
904 2331 958 2396 gn,
975 2313 1003 2376 si
1027 2315 1101 2395 quis
1116 2313 1177 2377 sibi
1200 2315 1344 2398 puellam
1360 2313 1433 2378 des·

120 2419 297 2506 pondisset,
313 2439 352 2481 ea
367 2417 491 2502 adjecta
517 2417 708 2500 conditione,
723 2420 751 2483 si
765 2430 906 2501 centum,
922 2439 1006 2503 quae
1026 2419 1082 2485 illa
1096 2420 1130 2483 in
1145 2421 1238 2483 bonis
1253 2419 1360 2501 habet,
1376 2419 1431 2484 do-

119 2529 162 2593 tis
175 2547 280 2592 causa
304 2529 434 2612 conjugi
447 2527 560 2595 deuoti
602 2529 638 2592 Si
653 2525 731 2592 sorte
746 2539 822 2593 ante
844 2527 929 2594 dotis
949 2530 1210 2596 constitutionem
1235 2549 1383 2614 sponsus,
1398 2540 1432 2596 et

120 2659 241 2724 sponsa
265 2639 316 2702 de'
329 2640 488 2723 praesenti
513 2639 724 2723 consentiant,
749 2649 781 2704 et
806 2643 1049 2706 matrimonium
1073 2643 1241 2722 celebrent,
1267 2644 1347 2725 quin
1375 2663 1431 2708 ex·

119 2771 229 2837 presse
244 2753 287 2815 ab
301 2771 341 2814 ea
354 2751 536 2815 conditione
551 2770 586 2814 se
600 2751 684 2814 velle
713 2753 857 2816 recedere
872 2752 1088 2836 profiteantur,
1105 2773 1169 2816 non
1185 2753 1313 2817 videtur
1327 2755 1430 2820 omni-

119 2881 163 2926 uo
178 2861 314 2924 remissa
328 2860 479 2942 conditio,
495 2861 551 2924 sed
566 2863 672 2944 potius
687 2861 813 2925 videtur
835 2880 953 2945 sponsa
969 2881 1038 2925 sese
1052 2862 1245 2945 obligavisse
1260 2863 1302 2926 ad
1318 2863 1428 2931 dotem

119 2970 211 3034 illam
235 2967 504 3050 constituendam,
530 2989 616 3052 quae
640 2969 860 3034 contrahendo
886 2972 1088 3036 matrimonio
1110 2991 1245 3036 causam
1269 2973 1311 3036 ab
1338 2974 1431 3038 initio

120 3077 263 3160 dederat
290 3078 375 3142 velle
389 3077 476 3142 enim
500 3077 736 3143 accommodari
745 3078 835 3143 iacto
859 3080 937 3145 huic
951 3093 1054 3164 potest
1076 3081 1188 3164 regula
1203 3084 1261 3145 abs
1276 3083 1296 3146 J
1299 3101 1429 3147 urecon-

118 3188 204 3252 auito
230 3187 350 3252 tradita
364 3189 398 3252 in
414 3188 434 3252 l.
452 3187 522 3251 134.
540 3187 654 3256 t.·1.ff.
681 3187 721 3252 de
744 3189 829 3252 verb.
849 3189 988 3274 obligat,
1011 3193 1207 3277 plerumque
1222 3215 1269 3271 co,
1294 3195 1431 3279 quaein

117 3299 387 3384 praefationibus
409 3299 594 3363 convenisse
609 3299 848 3383 concipiuntur,
874 3299 976 3363 etiam
989 3301 1026 3363 in
1051 3301 1325 3385 stipulationibus
1338 3323 1428 3388 repe-

119 3411 182 3472 tita
195 3409 386 3488 credrurtur,
401 3409 449 3472 sie
463 3417 581 3487 tantan,
596 3417 634 3471 ut
648 3429 714 3472 uon
727 3430 767 3472 eu
782 3430 821 3472 eu
843 3410 1034 3492 repetitione
1048 3411 1181 3474 inutilis
1195 3411 1354 3495 efficimur
1369 3413 1428 3476 sti-

117 3517 264 3599 pulatio;
288 3515 382 3597 quasi
409 3515 672 3580 concludendum
697 3517 746 3594 sit,
776 3515 993 3581 conditionem
1025 3517 1231 3603 sponsalibus
1258 3519 1427 3604 adjectam,

117 3643 201 3706 quae
217 3626 324 3688 vicem
347 3623 587 3707 quodammodo
601 3623 807 3706 praefationis
833 3637 955 3708 gerunt,
971 3628 1004 3690 in
1029 3629 1235 3693 matrimonio
1257 3632 1426 3714 repetitam

117 3733 250 3813 censeri,
267 3733 314 3796 sic
339 3743 457 3811 tamen,
474 3743 510 3796 ut
533 3749 575 3796 ex
589 3753 629 3796 ea
653 3733 840 3816 repetitione
865 3755 930 3798 non
955 3735 1069 3800 inutile
1095 3737 1339 3802 matrimonium
1354 3735 1425 3819 fiat;

120 3839 270 3902 videlieet
284 3857 349 3903 non
374 3839 408 3902 in
425 3857 581 3922 suspenso
607 3842 849 3906 matrimonium
865 3863 934 3905 esse
960 3843 1115 3922 credatur,
1132 3846 1234 3909 donec
1251 3846 1426 3930 impleatur

119 3945 267 4025 conditio,
284 3943 561 4026 quemadmodum
577 3949 609 4012 in
627 3967 783 4033 suspenso
796 3961 888 4014 erant
903 3953 1075 4035 sponsalia;
1094 3953 1149 4016 sed
1167 3965 1203 4018 ut
1218 3953 1425 4018 matrimonio

118 4057 311 4118 consistente
325 4055 480 4136 obligatio
504 4074 665 4139 emergere
679 4059 818 4143 incipiat,
841 4059 1001 4144 adjectam
1015 4059 1232 4124 conditionem
1248 4079 1312 4124 nou
1328 4059 1424 4143 quasi

117 4165 343 4244 conditionem,
360 4165 416 4228 sed
432 4167 538 4249 potius
552 4167 646 4250 quasi
662 4167 796 4232 modum
811 4169 975 4252 implendi.

160 4278 243 4342 Inter
257 4277 447 4362 probabiles,
474 4279 789 4360 honestissimosque,
805 4281 905 4343 immo
927 4280 1024 4343 etiam
1040 4297 1103 4344 usu
1118 4279 1297 4344 freouentes
1312 4277 1422 4342 condi-

14 4413 15 4470 3
120 4387 218 4449 dones
233 4396 346 4465 esest,
362 4387 390 4448 si
415 4387 610 4468 parentibus,
636 4385 688 4449 vel
715 4387 763 4467 iis,
788 4389 846 4470 qui
872 4399 948 4452 sunt
974 4401 1144 4472 parentum
1159 4389 1237 4468 loco,
1253 4389 1420 4472 placuerit,

14 4491 15 4534 l
122 4513 187 4578 cap:
202 4497 231 4561 6.·
258 4495 300 4560 de
323 4495 499 4561 condition.
525 4513 660 4580 apposs,
686 4513 769 4579 quae
793 4497 821 4560 si
844 4497 1049 4581 sponsalibus
1070 4495 1247 4582 adjiciatur,
1263 4493 1421 4578 disputari
