3276 4984
178 412 321 460 Qlllidffl
344 413 430 456 SINT
453 411 678 458 mortuarum
702 411 792 454 Rt‘ra
815 407 1106 454 CONTRAO'PORUM
1131 408 1323 452 EFFECTUS.
1374 387 1418 452 79

116 553 182 616 aap.
193 533 223 596 3.
240 545 403 618 receptum
418 545 475 612 est,
491 553 532 596 ne
558 531 640 596 illud
666 531 808 614 conjugii
832 529 1101 613 impedimentum
1125 531 1266 613 primum
1281 549 1418 596 consau-

116 640 305 720 gnineorum
320 639 456 722 gradum
474 639 618 702 excedat.
663 639 829 702 Praeterea
852 639 982 702 saeoulo
1008 639 1055 702 12.
1079 647 1111 700 et
1129 637 1186 717 13,
1201 657 1265 719 quo
1275 641 1344 722 jam
1360 658 1418 722 pu·

16 735 17 754 ³
115 749 213 812 blicae
228 749 407 812 honestatis
423 747 690 830 impedimentum
715 747 904 823 invaluerat,
931 745 1040 808 adhue
1064 745 1173 826 ipsam
1198 745 1269 808 oriri
1292 744 1419 810 diceba-

114 865 169 932 tur,
185 855 287 916 etiarn
302 855 329 916 si
345 853 509 935 sponsalia
523 855 564 918 ab
578 855 670 918 initio
685 854 773 918 irrita
786 851 1113 933 fuissentdummodo
1123 871 1187 916 non
1200 850 1337 916 fuissent
1352 854 1417 918 irri-

114 975 144 1026 ta
156 984 199 1028 ex
215 963 346 1026 deiectu
360 981 546 1041 consensus,
562 982 633 1046 cap.
660 983 714 1026 un.
740 961 781 1024 de
805 960 1009 1042 sponsalibus
1034 960 1068 1023 in
1083 961 1123 1038 6.,
1146 978 1215 1040 cap.
1231 960 1270 1037 4.,
1286 969 1318 1022 et
1331 961 1361 1022 6.
1377 959 1418 1024 de

113 1071 297 1154 desponsat.
310 1071 438 1149 imonb,
453 1089 523 1152 cap.
540 1089 594 1134 un.
611 1071 680 1134 eod.
696 1071 742 1132 tit.
756 1073 789 1132 in
812 1070 852 1147 6.,
878 1069 998 1130 etenim
1021 1067 1152 1149 publiea
1174 1067 1232 1129 illa
1256 1066 1418 1148 honestas,

113 1199 175 1261 qna
189 1179 239 1258 fit,
257 1189 294 1244 ut
307 1198 461 1262 sponsam
476 1175 580 1242 fratris
591 1179 686 1262 jungi
701 1197 767 1243 non
783 1177 879 1240 lioeat
891 1176 983 1240 alteri
998 1174 1095 1256 fratri,
1117 1189 1252 1242 eatenus
1267 1178 1301 1240 in
1316 1178 1418 1242 homi·

114 1308 190 1352 num
220 1288 375 1372 opinione
405 1286 658 1352 fundamentum
687 1287 792 1366 habet,
822 1297 984 1367 qnatenus
1014 1303 1133 1367 sponsa
1163 1286 1342 1368 quamdam
1373 1288 1419 1352 in·

19 1379 21 1386 ¹
112 1398 228 1460 ducere
248 1397 358 1479 incipit
376 1396 675 1478 uxorispersonam,
691 1395 862 1458 contrusit
888 1395 921 1458 in
947 1395 989 1456 rei
1005 1395 1148 1476 veritate,
1165 1407 1261 1477 atque
1277 1397 1310 1460 ln
1325 1417 1419 1479 spon·

112 1509 234 1573 salibus
251 1507 327 1570 lieet
341 1506 444 1583 irritis,
460 1525 499 1568 ea
515 1505 624 1568 uxoris
640 1505 748 1585 imago
763 1501 871 1566 adhuc
897 1503 1026 1585 publice
1050 1501 1165 1564 saltem
1187 1504 1220 1564 in
1235 1503 1419 1583 opinionem

112 1619 285 1686 hominum
301 1617 461 1678 retinetur.
506 1613 571 1676 Sed
585 1631 714 1676 rursum
729 1612 911 1676 notandum
925 1622 982 1690 est,
994 1611 1091 1674 hodie
1107 1630 1165 1674 nos
1178 1610 1318 1674 adhaere
1330 1631 1419 1694 opor·

112 1739 172 1790 tore
197 1725 385 1788 definitioni
409 1722 594 1788 Tridentini
620 1721 853 1802 conciliique
879 1720 1043 1783 decretum
1069 1733 1126 1799 est,
1152 1730 1188 1783 nt
1210 1740 1419 1802 quacumque

112 1833 233 1895 ratione
259 1829 425 1913 sponsalia
450 1829 561 1892 valida
586 1849 644 1892 nor
670 1831 744 1908 sint,
773 1828 902 1892 nullum
926 1830 1074 1912 publicae
1098 1829 1274 1892 honestatis
1289 1829 1422 1914 impedi·

110 1956 260 2008 mentum
275 1941 504 2005 contrahendis
516 1941 729 2004 matrimoniis
752 1939 842 2002 obsit.
887 1939 1138 2003 Observandum
1163 1942 1264 2004 etiam
1291 1953 1347 2020 est,
1364 1961 1422 2024 pu·

110 2053 229 2116 blicam
247 2051 450 2114 honestatem
466 2049 574 2110 statim
590 2047 723 2128 quidem
749 2047 910 2127 habuisse,
927 2057 959 2110 et
980 2047 1098 2110 habere
1114 2048 1223 2112 locum
1239 2050 1272 2114 in
1288 2070 1423 2133 sponsa-

111 2157 191 2222 libus
207 2176 302 2242 pnre,
319 2175 390 2219 non·
401 2165 510 2218 antem
526 2157 588 2218 sub
603 2155 787 2218 conditione
809 2155 993 2236 contractis,
1020 2157 1082 2220 nisi
1102 2157 1172 2241 jam
1196 2159 1337 2222 conditio
1351 2181 1423 2224 eve·

108 2269 197 2350 nerit;
224 2265 427 2350 proindeque
453 2265 480 2326 si
502 2273 577 2326 ante
603 2274 756 2329 eventum
782 2263 975 2326 conditionis
1001 2263 1166 2346 sponsalia
1192 2249 1422 2347 dissolvuntur,

109 2381 245 2445 nnllnm
258 2397 330 2440 esse
345 2373 565 2439 contrahendo
579 2375 728 2458 conjugio
744 2375 1022 2458 impedimentum,
1045 2374 1144 2438 etiam
1169 2373 1196 2437 si
1212 2373 1290 2438 sorte
1305 2373 1423 2439 deinde

108 2492 255 2558 mnditio
269 2489 420 2566 extiterit,
434 2485 522 2550 dieto
534 2505 606 2569 cap.
624 2505 680 2550 nn.
695 2485 736 2550 de
752 2485 981 2569 sponsalibus
972 2505 1007 2549 tn
1021 2487 1052 2549 6.

146 2602 297 2677 Habent,
311 2609 346 2662 nt
361 2595 505 2660 diximus
517 2595 682 2679 sponsalia
690 2595 870 2677 qnamdam
881 2595 1079 2660 matrimonii
1090 2595 1278 2679 imaginem,
1287 2605 1318 2660 et
1329 2613 1424 2680 spon·

109 2733 142 2777 aa
156 2732 229 2777 non
247 2707 451 2790 longedistat
465 2709 509 2771 ab
529 2727 640 2770 uxore.
683 2706 770 2770 Hine
796 2717 853 2786 est,
878 2707 966 2790 qnod
991 2707 1170 2790 aliquando
1191 2727 1329 2791 sponsae
1344 2728 1426 2774 uxo·

108 2838 183 2898 rem,
198 2827 236 2880 et
250 2815 430 2897 conjugum
446 2815 576 2878 nomine
590 2815 624 2878 in
639 2815 740 2878 saeris
753 2816 935 2880 canonibus
949 2817 1161 2900 appellentur,
1173 2835 1245 2882 ean.
1259 2818 1316 2898 12.ς
1330 2829 1363 2880 et
1374 2817 1425 2884 rt.

109 2945 196 2991 caus.
214 2926 271 2988 at.
288 2933 414 3006 quaest.
429 2924 459 2986 2
503 2922 590 2986 Hine
605 2923 703 2986 etiam
719 2933 776 3004 est,
803 2923 892 3006 quod
915 2925 1064 3008 plurima,
1091 2945 1176 3010 qnae
1191 2925 1231 2989 de
1247 2945 1348 2992 uxore
1363 2939 1430 2992 ata·

111 3048 178 3102 trita
192 3045 287 3116 snut,
304 3035 347 3098 ad
362 3053 516 3118 sponsam
531 3033 625 3098 facile
641 3034 693 3098 vel
708 3035 842 3120 legibus,
858 3037 911 3100 rel
934 3047 1021 3102 reeta
1042 3037 1154 3122 legum
1168 3040 1428 3123 interpretatione

110 3145 354 3230 protrahantur.
397 3142 485 3206 Hinc
509 3141 673 3226 Ulpianus
698 3144 730 3208 in
755 3143 774 3208 l.
791 3145 821 3209 6.
838 3149 859 3212 l.
885 3147 912 3210 l.
928 3145 962 3210 li.
978 3146 1019 3212 de
1035 3148 1199 3232 gradibus,
1214 3161 1246 3214 et
1261 3150 1429 3216 adfinibus

111 3256 284 3320 arnbebat:
314 3251 438 3316 Generi
452 3259 483 3315 ot
496 3273 605 3317 nanta
619 3253 844 3338 appellatione
857 3276 1003 3340 epotam
1018 3279 1153 3344 quoque,
1169 3267 1201 3322 et
1214 3279 1340 3344 sportae
1354 3282 1428 3326 omr-

113 3363 282 3441 tiaentur;
297 3361 378 3424 uma
391 3360 504 3438 noemi,
520 3368 553 3424 et
567 3381 682 3426 socrus
696 3363 920 3447 appellatione
938 3385 1139 3450 opomerum
1158 3379 1316 3453 parentes
1330 3372 1430 3436 emati-

113 3473 184 3536 aera’
197 3471 369 3547 videntur,
384 3479 417 3531 et
432 3467 466 3532 in
488 3468 509 3532 l.
536 3467 566 3533 8.
590 3469 622 3532 ff.
638 3469 707 3534 eod.
735 3471 782 3536 tit
806 3472 1017 3555 Pomponius:
1041 3476 1180 3542 Senias
1194 3487 1278 3544 recte
1292 3481 1430 3550 aiebat,

114 3583 226 3656 noceri,
240 3588 273 3644 et
288 3599 413 3654 socrus,
430 3587 461 3642 et
472 3579 600 3662 generi,
615 3587 647 3642 el
660 3599 769 3644 nurus
778 3583 1034 3667 appellationem
1045 3588 1151 3652 etiam
1163 3609 1204 3652 aa
1218 3593 1432 3675 epomolidm

113 3689 261 3775 adpriri.
308 3685 364 3750 Ex
380 3686 441 3750 hae
457 3684 569 3768 regula
582 3684 643 3750 fnit
658 3686 692 3750 in
708 3687 841 3771 legibus,
856 3691 976 3772 quibus
991 3693 1168 3776 excipitur,
1186 3713 1228 3758 ne
1243 3715 1358 3780 gener,
1374 3707 1433 3762 aut

115 3811 201 3858 socer
216 3792 345 3858 invitus
360 3791 581 3858 testimoninm
604 3793 709 3858 dicere
733 3807 877 3878 cogatur,
904 3801 1012 3882 generi
1038 3802 1261 3885 appellatione
1277 3823 1435 3888 sponsum

114 3917 242 3982 qnoque
259 3896 349 3962 tiliae
363 3899 526 3978 eontineri,
541 3900 618 3964 item
633 3902 732 3966 soeeri
748 3923 888 3988 sponsae
914 3919 1055 3991 patrem,
1081 3909 1101 3972 l.
1129 3913 1168 3992 6.,
1189 3913 1304 3995 juncta
1320 3913 1341 3976 l.
1355 3915 1385 3977 4.
1401 3911 1436 3980 ii.

116 4002 153 4066 de
167 4005 317 4068 testibus.
361 4003 448 4068 Hine
462 4019 626 4088 praeterea
641 3999 687 4090 tit,
703 4021 739 4076 ut
753 4014 910 4096 quoniam
927 4015 1001 4098 lege
1021 4017 1177 4103 Pompeja
1192 4020 1232 4084 de
1257 4021 1437 4106 parricidiis

118 4124 277 4180 statutum
292 4111 381 4192 leret,
399 4123 554 4196 tanquam
570 4118 763 4200 parricidam
779 4121 970 4188 habendum
989 4144 1074 4205 esse,
1089 4127 1145 4208 qni
1157 4145 1302 4208 uxorem,
1319 4139 1376 4191 aut
1390 4129 1437 4194 vi·

16 4295 17 4298 Ἴ
117 4241 187 4288 rum
201 4221 384 4303 occidisset,
406 4221 451 4286 ita
467 4224 651 4306 censendus
666 4239 751 4292 esset
765 4230 935 4312 parricida,
954 4233 1012 4314 qui
1029 4252 1182 4316 sponsam
1196 4255 1290 4300 suem
1305 4235 1440 4302 occidis·

16 4313 18 4350 l
122 4347 175 4398 aet
213 4345 274 4402 aut
299 4353 439 4418 sponsae
464 4347 630 4419 parentem
656 4338 678 4403 l.
703 4339 743 4405 3..
770 4352 804 4405 et
826 4341 857 4406 4.
881 4341 916 4406 ff.
943 4343 986 4408 ad
1003 4343 1066 4428 leg.
1080 4346 1243 4432 Pompde
1257 4347 1438 4430 parricidiis

124 4439 210 4506 Hine
227 4439 339 4506 'tidem
353 4449 410 4522 est,
425 4441 513 4524 qrrod
527 4443 806 4536 quemadmodum
832 4449 950 4516 marito
972 4452 1056 4516 aetio
1070 4451 1272 4538 injuriarium
1286 4455 1441 4540 coneedi-
