3120 4980
287 490 335 538 ss
351 487 411 550 ns,
426 487 490 538 our
506 485 660 532 cisaram
677 481 794 530 rrnarr
811 475 968 528 rastros
985 470 1236 522 rsaasssrss.
1371 443 1414 516 ω

127 613 191 678 sini
204 615 343 680 moribus
356 615 425 676 suis
440 627 522 694 pene
536 608 696 678 universio
710 605 729 672 J
733 601 839 684 edaci,
855 602 921 666 sint
934 599 990 680 illi,
1012 607 1173 680 quantum
1188 592 1278 672 velia,
1294 587 1414 654 inlensl
1465 625 1469 632 ·

128 722 316 796 Christianae
330 723 415 801 iidei,
430 731 462 784 et
477 719 616 786 nominis
631 713 763 796 iuimici3
780 712 845 776 sint
859 710 957 773 etiam
973 706 1119 790 publicae
1142 701 1218 768 fidei
1233 699 1414 780 violatores,

125 829 182 894 sint
195 831 468 918 superstitionibus
489 827 638 906 involuti;
654 825 680 888 ri
697 842 762 888 nou
777 817 877 898 aliud,
899 817 981 882 illud
996 815 1110 880 saltem
1128 813 1255 878 lucrum
1277 819 1415 894 reporta·

125 939 165 1006 bs
178 943 330 1022 Ecclesia,
353 961 394 1004 ac
409 939 519 1022 religio
533 947 651 1015 nostra,
676 953 742 1018 quo
755 951 799 996 ex
823 949 933 996 eorum
959 927 1149 1014 testimonio,
1164 925 1274 1004 velint,
1300 922 1413 998 nolint,

125 1049 298 1116 Christiana
311 1071 382 1134 ipsa
403 1048 486 1114 fidas
500 1043 701 1112 confitemur.
745 1042 798 1106 illi
812 1041 873 1123 ipsi
888 1049 973 1118 sunt,
995 1057 1037 1101 ss
1051 1053 1190 1120 quorum
1206 1033 1301 1112 libris,
1317 1043 1415 1114 atqua

123 1159 387 1241 stitiscsnisque
412 1153 639 1222 traditionibus
665 1150 841 1218 Aethnicos
856 1149 950 1214 tacite
975 1145 1209 1223 convincimus,
1236 1133 1416 1224 ‘etquidem

122 1275 156 1326 so
167 1265 374 1330 validioribus
387 1273 652 1346 argumentorum
668 1258 844 1342 praesidiis,
869 1276 935 1342 quo
949 1254 1137 1320 intensiores
1151 1263 1227 1319 srmt
1242 1252 1372 1331 inimici,
1395 1257 1416 1316 1

121 1389 248 1453 qucrrrm
262 1373 389 1439 scriniis
413 1381 605 1456 argumenta
629 1370 746 1434 eadem
767 1369 965 1432 derivamus.
1009 1365 1062 1430 llll
1077 1365 1138 1448 ipsi
1161 1375 1247 1446 sunt,
1268 1365 1326 1447 qui
1340 1364 1415 1428 Pro
1499 1395 1507 1406 ·

123 1479 233 1564 phetas,
248 1496 281 1547 et
296 1483 450 1548 vaticinia
465 1482 585 1549 Christi
599 1479 823 1562 Redemptoris
837 1476 1007 1540 nobiscum
1021 1473 1251 1553 custodierunt,
1266 1482 1298 1536 et
1311 1471 1416 1536 vindi·

120 1591 255 1670 cantito,
271 1601 307 1652 ut
332 1609 391 1654 nos
415 1589 457 1654 de
471 1591 603 1654 obtrusa
627 1585 770 1652 falsitate
795 1585 961 1650 snemine
986 1581 1136 1666 redargui
1161 1583 1333 1666 possimus.
1363 1581 1417 1648 titi
1480 1581 1484 1591 ’

118 1711 197 1782 suot,
213 1703 268 1785 qui
284 1701 453 1768 Christum
467 1701 671 1766 §erratorem
697 1698 806 1762 adhuc
820 1696 917 1762 hodie
939 1715 974 1760 se
988 1695 1145 1758 occidisse
1159 1703 1326 1760 testantur.
1364 1693 1417 1760 llll

119 1819 196 1888 suot
212 1809 268 1892 qui
283 1819 356 1892 post
370 1809 492 1874 christi
505 1807 751 1872 crucifixionem
766 1825 800 1870 se
814 1808 885 1870 sine
900 1805 1003 1884 Duce,
1018 1805 1089 1868 sine
1104 1803 1202 1886 Rege,
1214 1803 1417 1868 calamitates

118 1929 224 1981 omnes
237 1935 294 2000 per
308 1915 463 1988 diuturna
476 1915 610 1980 saecula
623 1933 735 1980 mcum
751 1926 877 1978 traxere
898 1913 1026 1999 profugi
1041 1914 1075 1978 io
1098 1914 1285 1978 universam
1300 1923 1418 1980 terram

119 2019 282 2090 incanum
308 2041 420 2108 aequa,
446 2041 485 2088 ac
510 2023 717 2108 perspicuum
741 2021 873 2087 divinae
898 2022 1134 2089 maledictionis
1157 2035 1416 2092 monumentum.

116 2129 200 2202 Quid
217 2132 337 2210 amuda
361 2131 591 2198 deducendum
605 2131 669 2198 estl
714 2133 790 2201 Duo
804 2149 884 2198 saus
898 2131 1096 2198 consectaria
1109 2133 1334 2198 observatione
1348 2131 1417 2216 dig-

117 2240 256 2325 nissima3
272 2260 413 2324 quorum
427 2243 569 2326 primum
583 2253 641 2322 est,
665 2261 736 2306 csse
751 2240 884 2326 quidem
910 2241 1096 2306 Christiano
1110 2243 1180 2304 viro
1205 2237 1349 2305 maxime
1364 2257 1418 2302 ca·

117 2350 263 2428 randum,
280 2367 322 2414 ne
335 2349 416 2420 sorte
429 2347 630 2415 Iudaeorum
643 2360 702 2416 aut
716 2347 1005 2432 superstitionibus,
1022 2359 1081 2414 aut
1094 2365 1223 2418 morum
1237 2346 1419 2432 corruptela

117 2454 294 2540 seducatur;
321 2456 460 2522 alterum
476 2468 532 2538 est,
548 2457 673 2542 privato
687 2457 812 2522 honiini
838 2477 903 2524 non
918 2459 1013 2522 licere
1027 2459 1061 2534 in
1076 2475 1139 2538 cos,
1155 2459 1211 2522 ubi
1225 2458 1418 2524 auctoritate

118 2571 242 2652 publica
257 2573 289 2636 in
305 2583 393 2635 carta
407 2571 493 2652 urba,
507 2570 669 2654 oppidove
681 2571 870 2651 consistant,
893 2570 988 2652 quasi
1003 2568 1186 2652 tyranidem
1201 2587 1359 2650 exercere,
1381 2577 1419 2636 ut

116 2679 295 2764 pausasse
311 2679 369 2744 aed
384 2680 493 2765 potins
511 2700 585 2744 asse
600 2680 673 2744 illos
687 2700 764 2744 cum
779 2681 983 2748 humanitate
1004 2681 1149 2764 quadam
1168 2679 1211 2746 ad
1225 2681 1419 2765 ejurandam

117 2787 535 2876 Synagogamtnvtrandos.
579 2789 655 2854 Huc
668 2790 843 2856 collineant
868 2801 899 2854 et
915 2789 1150 2874 Religiosorum
1166 2789 1364 2872 Principum,
1387 2798 1420 2854 ct

119 2889 416 2976 Ecclesiasticorum
442 2901 633 2966 Antistitum
649 2911 734 2980 vota,
757 2902 815 2982 qui
830 2903 875 2964 ita
883 2899 1007 2985 junctis
1019 2899 1173 2981 consiliis,
1199 2917 1419 2984 unaquaeque

118 3023 370 3094 composuerunt,
386 3021 423 3074 ut
436 3009 513 3076 hinc
528 3011 713 3076 animarum
728 3009 875 3074 fidelium
897 3010 1041 3093 pericula
1056 3021 1243 3091 caveantur,
1264 3009 1354 3074 illinc
1368 3028 1421 3074 cc·

117 3115 216 3195 miss,
240 3128 271 3180 et
287 3117 470 3199 benignitas
493 3118 677 3182 Christiano
691 3119 824 3182 homine
839 3119 940 3201 digna
954 3137 1032 3202 erga
1054 3119 1186 3184 miseros
1200 3115 1350 3184 homiues
1366 3139 1418 3186 su·

120 3227 352 3306 perstitionibus
367 3227 497 3290 obrutos
511 3226 713 3306 exhibeatur,
740 3227 786 3290 ita
801 3239 918 3306 tamen,
936 3239 971 3291 ut
986 3247 1051 3292 non
1073 3247 1186 3293 eorum
1200 3228 1347 3294 foveatur
1362 3247 1420 3296 au»

119 3327 214 3412 dacia,
229 3331 286 3396 sed
300 3343 346 3412 ot,
373 3331 452 3396 dum
467 3333 570 3416 pietas
585 3346 751 3400 exercetur
765 3335 798 3400 in
813 3355 877 3416 scs,
902 3337 1045 3419 ipsorum
1072 3339 1220 3422 impietas
1235 3341 1329 3404 certis
1345 3339 1417 3406 fini·

121 3433 177 3500 bus
191 3449 358 3518 coercetur,
385 3435 499 3504 heaut
515 3439 611 3504 latius
637 3460 679 3504 ex
694 3443 797 3504 nimia
821 3445 1030 3530 conniventia
1045 3457 1160 3529 serpat,
1183 3460 1241 3511 aut
1255 3448 1289 3512 in
1305 3469 1418 3520 veram

120 3543 211 3611 fidem
225 3547 375 3640 injuriam
390 3548 515 3612 inserat.
558 3550 727 3614 Generalis
742 3553 822 3614 haec
848 3553 1028 3616 observatio
1054 3553 1211 3642 triplicem
1233 3555 1331 3620 habet
1346 3575 1420 3639 par·

122 3663 189 3738 tem3
206 3659 308 3741 prima
323 3656 451 3742 respicit
475 3657 669 3724 familiarem
690 3659 878 3742 quamdam,
904 3674 936 3724 et
951 3662 1105 3726 socialem
1126 3665 1415 3750 conversationem;
1459 3743 1466 3752 ,

120 3761 212 3828 altera
227 3767 353 3832 cultum
368 3787 542 3849 sacrorum
559 3781 720 3850 postrema
737 3789 871 3834 munera
886 3771 1026 3853 publicu

158 3877 269 3960 Itaque
293 3879 450 3962 imprimis
477 3881 598 3944 ratione
613 3881 749 3962 socialis,
776 3895 833 3946 aut
855 3883 1025 3948 familiaris
1050 3889 1303 3954 conversationis
1318 3897 1350 3952 et
1364 3907 1417 3952 ca·

65 4005 67 4008 ·
121 3989 220 4052 reoda
235 4003 312 4058 sunt
338 3992 525 4072 Christiano
536 3993 687 4075 pericula,
714 4015 755 4058 ne
770 3995 952 4076 seducatur,
978 4008 1010 4060 et
1025 4013 1102 4064 sunt
1125 4001 1242 4066 Judaei
1265 4019 1343 4066 cum
1357 4003 1418 4066 hu·

120 4097 277 4180 monitate,
293 4117 359 4162 non
376 4119 453 4166 cum
467 4103 638 4184 asperitate
654 4105 821 4168 tractandi.
866 4107 946 4177 Qua
961 4111 995 4173 in
1011 4131 1043 4174 re
1066 4109 1257 4196 generaliter
1272 4111 1418 4176 animad-

121 4206 304 4272 vertendum
318 4221 376 4288 est,
398 4209 540 4274 Judaeos
556 4212 588 4274 in
605 4213 644 4274 iis
661 4211 746 4292 locis,
771 4215 803 4278 in
818 4216 937 4296 quibus
952 4217 1068 4301 degere
1083 4217 1271 4282 auctoritate
1286 4217 1418 4301 publica

118 4325 352 4399 permittuntur,
376 4323 573 4403 precicibus
587 4323 792 4403 considerari,
808 4345 874 4390 uno
887 4342 1023 4414 excepto
1045 4332 1206 4394 honorum
1216 4333 1296 4416 jure,
1314 4335 1419 4415 proin-

117 4425 218 4509 deque
232 4451 296 4496 non
312 4451 383 4496 esse
398 4419 575 4513 habendos,
591 4435 685 4517 quasi
700 4451 792 4502 extra
806 4457 937 4504 omnem
953 4445 1219 4508 communionem
1236 4446 1365 4528 positos,
1388 4459 1420 4512 et

115 4533 172 4598 rix
187 4539 305 4623 injrrriis
319 4561 385 4608 non
401 4543 617 4629 lacessendos
633 4559 798 4629 propterea
812 4547 920 4614 licebit
934 4569 1011 4616 cum
1027 4553 1105 4636 ipsis
1120 4555 1201 4620 inire
1215 4555 1360 4637 honesta,
1383 4567 1416 4622 et
