3216 4988
59 477 64 488 .
157 519 164 532 ι
218 425 282 490 eto
464 453 697 528 censentur,
717 457 1127 528 nisenarentoettrnnr,
1145 467 1221 514 ese.
1239 449 1282 515 ll.

215 571 353 636 busdam
369 572 549 638 Gothorum
565 578 716 657 restibus,
732 581 841 659 servis,
859 587 1084 650 tantummodo
1104 585 1258 654 coucesso
1275 611 1336 657 usu
1352 593 1502 674 birromm,

215 692 247 742 et
261 681 472 762 cucullarum,
488 683 508 747 l.
528 686 563 762 l.,
591 697 623 749 et
637 689 846 770 sequentibus
860 691 931 754 cod.
948 693 1076 757 Tlreod.
1093 696 1133 759 de
1147 699 1269 781 habitu,
1288 703 1354 785 quo
1369 705 1413 768 uti
1426 723 1499 788 epor-

215 799 258 852 tet
273 790 357 852 intre
371 791 492 854 urbem.
528 792 579 855 Eo
594 807 757 878 propterea
772 797 881 862 miuus
898 802 984 882 passi
1006 799 1137 866 suerunt
1152 803 1373 872 Ecclesiemm
1388 809 1501 874 Antisti·

214 911 270 978 tes,
287 909 392 962 vestes
407 901 591 982 peregrines
613 901 645 964 in
661 901 783 967 clerum
801 905 920 985 induci,
937 919 1123 989 statuentes,
1140 921 1177 975 ut
1191 913 1296 994 prisce
1313 913 1407 976 slbee
1422 925 1499 997 tegna

213 1021 311 1086 supra
326 1008 470 1068 tunicam
497 1009 613 1090 pariter
628 1009 738 1082 elbum
754 1013 923 1096 impositae
950 1016 1152 1081 consuetudo
1178 1021 1374 1103 retineretur,
1389 1039 1454 1085 cen.
1468 1025 1500 1100 2.,

206 1125 244 1174 ὀι
258 1113 286 1173 3.
303 1131 392 1176 cens.
408 1115 457 1176 21.
473 1127 597 1196 quaest.
614 1117 643 1180 4.
688 1118 841 1184 Formam
860 1122 1023 1202 tondendi,
1041 1143 1105 1189 neu
1121 1125 1255 1192 radendi
1280 1131 1395 1213 capitis
1409 1143 1502 1214 epene

213 1219 344 1284 tradidit
358 1223 531 1307 Gregorius
557 1223 699 1308 Magnus
715 1246 748 1290 m
775 1229 929 1294 Pastcmli
944 1249 1014 1315 cept
1030 1233 1070 1311 7.,
1096 1233 1129 1296 in
1145 1233 1237 1318 epist.
1263 1233 1315 1297 25.
1330 1234 1400 1300 libr.
1426 1237 1452 1299 l.
1464 1237 1501 1299 in·

211 1328 350 1392 dictione
364 1331 405 1411 9,
430 1315 462 1394 οἱ
476 1332 509 1395 in
524 1333 615 1414 epist.
631 1333 661 1397 4.
679 1333 747 1398 libr.
763 1336 791 1398 7.
819 1337 993 1402 indictione
1012 1319 1061 1404 lo.
1076 1339 1133 1420 bis,
1145 1341 1257 1405 verbis:
1297 1341 1394 1416 thio
1405 1345 1502 1428 igiter

211 1440 326 1518 uincti,
342 1442 401 1526 qni
414 1449 585 1525 praestent,
611 1443 729 1507 labem
742 1443 876 1529 quidem
890 1447 1129 1512 sollicitudines
1150 1459 1183 1513 et
1195 1451 1373 1516 exteriores
1394 1451 1502 1529 most,

181 1537 185 1545 ’
210 1559 393 1616 nontamen
418 1554 467 1616 eis
481 1553 683 1618 uehementer
709 1555 902 1636 incumbere,
930 1555 1121 1624 Socerum
1135 1570 1219 1625 recte
1240 1569 1271 1625 et
1292 1565 1505 1648 cupruprolt'·

210 1657 325 1720 bertier
340 1657 464 1738 rudere,
491 1669 522 1723 ct
537 1679 665 1725 comem
681 1663 820 1740 nutrire,
845 1673 884 1728 ret
898 1659 1115 1748 cogitotirner
1128 1669 1282 1734 correntes
1305 1669 1347 1735 de
1360 1673 1432 1737 cite
1443 1676 1503 1737 etti

210 1755 364 1845 duorum,
381 1787 438 1830 nec
452 1776 473 1831 e
486 1787 521 1831 sc
537 1769 702 1853 funditus
715 1781 898 1854 omptume,
925 1793 983 1836 nec
997 1791 1118 1838 rursus
1131 1774 1178 1840 od
1202 1775 1414 1840 emtum
1427 1779 1505 1842 dni
1525 1841 1529 1854 ,

209 1883 285 1949 iitcr
300 1883 457 1946 rederent.
497 1877 560 1944 tut
575 1888 606 1944 et
619 1881 697 1946 bene
717 1879 854 1946 dicunt:
880 1884 1228 1950 medente‘tcrtdeoot
1253 1889 1368 1972 capite
1390 1906 1460 1968 sne,
1473 1895 1505 1952 ut

158 2019 161 2026 ’
208 1991 339 2058 scilicet·
356 2009 458 2056 curce
483 1977 677 2074 tenporeiis
701 1989 948 2070 sollicitudines,
972 2001 1006 2056 et
1028 2001 1196 2078 quemne
1219 2012 1348 2060 necoese
1373 2005 1429 2077 est,
1440 2017 1504 2082 pre

209 2106 318 2186 deant,
342 2115 373 2170 ct
387 2113 499 2170 tomen
522 2105 714 2170 reciduntur
737 2105 846 2185 cititts,
870 2123 912 2170 ne
932 2107 1187 2174 nnmederottm
1209 2122 1409 2177 aecem.
1441 2111 1504 2177 lion

208 2215 386 2299 aequaliter
401 2227 510 2281 temen
528 2213 789 2280 adtondebantur
799 2211 921 2298 capilli,
940 2215 1025 2279 siout
1038 2231 1110 2280 mes
1124 2231 1193 2284 eret
1208 2217 1368 2284 lelconun
1384 2223 1506 2306 sporn

208 2319 399 2404 lica'eetete,
415 2326 462 2390 uti
477 2323 569 2389 docet
584 2323 708 2390 Patrius
724 2325 758 2389 in
775 2325 802 2387 1.
818 2321 862 2388 ad
877 2321 1022 2388 Corinth.
1038 2339 1108 2408 cap.
1128 2327 1187 2406 tu,
1210 2327 1268 2390 sed
1281 2345 1406 2394 comite
1419 2345 1505 2413 qnae·
1581 2375 1582 2378 ,

207 2437 285 2502 dem
300 2435 491 2520 capiliorum
506 2433 591 2498 circe
604 2441 705 2516 caput
718 2430 874 2516 prodibat,
890 2441 922 2494 et
935 2431 1097 2515 superius,
1111 2441 1145 2496 et
1158 2430 1293 2496 inferius
1306 2434 1444 2500 attonsis
1456 2433 1505 2496 cri·

206 2549 312 2614 nibus:
338 2545 428 2631 quod
442 2543 614 2610 deducitur
638 2560 680 2608 ex
694 2541 841 2607 Concilio
866 2531 1030 2606 'Peletnne
1047 2539 1101 2607 lv.
1118 2542 1196 2606 sutri
1210 2541 1283 2607 6311.
1298 2561 1374 2609 ctu.
1397 2545 1446 2609 41.
1460 2543 1506 2606 ibi:
1580 2601 1581 2604 ,

212 2655 335 2720 Omnes
353 2653 484 2732 Clerici,
508 2652 559 2716 oei
574 2651 735 2730 Lectores,
760 2653 848 2716 siem
864 2651 1002 2716 Levitae
1015 2657 1048 2715 et
1063 2649 1256 2716 &wdone
1269 2651 1407 2719 dotem
1422 2671 1506 2737 supr

165 2795 168 2800 ¹
205 2770 280 2832 rins
295 2775 359 2832 toto
374 2767 489 2852 eapite,
516 2765 661 2851 inferius
673 2763 781 2828 solam
806 2763 921 2829 eircrtii
947 2763 1315 2850 corenemreiittqttcnt,
1341 2784 1410 2832 nort
1430 2767 1505 2830 siet!
1579 2777 1580 2850 ζ

134 2905 140 2916 ·
205 2875 372 2962 ltttcnsqne
387 2878 424 2960 in
455 2871 606 2938 Gallicae
619 2872 775 2958 portibus
793 2873 910 2961 secere
925 2866 1078 2937 haeres
1092 2873 1255 2952 uidentur,
1282 2876 1344 2960 qrti
1364 2875 1505 2961 prolixi,

205 2991 244 3046 nt
258 2981 346 3062 iaici,
363 2981 464 3046 comis
478 2978 515 3044 in
529 2981 596 3045 sole
611 2981 735 3064 capitis
749 2981 843 3064 apice
863 2980 1031 3046 medicum
1045 2981 1208 3044 circuiunt
1223 2981 1370 3046 tondent.
1414 2982 1508 3046 Ritrn

205 3091 294 3155 eninr
309 3091 370 3154 iste
385 3089 422 3154 in
436 3087 611 3175 Hispania
624 3089 791 3173 tonoque
804 3087 1134 3173 hoereticornmsnit.
1178 3087 1441 3154 Hanceamdetu
1454 3089 1507 3152 cle

95 3272 99 3280 ι
206 3196 293 3258 ricae
317 3205 469 3258 tonsurae
484 3195 632 3276 ‚somnam
646 3194 865 3260 exbibuerunt
890 3195 1020 3260 saeculo
1035 3195 1171 3280 septimo
1197 3195 1232 3260 S.
1247 3197 1436 3264 Germanus
1457 3197 1506 3260 Pe·

206 3303 346 3366 triarche
371 3303 750 3386 Constantinopolitanus
776 3307 810 3368 in
836 3303 981 3369 Theona
1005 3322 1311 3387 rerunrsecmrum,
1339 3308 1506 3391 Gregorius

203 3411 409 3477 Tumnensis
436 3413 566 3476 desitis
592 3395 727 3476 Petrum
752 3413 900 3494 capu,
925 3422 957 3475 et
982 3409 1072 3476 Beda
1089 3413 1155 3477 libr.
1171 3415 1200 3479 4.
1217 3415 1373 3480 historice
1397 3413 1507 3498 Aegle

205 3541 277 3588 rum
294 3543 367 3606 cap.
385 3525 412 3586 l.
456 3523 584 3586 Addere
600 3536 734 3605 possum
756 3519 916 3585 Isidorum
932 3520 1144 3586 Mercatorem
1159 3523 1192 3587 in
1207 3541 1281 3587 ean.
1301 3524 1356 3588 21.
1373 3523 1447 3588 dist
1462 3519 1504 3584 21.

204 3635 247 3698 ed
263 3613 469 3717 disciplinam
496 3635 624 3718 septimi
639 3631 762 3697 saeculi
780 3631 1053 3697 confirmandam.
1098 3633 1234 3700 Eisdem
1249 3635 1350 3700 etiem
1373 3632 1506 3700 socculis

204 3744 326 3808 secerni
342 3753 516 3828 coeperunt
531 3744 563 3828 in
579 3741 723 3806 vestibus
739 3745 760 3806 1
774 3739 867 3806 laicis
881 3739 1007 3820 Clerici,
1023 3741 1110 3823 qued
1126 3743 1238 3826 probat
1252 3743 1431 3827 Gregorius
1444 3739 1504 3804 Tu·

204 3849 350 3914 nonensis
366 3851 400 3913 in¹
417 3851 484 3914 libr.
500 3849 530 3914 4.
547 3849 657 3914 hister.
674 3849 790 3914 Franc.
806 3867 877 3932 cap.
895 3847 954 3928 14,
971 3849 1156 3916 Concilium
1174 3850 1377 3916 Trullunutn
1392 3853 1427 3918 itt
1440 3867 1504 3913 ceu.
1575 3895 1576 3904 .

204 3959 240 4058 2..
250 3979 337 4026 caus.
353 3957 404 4024 21.
431 3969 554 4042 quaest.
570 3957 610 4036 4.,
627 3955 812 4022 Concilium
826 3957 1058 4022 Germanicum
1084 3956 1146 4022 sub
1161 3955 1330 4022 Bonisacio
1343 3955 1426 4022 enni
1439 3951 1502 4022 ttt

203 4085 275 4130 can.
291 4067 331 4146 7.,
358 4077 389 4130 et
404 4064 588 4128 Concilium
614 4061 800 4127 Romanum
827 4061 1010 4127 Zachariae
1025 4067 1104 4126 euni
1127 4061 1251 4127 'ila-in
1274 4081 1347 4128 ean.
1374 4062 1406 4126 3.
1420 4076 1505 4125 caut·

144 4209 158 4218 -
202 4177 254 4239 21.
270 4185 393 4258 quaest.
408 4176 448 4254 4.,
475 4163 678 4264 quamquem
692 4181 778 4235 certo
792 4169 921 4235 deliniri
946 4187 1012 4234 non
1027 4171 1137 4253 possit,
1157 4187 1219 4234 nec
1232 4171 1309 4253 quis
1322 4181 1410 4234 esset
1422 4167 1505 4232 bebi·

205 4294 258 4345 tus
273 4287 367 4358 color,
395 4299 454 4344 nec
469 4279 576 4363 qualis
591 4289 675 4342 esset
698 4279 927 4362 undecumque
952 4277 1068 4362 ligura.
1112 4277 1301 4346 verosimile
1326 4289 1436 4343 temen
1452 4283 1503 4350 est

205 4401 310 4450 vestes
326 4387 398 4450 illes
424 4405 529 4469 neque
544 4385 687 4470 fulgidas
713 4385 817 4450 colore
832 4383 1026 4466 sotem-sed
1042 4393 1100 4448 aut
1115 4383 1216 4464 albas,
1240 4397 1299 4449 eut
1313 4383 1430 4468 pullas,
1452 4389 1503 4440 ⁸0¹¹

204 4495 400 4575 nigricantes
426 4503 598 4575 postquem
624 4493 810 4576 praesertim
824 4491 942 4578 pullos,
965 4507 1025 4556 seu
1039 4489 1383 4575 nigncantesnabttm
1398 4485 1502 4552 stom

1566 4853 1572 4944 .
