3276 4984
146 445 195 492 ns
212 449 419 495 cousuaroa.
436 453 591 512 urrann,
611 453 823 516 oraurrsrs,
842 457 887 501 ar
903 455 1138 504 aurm'rurrs.
1155 453 1360 498 narnensis.
1402 429 1443 495 21

143 573 247 618 nense
263 559 363 642 vulgo
377 561 431 626 IV.
475 564 655 632 Concilium
671 569 749 630 anni
763 567 844 647 398,
867 567 942 631 item
957 577 1055 650 caput
1070 567 1098 628 6.
1122 566 1275 648 epistolae
1289 567 1446 630 Innocen-

146 667 182 728 tii
197 668 223 730 l.
239 669 283 731 ad
311 671 504 738 victricium.
548 675 718 758 Quidquid
744 676 830 739 idem
855 677 1063 740 Innocentius
1087 677 1206 740 iocan.
1226 675 1255 738 2.
1281 695 1370 738 caus.
1395 673 1445 736 34.

146 790 274 857 quaest.
293 781 330 858 1.,
346 784 533 865 eonjugium
548 783 728 867 legitimum
743 797 836 848 vocat
857 785 982 848 Gratia
997 781 1320 868 diuinasuudatnrni
1343 777 1448 850 Quid-

145 889 225 969 quid
243 889 313 951 Leo
330 892 471 974 Magnus
487 895 519 956 in
535 914 605 957 can.
623 895 671 958 17.
687 915 774 958 caus.
791 896 840 959 27.
857 905 980 976 quaest.
996 895 1025 956 2.
1041 895 1093 973 ait,
1110 893 1241 976 nuptias
1256 898 1277 956 a
1291 889 1447 974 principio

147 1000 194 1061 ita
209 1003 411 1082 constitutas,
427 1017 463 1066 ut
478 1025 511 1066 se
526 1006 682 1070 habereut
696 1009 932 1094 corpnnctinnis
951 1005 1087 1084 Christi,
1103 1015 1134 1068 et
1146 1005 1314 1068 Ecclesiae
1330 1001 1448 1064 Sacra·

147 1120 317 1191 arentum
342 1113 428 1194 quod
443 1114 529 1178 idem
544 1127 601 1196 est,
627 1135 666 1178 ae
680 1115 768 1198 quod
783 1117 898 1179 dicitur
913 1117 946 1178 iu
962 1116 1027 1178 fine
1048 1115 1181 1180 canonis
1196 1115 1348 1199 nuptiale
1362 1131 1450 1194 mys

148 1218 279 1282 terium
290 1237 356 1281 non
381 1223 615 1303 ministerium,
643 1225 689 1286 uti
706 1225 852 1290 nonnulli
879 1225 1045 1308 depravati
1058 1223 1224 1288 Gratianei
1246 1223 1381 1286 Codices
1396 1239 1450 1284 ex·

150 1327 282 1390 hibent?
325 1329 426 1399 Quod
441 1333 468 1394 si
493 1333 535 1395 ad
550 1334 723 1398 recentiora
749 1347 891 1417 tempora
915 1333 1154 1398 deveniendum
1180 1333 1229 1412 sit,
1256 1332 1290 1396 in
1306 1330 1450 1394 medium

151 1435 286 1522 proferri
300 1450 448 1522 poterunt
463 1443 662 1526 capitularia
676 1443 877 1508 Francorum
892 1443 959 1506 libr.
976 1445 1005 1506 7.
1021 1461 1090 1525 cap.
1113 1442 1193 1521 386,
1210 1441 1328 1523 quibus
1343 1437 1453 1502 statui-

151 1563 215 1630 tur,
231 1550 399 1616 ducendas
415 1573 530 1616 uxores
545 1574 616 1616 esse
630 1576 706 1619 cum
727 1553 944 1617 benedictione
960 1552 1156 1632 Sacerdotis,
1180 1553 1267 1616 stau
1279 1551 1318 1614 in
1333 1548 1452 1614 Sacra·

154 1667 319 1730 mentario
334 1667 531 1746 muniuerun-
555 1667 633 1729 item
648 1685 800 1748 responsa
814 1664 941 1728 Nicolai
956 1665 980 1728 I.
1003 1663 1046 1726 ad
1061 1663 1220 1745 Bulgaros
1233 1681 1304 1744 cap.
1330 1661 1369 1741 3,
1384 1659 1452 1742 qui·

155 1781 217 1844 bus
231 1777 401 1858 indicatur,
423 1797 557 1862 sponsos
572 1780 609 1842 in
624 1777 776 1842 Ecclesia
791 1777 932 1842 Domini
954 1797 1016 1860 per
1031 1775 1219 1840 Sacerdotis
1234 1795 1374 1838 manum
1387 1781 1455 1838 sta·

152 1892 216 1966 tui,
232 1890 343 1973 sicque
366 1889 498 1952 demam
513 1888 770 1967 benedictionem,
791 1897 822 1951 et
836 1888 984 1951 velamen
998 1887 1127 1951 coeleste
1148 1885 1323 1971 suspirem.
1368 1881 1455 1947 Addi

154 2009 290 2081 possent
302 2017 372 2080 cap.
388 1997 417 2060 9.
434 1997 474 2060 de
489 1997 633 2076 simonia,
650 2015 719 2080 cap.
746 1997 776 2059 9.
792 1996 832 2058 de
848 1995 1034 2075 Haereticis,
1061 1995 1255 2060 Constitutio
1270 1993 1401 2058 Martini
1416 1993 1455 2057 V.

154 2105 190 2168 in
206 2103 274 2168 fine
290 2103 426 2168 Concilii
441 2103 697 2167 Constantiensis
712 2103 789 2166 anni
808 2103 906 2181 1415,
923 2123 988 2184 qua
999 2103 1137 2186 jubetur,
1154 2111 1319 2184 suspectos
1331 2097 1371 2164 de
1382 2101 1458 2164 hae-

156 2215 218 2276 resi
235 2213 428 2295 interrogari,
456 2213 690 2290 ancredehant,
718 2211 803 2296 qtrod
821 2212 1036 2276 Christianus
1061 2221 1267 2276 contemnens
1281 2213 1457 2295 snsceptio-

154 2345 234 2388 aem
249 2323 542 2386 Sacramentoruni
569 2321 846 2406 Confirmationis,
869 2323 920 2386 vel
935 2321 1129 2386 Extremae·
1140 2321 1320 2401 Unctionis,
1344 2323 1395 2386 uel
1408 2343 1456 2386 so·

153 2432 408 2495 temnizationis
420 2431 635 2509 matrimonii,
649 2439 756 2514 peccet
770 2432 967 2510 aromatiten·
982 2442 1013 2493 et
1030 2429 1159 2495 tandem
1171 2431 1336 2495 decretum
1350 2431 1456 2515 Euge-

154 2543 202 2606 uii
219 2541 273 2605 IV.
290 2559 346 2623 pro
361 2539 517 2619 Armenia,
544 2539 599 2601 ubi
616 2541 782 2622 perspicua
799 2539 1000 2602 Sacramenti
1018 2537 1214 2602 matrimonii
1230 2537 1374 2601 doctrina
1389 2557 1457 2621 pro-

154 2648 297 2732 ponitur.
340 2647 414 2710 Non
429 2657 477 2708 est
502 2647 724 2727 omittendum,
751 2649 838 2730 quod
854 2647 1025 2710 inhaerens
1040 2647 1185 2729 Apostoli
1201 2647 1296 2710 Pauli
1313 2647 1456 2731 vestigiis

153 2756 291 2821 tradidit
301 2758 337 2820 S.
361 2757 510 2820 Thomas
525 2757 558 2820 iu
572 2777 642 2840 cap.
659 2759 688 2821 5.
713 2761 802 2840 epist.
818 2757 860 2820 ad
881 2757 1041 2840 Ephesios
1057 2757 1127 2820 lect.
1156 2759 1204 2820 tu.
1220 2758 1272 2821 ibi:
1303 2759 1457 2830 Quataar

155 2867 380 2932 Sacramenta
394 2867 550 2930 dictentur
564 2887 705 2950 magna:
730 2867 861 2930 Scilicet
873 2865 1073 2949 Baptismus
1085 2865 1360 2946 ratimeeffectns,
1378 2867 1458 2950 quia

154 2977 241 3042 delet
256 2977 398 3061 euripum,
425 2985 456 3040 et
471 2978 579 3060 aperit
584 2979 734 3062 januam
759 2975 938 3040 Paradisi:
966 2975 1179 3062 Corrfirmatio
1194 2977 1322 3040 ratione
1339 2975 1458 3041 Minis-

155 3088 211 3166 tri,
228 3086 310 3172 quia
324 3087 432 3149 solnm
457 3085 720 3168 hPorttiJicibus,
747 3093 777 3148 et
791 3107 857 3149 nnn
871 3087 912 3149 ab
937 3087 1016 3150 aliis
1034 3089 1214 3170 confertur:
1239 3087 1460 3151 Eucharistiae

154 3199 288 3260 ratione
302 3197 526 3274 cominentiae,
548 3187 629 3281 quia
644 3204 745 3259 tottam
767 3193 940 3260 Christum
955 3198 1108 3260 coratinet:
1133 3195 1392 3260 Matrimonium
1406 3218 1459 3260 ra-

155 3305 244 3366 tione
258 3302 526 3386 significationis,
541 3305 623 3389 qnia
636 3303 807 3387 significat
818 3307 1075 3390 conjunctionem
1090 3305 1226 3385 Christi,
1239 3313 1270 3369 et
1282 3305 1459 3372 Ecclesiae.

155 3411 196 3476 lu
212 3423 389 3493 conspectu
411 3413 526 3476 horum
540 3414 694 3492 omniurn,
723 3413 790 3475 sive
806 3415 895 3477 verbi
920 3415 982 3480 Dei
997 3415 1113 3498 scripti,
1140 3417 1209 3478 sive
1225 3415 1314 3480 verbi
1329 3415 1391 3482 Dei
1407 3435 1461 3499 per

158 3519 275 3604 Patres
287 3535 353 3581 nou
378 3519 554 3602 interrupta
568 3531 749 3602 temporum
771 3521 851 3583 serie
867 3519 980 3601 traditi,
1008 3541 1172 3603 quaenam
1187 3542 1355 3606 superesse
1369 3523 1460 3588 dubi·

156 3628 235 3694 tatio
251 3635 364 3707 potest,
390 3627 469 3707 quin
485 3630 727 3695 matrimonium
742 3631 823 3694 inter
838 3631 1049 3695 Sacramenta
1074 3651 1179 3694 nouae
1196 3632 1275 3714 legis
1294 3633 1367 3716 jure
1381 3633 1459 3717 opti·

159 3765 210 3810 mo
237 3741 456 3806 recenseatur?
499 3742 661 3806 Nimirum
686 3743 811 3824 quoties
834 3741 927 3822 signo
951 3741 1094 3822 quodam
1119 3741 1264 3805 sensibili
1290 3763 1332 3806 ex
1347 3743 1460 3806 diviua

160 3853 358 3917 institutione
373 3850 475 3931 gratia
490 3849 552 3914 Dei
566 3847 734 3928 confertur,
751 3848 830 3930 quid
845 3849 934 3912 deest
948 3849 1098 3931 amplius,
1123 3859 1160 3912 ut
1174 3849 1256 3914 illud
1270 3851 1459 3916 Sacramen-

162 3975 227 4028 tum
241 3981 315 4026 esse
340 3961 502 4025 dicamust
545 3961 584 4024 ln
606 3961 754 4044 conjugio
777 3959 967 4023 celebrando
993 3961 1020 4024 si
1036 3973 1092 4026 aut
1114 3961 1259 4026 elicitum
1283 3965 1461 4048 conjugunt

157 4091 364 4150 consensum,
380 4080 437 4134 aut
451 4067 690 4134 sacerdotalem
704 4069 961 4134 benedictionem
976 4071 1165 4152 consideres,
1186 4074 1320 4156 siguum
1334 4091 1459 4154 semper

158 4176 310 4244 sensibile
326 4197 492 4261 agnosces:
520 4177 633 4242 eodem
649 4179 742 4260 signo
757 4179 892 4260 gratiam
909 4179 970 4242 Dei
985 4179 1127 4260 conferri,
1153 4179 1329 4264 etquidem
1346 4201 1386 4244 ex
1411 4181 1459 4246 di·

156 4291 234 4354 vina
249 4287 445 4353 institutioni
460 4289 627 4350 memorati
641 4287 809 4352 Ecclesiae
831 4285 943 4352 Patres
957 4287 1166 4361 tradiderunt.
1212 4288 1348 4354 Debebis
1362 4289 1459 4370 igitur

157 4399 190 4464 in
205 4399 357 4482 conjugio
372 4396 518 4462 fidelium
534 4417 647 4461 verum
663 4417 767 4462 novae
782 4397 862 4480 legis
878 4399 1125 4464 Sacramentum
1140 4397 1281 4482 agnosci.

198 4507 278 4580 Post
292 4505 440 4568 divinam
454 4505 539 4568 hanc
555 4505 789 4590 institutionem
805 4507 848 4572 ad
863 4527 973 4570 sacrae
989 4510 1033 4572 rei
1047 4508 1239 4592 dignitatem
1253 4508 1406 4592 elevatae,
1424 4513 1459 4577 fi-
