3168 4982
159 281 222 344 216
522 302 763 350 orsserrrarro
785 303 942 363 aurant,
963 303 1038 348 cae.
1061 280 1098 348 V.

154 421 348 506 temporibus
368 444 502 490 causam
524 427 678 492 haberent
691 425 835 510 putandi,
857 427 917 490 sibi
931 445 1009 505 esse,
1031 423 1382 514 divinitueagenerali
1396 441 1458 488 aa·

156 537 246 594 turae
261 533 372 615 regula
394 535 624 616 dispensatum.

195 635 280 700 Utile
299 649 348 701 est
369 639 519 704 historica
542 642 686 724 quadam
707 643 886 707 narratione
901 642 987 707 facta
1007 642 1141 706 clariora
1155 659 1341 725 percurrere.
1384 641 1456 704 Pri-

153 765 227 810 mus
242 748 386 814 Lamech
408 753 577 818 exhibetur
591 755 625 818 in
646 756 746 818 saeris
761 755 860 818 literis
881 755 963 821 duaa
981 755 1115 820 duxisse
1136 774 1263 835 uxeres,
1276 754 1384 818 Adam
1405 754 1459 818 rri-

152 858 281 940 mirum,
311 871 342 924 et
363 862 493 945 sellam,
510 865 589 936 Gen.
619 866 734 949 oapi.
758 886 839 930 vers.
857 867 904 930 te.
948 867 982 930 Ie
1010 877 1120 932 autem
1148 867 1189 930 de
1213 867 1310 950 stirpe
1337 865 1456 948 perfidi

152 965 243 1048 Cain,
259 969 363 1050 quiet
384 990 418 1033 se
433 971 570 1036 hnmani
592 974 760 1058 sanguinis
789 974 960 1038 effusorem
981 975 1070 1036 avite
1085 971 1179 1036 Caini
1199 971 1349 1055 exempla
1362 989 1456 1034 secu-

152 1089 222 1142 tum
236 1079 403 1145 consessus
424 1093 480 1162 est,
510 1083 544 1145 in
567 1101 648 1146 vers.
663 1083 723 1162 32„
748 1085 828 1146 tanti
853 1082 965 1146 haberi
985 1101 1051 1146 nou
1080 1087 1191 1164 potest,
1213 1091 1251 1144 ut
1278 1079 1456 1146 dicendum

151 1187 199 1266 sit,
216 1189 297 1252 nihil
312 1189 419 1271 ipsum
434 1190 602 1256 admisisse
623 1191 779 1256 adversus
793 1201 961 1274 praecepta
982 1201 1116 1254 naturae
1130 1192 1263 1274 ejusque
1286 1188 1463 1274 impensio.

151 1317 219 1362 rem
234 1297 400 1363 libidinem
422 1303 525 1365 notari
540 1321 605 1365 non
627 1321 730 1384 posse,
755 1301 887 1384 quando
909 1302 1040 1378 scimus,
1058 1313 1198 1364 caeteros
1220 1301 1338 1384 priscos
1353 1301 1459 1366 homi·
1578 1369 1579 1372 ,

151 1429 209 1472 nes
223 1410 265 1474 ad
281 1431 385 1476 seram
400 1433 503 1495 usque
518 1415 695 1478 Abrahami
712 1424 852 1477 aetatem
872 1419 895 1478 a
909 1414 1083 1496 multiplici
1104 1414 1252 1498 conjugio
1265 1415 1460 1480 constantis-

150 1522 232 1585 sima
257 1533 457 1606 temperasse.
502 1526 686 1590 Deventum
701 1535 750 1588 est
769 1525 811 1588 ad
826 1526 977 1590 Abrahae
993 1537 1144 1609 tempora,
1164 1527 1298 1609 quando
1312 1529 1459 1592 Sanctus

150 1631 338 1696 Patriarcha
361 1634 460 1698 Sarae
475 1635 569 1698 uxori
596 1633 823 1718 superinduxit
845 1635 941 1718 Agar,
958 1635 1092 1698 nomine
1118 1635 1325 1716 concubinae,
1340 1637 1459 1715 Genea,

150 1759 220 1821 cap.
238 1741 285 1803 16.
310 1741 373 1826 (De
399 1742 544 1806 Cethura
564 1763 630 1808 non
659 1743 779 1825 loquor,
801 1744 894 1826 cnjus
922 1741 1109 1824 conjugium
1131 1741 1196 1804 huc
1225 1761 1289 1807 non
1311 1741 1461 1823 pertinet,

150 1849 416 1932 proptereaquod
438 1849 536 1914 ducta
551 1841 648 1914 inerit
669 1861 886 1934 postmortem
903 1850 1012 1912 uxoris
1029 1849 1136 1930 Sarae,
1158 1869 1229 1914 ean.
1250 1851 1277 1930 1,
1300 1869 1390 1914 caus.
1404 1849 1461 1913 32.

151 1965 274 2036 quaest.
290 1955 329 2035 4.,
352 1955 430 2018 iorte
459 1957 556 2020 etiam
578 1967 649 2040 post
675 1966 810 2020 mortem
832 1957 928 2038 Agar,
957 1974 1160 2038 quamquam
1181 1977 1220 2018 ea
1249 1956 1345 2020 modo
1366 1975 1463 2037 uxor,

152 2061 249 2126 modo
278 2064 457 2128 concubina
479 2065 611 2144 dicatur,
642 2065 758 2128 Genea.
782 2083 851 2146 cap.
881 2065 941 2144 25„
959 2067 1073 2148 juncto
1100 2085 1170 2146 cap.
1193 2065 1252 2144 23.,
1282 2077 1314 2128 et
1335 2066 1402 2128 libr.
1430 2068 1460 2129 1.

153 2174 344 2258 Paralipom.
375 2195 444 2258 cap.
469 2178 495 2240 1.
527 2176 547 2259 ).
592 2176 646 2240 En
674 2176 816 2258 primum
845 2175 951 2240 virum
976 2176 1105 2239 eximas
1133 2177 1307 2258 probibitio,
1328 2177 1463 2242 duabus

153 2287 346 2370 conjugibus
356 2288 627 2370 junctumsquem
642 2297 751 2350 tamen
775 2287 949 2368 quisquam
974 2288 1080 2350 mirari
1097 2307 1162 2350 non
1177 2287 1271 2356 debat
1285 2307 1324 2352 eo
1338 2289 1464 2354 adduc-

148 2408 233 2476 turn,
257 2409 292 2460 ut
307 2396 470 2478 generales
491 2397 669 2462 honestatis
694 2399 873 2482 conjugalis
894 2397 981 2480 leges
1009 2399 1139 2480 insuper
1165 2399 1304 2480 haberet,
1327 2401 1466 2482 quando

156 2526 215 2570 nec
230 2507 298 2589 ipse
319 2517 377 2569 aut
392 2516 512 2589 sponte,
535 2517 593 2569 aut
607 2506 716 2570 statim
738 2525 775 2569 eo
798 2505 917 2570 adduci
939 2507 1118 2589 potrrit,sed
1139 2518 1209 2572 tum
1224 2509 1365 2588 demum,
1380 2529 1463 2575 curn

15 2611 70 2652 ’·
156 2615 250 2700 plura
278 2617 378 2680 menti
399 2617 649 2696 obversarentur,
679 2615 796 2697 qulbus
819 2617 879 2682 sibi
895 2617 996 2680 uideri
1018 2629 1132 2700 posset,
1162 2620 1257 2682 licere
1278 2637 1320 2682 ex
1340 2621 1463 2684 ancilla
1578 2661 1579 2666 κ

157 2725 245 2808 Agar
259 2725 373 2788 liberos
388 2745 540 2807 quaerere
555 2726 624 2790 sine
639 2725 753 2810 injuria
768 2726 966 2790 naturalium
991 2728 1252 2810 praeceptionum
1271 2731 1465 2812 conjugium

156 2831 278 2917 duplex
293 2836 522 2900 abominatum.
568 2833 648 2896 Erat
662 2833 724 2916 ipsi
738 2836 853 2902 sterilis
869 2855 958 2916 uxor,
974 2839 1084 2920 etjam
1101 2839 1191 2901 senio
1204 2838 1358 2917 confecta,
1375 2859 1468 2922 quae

154 2943 222 3028 jam
239 2963 328 3026 spem
343 2962 472 3006 omnem
488 2934 656 3006 liberorum
676 2945 953 3026 suscipiendorum
968 2945 1133 3028 abjecerat.
1177 2943 1296 3008 Eidem
1311 2947 1467 3028 promise-

157 3063 207 3116 rat
217 3052 409 3136 jampridem
435 3052 526 3114 Deus
547 3050 701 3132 futurum,
732 3062 768 3116 ut
789 3053 872 3116 sicut
886 3051 1053 3115 stellarum
1067 3050 1155 3128 coeli,
1177 3051 1223 3114 ita
1243 3061 1276 3114 et
1289 3051 1468 3119 liberorum

160 3165 228 3247 ejus
243 3181 382 3243 magnus
396 3172 480 3224 esset
494 3180 657 3240 numerus,
674 3170 705 3224 et
720 3161 800 3240 talis,
815 3161 872 3243 qui
894 3171 1009 3223 terram
1024 3159 1211 3223 universam
1226 3159 1374 3224 Cannam
1388 3162 1466 3226 soli-

162 3271 239 3337 dam
253 3269 436 3354 possideret,
452 3271 533 3332 Gen.
548 3289 618 3352 cap.
636 3270 694 3350 12„
710 3279 741 3331 et
758 3270 805 3332 15.
849 3265 1054 3332 Accedebant
1079 3267 1133 3330 his
1146 3285 1254 3348 preces
1269 3267 1368 3330 Sarae
1384 3285 1468 3329 uxo-

160 3380 203 3444 ris
218 3379 284 3442 viro
300 3377 462 3442 offerentis
474 3377 627 3440 ancillam
654 3375 748 3459 Agar,
764 3397 805 3440 ex
820 3395 887 3459 qua
901 3375 1075 3457 susciperet
1089 3373 1211 3452 liberos,
1227 3375 1308 3438 Gen.
1324 3393 1393 3457 cap.
1409 3377 1466 3440 16.

163 3489 250 3561 Quis
265 3507 329 3552 non
344 3487 511 3570 intelligat,
534 3488 569 3550 in
583 3487 634 3550 his
649 3485 816 3570 adjunctis,
841 3483 960 3548 turbari
978 3483 1118 3566 potuisse
1142 3481 1292 3546 Abrahae
1305 3483 1467 3564 animum,

164 3599 337 3681 statimque
365 3599 461 3662 variis
482 3597 581 3662 luisse
609 3595 854 3678 cogitationibus
882 3591 1079 3656 involutum?
1122 3589 1209 3654 Hinc
1237 3609 1356 3654 noram
1385 3610 1470 3672 rem,

165 3729 250 3794 qnae
278 3707 406 3772 nullum
428 3717 523 3770 autea
551 3705 691 3769 habebat
713 3703 875 3787 probabile
902 3701 1097 3784 exempulm
1119 3701 1246 3764 horrere
1273 3709 1403 3782 poterat,
1433 3715 1472 3767 et

166 3836 250 3900 quae
282 3813 487 3898 generalibus
515 3825 649 3876 naturae
681 3809 956 3894 praeceptionibus
985 3819 1151 3890 repugnat
1194 3805 1289 3872 illino
1312 3805 1470 3872 videban-

166 3938 219 3990 tur
233 3925 292 4008 ipsi
309 3923 470 4008 generalia
485 3932 618 3986 naturae
633 3930 801 4003 praecepta
815 3919 849 3984 iu
863 3938 903 3982 ea
917 3917 1073 4001 singulari
1088 3917 1192 4000 speeie
1207 3935 1272 3978 non
1287 3915 1403 3979 habere
1421 3915 1471 3980 lo.

166 4055 251 4114 eum,
266 4030 397 4116 quando
419 4050 501 4094 uxor
529 4028 643 4092 sterilis
657 4039 735 4116 erat,¹
762 4039 794 4090 et
810 4027 1006 4110 jamdudum
1029 4036 1192 4090 senectute
1206 4023 1361 4105 consecta;
1382 4012 1472 4090 alis's

168 4155 277 4212 autem
292 4141 420 4204 divinas
436 4138 661 4221 promissiones
676 4136 801 4218 impleri
815 4155 881 4200 non
896 4155 997 4218 posse,
1013 4135 1075 4198 nisi
1091 4133 1171 4196 miro
1186 4129 1336 4214 prodigio.
1359 4147 1474 4211 spera-
1578 4119 1579 4132 ¹

167 4251 269 4328 batur,
284 4260 316 4311 et
336 4266 417 4310 uxor
432 4245 502 4327 ipsa
524 4242 676 4308 ancillam
704 4245 792 4326 Agar
811 4243 943 4329 adjectis
964 4244 1061 4306 etiam
1089 4240 1194 4304 enixis
1215 4239 1362 4322 precibus
1375 4237 1473 4302 exhi-

167 4354 271 4420 bebat.
314 4353 364 4416 lta
378 4371 437 4435 ego
459 4349 602 4435 intelligo
616 4351 777 4418 Ambrosii
798 4353 895 4417 rerba
915 4353 984 4436 jam
1006 4348 1154 4433 superius
1171 4346 1313 4428 laudata,
1334 4355 1475 4428 atquae
