3276 4984
183 389 226 458 24
522 411 766 464 arasaurrrro
787 411 913 479 estut,
937 411 1087 469 ansusi.
1110 395 1136 464 12

183 532 355 598 nubiorum
369 533 545 614 cualitates,
562 545 593 596 et
608 533 737 616 gradus,
768 533 971 600 distinxerint
999 536 1082 598 inter
1106 533 1257 618 conjugia
1285 513 1437 617 legitima,
1452 542 1489 595 et

181 644 332 727 conjugia
356 655 440 727 rata;
470 647 570 708 immo
599 643 798 723 tradiderint,
830 643 894 707 alia
922 663 992 706 essa
1020 644 1171 727 conjugia
1199 643 1352 726 legitima
1371 643 1485 725 simul,

182 767 215 818 et
228 766 308 837 rata;
325 755 391 818 alia
420 756 563 839 legitima
586 755 726 838 quidem,
743 773 807 819 non
838 765 917 835 rata;
948 755 1047 820 aliae
1075 773 1230 818 converso
1258 767 1335 834 rata,
1350 773 1415 818 non
1430 775 1485 817 ve

182 883 217 928 ro
232 865 385 948 legitima;
415 883 460 928 an
475 865 581 947 potius
596 873 730 945 uterque
752 863 957 946 vulgaverint
982 862 1221 926 commentariis
1246 861 1321 941 suis,
1337 859 1425 942 quod
1439 877 1488 922 ne·

180 993 311 1039 ceusex
326 976 578 1040 instauratarurn
594 975 645 1038 sui
666 973 817 1057 temporis
846 974 1031 1038 scholarum
1058 973 1231 1057 disciplina
1259 973 1402 1056 accipere
1423 965 1486 1055 'po-

182 1099 321 1152 tnerunt
364 1086 420 1152 Ait
434 1087 609 1151 Gratianus
624 1095 695 1170 post
717 1103 875 1150 canonem
906 1087 954 1150 17.
969 1101 1058 1148 caus.
1074 1086 1124 1149 28.
1155 1095 1277 1166 quaest.
1309 1083 1346 1164 1'.,
1375 1086 1488 1167 conju-

182 1199 274 1282 gium
288 1197 482 1282 legittimum
497 1193 576 1278 esse,
592 1197 679 1280 qnod
708 1195 805 1279 legali
833 1195 1041 1278 institutione,
1067 1196 1119 1259 vel
1144 1196 1327 1279 provinciae
1341 1196 1487 1260 moribus

181 1307 390 1388 conuehittrr3
407 1305 494 1389 quod
509 1307 616 1389 ipsum
631 1305 755 1368 eisdem
769 1303 834 1367 fere
857 1305 961 1368 verbis
977 1304 1119 1416 applicat
1146 1298 1350 1368 Lombardus
1365 1303 1396 1366 in
1414 1301 1484 1366 libr.

182 1413 364 1478 esentent.
381 1414 452 1478 dist.
469 1409 519 1476 39.
536 1412 569 1474 in
585 1411 661 1492 fine;
693 1411 784 1474 addit
815 1421 925 1474 tamen
955 1411 1010 1474 Vir
1038 1409 1227 1492 Theologus
1242 1407 1424 1490 legitimum
1438 1424 1489 1472 es·

182 1542 217 1590 se
231 1525 428 1609 conjugium,
443 1525 569 1607 quoties
584 1535 746 1606 praeterea
771 1543 838 1587 nort
861 1531 976 1586 comto
996 1523 1181 1608 messionem
1205 1519 1347 1588 Domitii
1360 1529 1488 1584 contra⁴

181 1638 287 1702 hatur
331 1635 530 1721 Hujusmodi
544 1633 731 1718 exemplum
745 1633 911 1718 proferunt
925 1651 959 1698 ru
974 1632 1123 1718 conjugio
1138 1633 1221 1708 inter
1234 1631 1381 1695 infideles
1395 1631 1487 1711 inito,

182 1745 270 1830 apud
286 1764 368 1828 quos
383 1745 511 1809 nullum
526 1755 630 1826 potest
641 1762 710 1805 esse
720 1741 860 1825 conjugii
875 1725 1132 1806 Sacramentum.
1145 1739 1276 1803 -ltarum
1285 1738 1366 1802 illud
1378 1738 1490 1822 appel-

181 1855 259 1938 lant,
275 1853 363 1936 quod
378 1859 398 1918 a
413 1853 563 1917 fidelibus
578 1873 620 1915 ex
636 1853 829 1935 praescripto
844 1849 1010 1914 Ecclesiae
1024 1849 1212 1928 celebratur,
1227 1833 1281 1913 c'ul
1295 1848 1485 1912 memmen-

182 1961 371 2043 tidignitas,
388 1971 420 2023 et
434 1960 523 2022 virus
538 1960 632 2039 inest,
660 1958 758 2021 etiam
766 1958 814 2038 ‚si
838 1956 918 2020 forte
946 1955 1053 2020 desint
1081 1953 1206 2018 dotales
1235 1952 1373 2032 tabulae,
1390 1951 1489 2016 aliae·

181 2089 223 2134 ve
239 2069 361 2134 similes
375 2069 480 2133 civilis
509 2077 694 2132 contractus
709 2064 879 2142 formulae,
909 2081 994 2147 quae
1023 2063 1260 2134 solemnitatem
1288 2061 1485 2128 matrimonii

182 2193 302 2258 augere
317 2175 475 2254 videntur,
488 2195 526 2238 ac
541 2176 764 2239 celebritatem.
809 2157 910 2244 Quod
939 2175 967 2238 si
981 2184 1014 2237 at
1027 2175 1108 2237 istae
1131 2174 1214 2258 juris
1236 2171 1356 2256 publici
1371 2172 1488 2235 solem·

181 2283 300 2346 nitates
329 2283 553 2363 interveniant,
583 2283 825 2348 matrimonium
854 2293 960 2347 ratum
995 2301 1106 2365 aeque,
1137 2298 1177 2344 ac
1205 2281 1386 2364 legitimum
1415 2301 1488 2348 esse

182 2391 344 2455 dixerunt.
388 2391 463 2455 Non
478 2403 534 2472 est,
550 2411 608 2455 cur
622 2393 797 2475 quisquam
813 2401 970 2474 repugnet
997 2391 1225 2462 recentioribus
1255 2391 1324 2454 istis
1354 2391 1487 2473 loquere

184 2499 219 2564 di
232 2500 346 2580 modis,
363 2501 549 2582 praesertim
564 2513 737 2583 postquam
752 2503 786 2565 in
803 2501 998 2566 Pontificum
1021 2501 1241 2586 Maximorum
1256 2503 1416 2585 rescriptis
1431 2503 1487 2567 ad·
1511 2509 1516 2518 “

183 2609 285 2674 hiberi
299 2623 481 2692 coeperunt,
512 2609 600 2673 uude
616 2611 738 2692 probati
764 2609 944 2690 videantur,
960 2629 1030 2692 cap.
1055 2611 1086 2676 7.
1102 2629 1183 2674 vers.
1198 2633 1281 2676 nom
1308 2617 1370 2678 etei
1384 2613 1425 2676 de
1439 2613 1489 2676 di-

184 2719 303 2782 vortiis.
346 2721 481 2799 Revera,
498 2719 571 2782 licet
585 2731 664 2802 aput
679 2721 828 2802 antiquos
838 2720 949 2783 Patres
964 2738 1029 2785 non
1041 2723 1155 2784 ecdem
1166 2722 1299 2785 omnino
1310 2723 1489 2804 adpareant

182 2826 335 2910 loquendi
349 2825 518 2910 formulam
535 2829 569 2890 in
592 2827 748 2892 'eamdem
762 2839 870 2891 tamen
888 2829 1029 2893 universi
1058 2805 1117 2892 itli'
1130 2829 1216 2892 isere
1230 2827 1433 2908 senitentiam,
1449 2839 1489 2894 ut

182 2946 256 3017 pote
270 2935 327 3016 qui
343 2935 525 2998 infidelium
541 2938 728 3020 conjugium
751 2939 873 3019 passim
888 2949 1090 3020 agnoverunt
1115 2949 1272 3020 tanquam
1298 2934 1487 3024 legitimum,

183 3045 263 3107 etin
278 3045 349 3126 ipso
364 3063 429 3107 non
444 3044 604 3108 mediocre
633 3045 822 3126 nuptiarum
850 3045 984 3128 bouum;
1012 3048 1199 3130 conjugium
1214 3057 1325 3112 autem
1340 3050 1489 3117 fidelium

182 3167 225 3210 ex
240 3149 434 3232 praescripto
449 3149 617 3213 Ecclesiae
638 3152 835 3216 celebratum
851 3153 999 3216 stabilius
1014 3153 1132 3234 adbuc,
1157 3165 1188 3220 et
1213 3155 1307 3239 longe
1323 3157 1489 3226 difficilius

183 3253 430 3319 dissolvendum
446 3275 516 3321 csse
532 3255 686 3320 dixerunt
698 3259 740 3320 ob
754 3259 956 3323 Sacramenti
971 3259 1166 3328 firmitatem.
1210 3263 1326 3346 Neque
1341 3265 1488 3350 displice-

181 3381 215 3427 re
229 3363 272 3426 ad
286 3364 373 3427 hanc
387 3384 456 3429 rem
470 3365 625 3448 cuiquam
641 3377 742 3447 potest
757 3369 827 3430 rati
840 3368 981 3453 conjugii
995 3368 1203 3434 vocabulum:
1219 3371 1380 3454 siquidem
1395 3377 1485 3459 apud

182 3472 318 3538 Latinos
333 3473 508 3557 Scriptores
523 3473 557 3537 id
572 3485 678 3538 ratum
693 3474 757 3538 dici
786 3477 875 3555 solet,
904 3475 992 3560 quod
1021 3477 1126 3560 magis
1155 3475 1287 3544 firmum
1317 3492 1489 3564 astatque

182 3583 425 3666 inconcussum
444 3585 530 3650 unde
545 3595 629 3648 ratos
656 3585 793 3667 legimus
822 3585 934 3650 haberi
962 3596 1155 3666 contractus,
1185 3587 1304 3670 quibus
1318 3588 1491 3656 firmandis

183 3693 318 3760 solidius
333 3695 500 3778 quoddam
515 3695 711 3780 praesidium
727 3695 862 3780 accedit,
878 3695 965 3762 unde
980 3698 1078 3762 etiam
1101 3698 1260 3764 nonnulla
1283 3701 1356 3783 jure
1380 3703 1492 3768 valere

183 3804 344 3884 dicuntur,
361 3823 563 3887 quamquam
592 3804 701 3867 adhuc
730 3817 800 3868 rata
817 3825 883 3869 non
912 3805 985 3887 sint,
1015 3819 1207 3890 argumento
1233 3808 1253 3872 l.
1269 3809 1296 3872 3.
1316 3811 1491 3878 t.1.ff.de

183 3913 293 3978 donat.
309 3915 365 3977 int.
395 3915 452 3977 vir.
469 3926 501 3977 et
530 3933 631 3993 uxor,
647 3912 925 3996 quemadmodum
939 3927 972 3978 et
987 3925 1056 3979 rata
1072 3915 1140 3980 fieri
1169 3935 1271 4000 posse,
1286 3939 1372 4000 quae
1387 3939 1428 3984 ex
1439 3924 1491 4008 ju·

181 4022 227 4086 ris
241 4022 417 4086 subtilitate
432 4041 497 4086 non
512 4023 659 4102 valeban,
676 4023 696 4084 l.
712 4023 741 4085 3.
757 4023 826 4088 cod.
843 4023 885 4086 de
898 4025 1041 4088 contrah.
1057 4035 1089 4088 et
1099 4027 1219 4090 comitt.
1235 4027 1343 4109 stipul.
1387 4031 1489 4101 Quod

181 4132 209 4196 si
224 4142 346 4196 veteres
362 4131 494 4194 Ethnici
510 4143 597 4194 ratas
611 4132 783 4196 hominum
798 4151 907 4215 preces
923 4133 994 4196 Diis
1008 4129 1100 4195 susas
1114 4133 1274 4210 dixerunt,
1290 4134 1409 4215 quibus
1433 4135 1490 4200 Dii

182 4241 244 4322 ipsi
258 4239 424 4317 sevissent,
436 4241 532 4323 juxta
547 4240 628 4302 illud
644 4241 754 4304 Ovidii
770 4241 837 4304 libr.
855 4243 882 4304 b.
920 4241 1095 4304 Fastorum
1105 4257 1201 4324 prope
1214 4238 1324 4302 linem:
1336 4241 1490 4324 officinal-

181 4365 356 4440 qucrotas
370 4363 513 4439 utraque
538 4355 618 4418 diva
643 4375 767 4438 preces,
797 4353 892 4434 quasi
920 4370 985 4430 eas,
1011 4371 1098 4432 quae
1125 4369 1189 4416 uon
1222 4351 1256 4416 iu
1285 4352 1411 4416 irritum
1439 4350 1492 4416 fu—

184 4478 241 4523 sae
255 4457 401 4545 fuissent;
432 4462 552 4544 potiore
576 4462 649 4546 jure
678 4479 737 4524 nos
765 4472 836 4526 rata
850 4459 1001 4545 conjugia
1027 4459 1273 4542 appellabimus,
1302 4472 1492 4542 quaesunt
