3210 4990
122 349 244 417 ’118
391 407 395 417 „
535 339 1124 428 ursanarrrrocorsrtt,car.11.

178 511 225 560 na
238 493 414 576 voluntate3
441 507 485 556 an
499 509 586 558 unus
609 489 815 575 impotentiae
837 489 955 556 vitium
975 488 1100 571 alleget,
1116 496 1149 552 et
1172 481 1353 552 recederet
1373 477 1489 556 matri·

179 603 288 670 monio
302 601 388 682 uelit,
417 598 664 679 alterinficietur,
681 610 713 663 et
726 599 898 666 consistere
928 598 962 660 in
990 594 1194 663 matrimonio
1221 589 1368 676 postulet
1414 589 1486 658 sto·

179 715 240 779 ties
269 725 403 795 uterque
431 711 569 776 fateatur
596 709 864 800 impedimentum
893 709 1002 774 animo
1017 702 1391 787 recedendiaconjugio,
1420 709 1488 764 sta·

178 825 238 890 tim
253 822 380 888 credere
394 839 506 886 eorum
520 819 605 892 dicto
634 819 654 884 J
656 819 743 882 udex
767 803 836 882 non
864 816 1003 896 debebit,-
1025 833 1109 897 qura,
1118 809 1322 886 matrimonia
1337 825 1403 890 non
1418 803 1488 868 di!-

178 930 271 1010 solri,
287 948 354 994 nou
369 939 437 992 tam
451 929 627 1012 conjugum
642 925 793 1010 ipsorum,
813 943 914 1006 quarn
930 923 1100 988 universae
1124 915 1317 1002 reipublicae
1341 913 1488 990 interest,

180 1038 238 1102 sed
252 1035 414 1120 oportebit,
430 1044 466 1096 ut
480 1032 567 1116 quod
592 1031 678 1096 dicto
692 1031 742 1096 vir
769 1040 801 1093 at
829 1028 943 1094 mulier
971 1025 1168 1111 profitentur,
1198 1019 1333 1086 solemni
1358 1019 1485 1104 jureju-

180 1141 282 1210 rando
297 1140 497 1220 confirment,
513 1149 545 1202 et
568 1149 639 1204 turn
668 1138 803 1202 demum
831 1136 875 1202 ad
903 1134 1149 1200 dissolutionem
1176 1129 1318 1216 conjugii
1332 1123 1488 1190 devenia-

180 1261 241 1326 tur,
256 1267 326 1332 cap,
342 1249 372 1310 5.
389 1258 420 1310 et
436 1245 491 1310 ult.
507 1245 548 1310 de
563 1245 678 1327 trigid,
694 1257 726 1308 et
740 1241 856 1324 malai,
872 1245 1027 1326 abrogata
1040 1253 1147 1306 vetere
1166 1240 1335 1303 Romanae
1352 1233 1488 1298 Provin-

178 1358 250 1423 ciae
264 1357 442 1441 disciplina,
453 1359 549 1441 juxta
563 1367 664 1441 quain
678 1355 788 1422 adhuc
803 1357 898 1420 viret
914 1373 995 1418 uxor
1009 1351 1107 1418 simul
1132 1352 1279 1416 babitare
1295 1349 1327 1411 in
1342 1346 1407 1410 sere
1422 1343 1492 1408 sra-

181 1477 306 1530 ternam
321 1466 505 1528 societatem
535 1465 734 1542 tenebantur,
764 1466 857 1547 cujus
872 1463 1062 1546 disciplinae
1085 1459 1223 1542 vestigia
1251 1455 1414 1540 quaedem
1429 1473 1488 1516 su·

181 1581 314 1654 persunt
328 1571 361 1633 in
376 1590 445 1653 cap.
462 1571 518 1634 ult.
534 1571 575 1634 de
589 1569 744 1654 frigidin
761 1575 788 1636 1.
804 1571 926 1636 collect.
951 1569 1119 1649 Decretal,
1130 1570 1244 1664 juncto
1257 1584 1330 1638 can,
1345 1566 1376 1636 2.
1391 1555 1487 1626 caus.

180 1676 231 1740 33.
247 1687 369 1759 quaest
385 1677 415 1740 2.
445 1678 585 1748 Quoties
600 1697 676 1740 vcro
692 1696 778 1744 unus
804 1677 900 1756 dicat,
931 1677 1069 1740 alterum
1084 1675 1290 1758 impotentiae
1305 1670 1383 1740 ¹uitio
1398 1668 1492 1732 lebo-

181 1805 259 1865 rare,
275 1786 355 1848 alter
369 1785 537 1865 inficietur,
553 1784 704 1868 dicatque
724 1805 775 1850 ex.
790 1805 835 1868 gr,
853 1787 902 1849 vir
929 1786 1073 1868 ineptam
1102 1783 1278 1862 mulierem,
1307 1778 1394 1862 quod
1410 1796 1490 1840 con-

181 1913 330 1978 gressum
342 1895 403 1958 viri
417 1894 484 1976 pati
499 1905 648 1974 nequeat,
665 1892 716 1956 vel
733 1913 816 1957 naor
830 1893 977 1976 ineptum
992 1893 1106 1972 virum,
1122 1889 1211 1972 quod
1225 1905 1338 1950 secum
1352 1901 1490 1966 congre-

134 2037 140 2050 ·
182 2000 217 2064 di
245 2001 299 2063 ille
314 2013 460 2082 nequeat,
476 2002 718 2087 probationibus
747 2001 878 2066 dendus
906 2003 965 2066 erit
981 2001 1079 2080 locus,
1108 2000 1227 2082 quibus
1242 1995 1375 2060 demrun
1390 1993 1490 2066 sactis

181 2108 402 2174 dissolutionis
417 2110 576 2174 sententia
589 2111 857 2193 pronuntiabitur.
900 2111 1107 2202 probationes
1123 2122 1233 2172 autent
1248 2108 1328 2172 telos
1344 2123 1414 2168 esse
1428 2103 1487 2168 de·

182 2219 267 2296 bant,
282 2237 366 2300 qnae
381 2218 473 2280 nulla
487 2221 674 2300 exceptione
688 2195 858 2298 elidantur,
872 2230 1003 2302 atquae
1017 2237 1095 2286 cum
1110 2219 1189 2282 tales
1198 2217 1405 2300 proferantur,
1421 2221 1499 2278 sta-'

182 2323 241 2386 tirn
256 2323 406 2388 Judicem
420 2324 463 2386 ad
488 2325 764 2406 pronuntiandum
790 2339 939 2408 paratum
967 2328 1140 2406 invenient,
1171 2345 1243 2390 can.
1259 2327 1311 2390 29.
1327 2343 1416 2390 caus.
1430 2323 1476 2388 27
1478 2333 1501 2386 .·

182 2445 305 2517 quaest.
321 2436 360 2516 2.,
373 2455 443 2499 can.
462 2437 499 2516 1.,
515 2433 547 2498 e't
560 2437 590 2500 2.
605 2427 684 2500 caus
700 2438 750 2502 33.
766 2449 890 2520 quaest.
921 2439 948 2502 1.
992 2439 1106 2521 Neque
1120 2439 1208 2502 enirn
1224 2437 1279 2502 ubi
1293 2447 1379 2502 certo
1392 2453 1491 2499 cons-

182 2557 230 2612 tat
244 2546 284 2610 de
298 2547 536 2630 impedimento,
551 2547 721 2612 ferendum
735 2560 792 2628 est,
808 2560 845 2612 ut
855 2549 977 2614 diutius
992 2549 1041 2613 vir
1055 2567 1133 2614 cum
1147 2549 1280 2614 muliere
1295 2541 1425 2627 habitet,
1442 2565 1488 2612 ne

181 2655 322 2722 invicem
336 2677 376 2720 ea
389 2658 530 2742 conjugii
544 2659 650 2740 specie
664 2666 776 2720 contra
804 2658 1005 2724 honestatem
1034 2658 1218 2722 abutantur.
1234 2657 1238 2668 ”
1261 2657 1355 2729 Quid
1374 2667 1488 2721 antem

177 2768 210 2834 si
225 2769 427 2851 probationes
441 2769 608 2853 perspicue
623 2789 693 2833 esse
708 2787 775 2834 non
803 2771 928 2852 possint
951 2779 983 2832 et
1012 2769 1223 2852 temporariae
1251 2767 1413 2852 quaedam
1428 2787 1488 2832 ex-

180 2877 344 2958 ceptiones
358 2889 578 2958 proponantur
606 2859 763 2940 adversus
792 2886 952 2960 agentem,
983 2876 1030 2940 uti
1044 2895 1095 2940 ex.
1111 2895 1157 2958 gr.
1172 2877 1378 2959 contingeret,
1394 2877 1422 2939 si
1437 2879 1487 2941 in-

182 2980 276 3044 firma
290 2983 469 3064 eademque
483 2984 639 3054 sanabilis
662 2984 825 3064 valetudo,
856 2996 915 3054 aut
930 2986 957 3048 si
986 2997 1077 3049 aetas
1092 2985 1234 3050 necdum
1262 2990 1496 3053 carismatum

182 3084 450 3168 impedimentum
461 3088 586 3153 adferre
601 3093 842 3173 proponeretur?
864 3093 1073 3176 Sequioribus
1084 3095 1221 3159 saeculis
1237 3095 1271 3160 in
1287 3095 1492 3178 quibusdam

182 3191 355 3274 provinciis
369 3205 533 3278 receptum
562 3194 631 3276 t'uit,
662 3208 699 3262 ut
726 3201 912 3282 purgationi
941 3201 1070 3284 vulgari
1099 3202 1246 3268 delinitio
1274 3206 1489 3290 committere-

183 3313 242 3382 tur,
258 3323 324 3386 quo
339 3307 474 3387 pertinet
484 3310 655 3373 canontll.
672 3310 811 3376 Consilii
826 3313 1044 3378 Verboriensis
1069 3317 1147 3378 anni
1170 3315 1241 3380 752
1271 3317 1324 3382 ibi:
1348 3318 1390 3382 Si
1405 3339 1488 3404 qua

182 3414 303 3476 mulier
316 3435 351 3477 se
366 3417 602 3498 reclamaverit,
619 3419 707 3504 quod
720 3421 774 3484 vir
787 3443 870 3488 satas
887 3443 1038 3508 uttqrmm
1060 3427 1238 3490 mansisset
1252 3447 1328 3490 cum
1342 3449 1390 3506 aa,
1415 3449 1487 3494 ese·

181 3531 242 3588 ant
256 3524 303 3586 ud
315 3543 451 3602 crucam,
468 3535 499 3590 et
512 3529 544 3592 si
558 3525 801 3612 verremstterit,
816 3542 1023 3616 separentur,
1053 3542 1084 3597 et
1096 3535 1284 3619 tttafactar,
1302 3539 1389 3622 quod
1402 3540 1486 3602 vult.

181 3627 269 3691 Alibi
283 3629 428 3710 obtinuit,
447 3645 481 3696 ut
495 3631 581 3708 dicto
610 3636 717 3718 potins
734 3637 802 3713 viri,
815 3639 915 3718 quani
944 3638 1094 3702 mulieris·
1103 3641 1290 3722 crederetur,
1307 3643 1354 3706 uti
1370 3643 1489 3724 legitur

182 3736 216 3800 in
231 3757 302 3818 cau.
321 3741 368 3804 17.
386 3741 521 3806 Consilii
537 3743 816 3825 Compendieusis,
834 3765 892 3808 seu
916 3765 989 3810 can.
1005 3746 1035 3810 3.
1051 3767 1131 3812 caus
1145 3749 1194 3813 33.
1211 3751 1343 3832 quaesti
1353 3753 1379 3814 1.
1406 3753 1489 3816 ,Ast

181 3843 286 3926 hodie,
302 3849 357 3912 ubi
373 3851 423 3914 vel
439 3854 655 3916 controversia
681 3853 782 3918 dubia
802 3865 859 3932 est,
877 3854 928 3917 vel
958 3859 1187 3938 temporarium
1216 3859 1488 3940 impedimentum

181 3975 252 4018 esse
268 3959 433 4041 excipitur,
450 3973 605 4024 renovata
619 3959 680 4026 fnit
695 3974 789 4026 vetus
813 3963 1075 4046 jurisprudentia,
1102 3965 1151 4028 ita
1171 3967 1385 4052 nimirum,ut
1399 3981 1488 4034 certa

182 4077 327 4150 tempora
341 4071 383 4134 ad
400 4071 624 4138 definiendum
647 4085 882 4156 exspectentur,
898 4071 1017 4156 quibus
1033 4075 1283 4160 interea'pnarito
1300 4079 1394 4142 liceat
1408 4098 1489 4146 curn

182 4177 317 4248 muliere
331 4180 492 4263 congredi.
537 4182 582 4244 Et
596 4181 729 4263 quidem
743 4181 820 4247 olim
836 4182 975 4247 ducrum
1004 4199 1168 4246 annornm
1197 4183 1344 4267 ternpore·¹
1355 4187 1489 4276 praesti-

181 4294 252 4348 tuta
267 4298 366 4367 erant,
382 4287 402 4350 l.
421 4290 467 4353 10.
484 4289 555 4352 cod.
571 4289 611 4353 de
637 4289 758 4372 repud,
785 4309 961 4372 quaecum
976 4289 1019 4352 ad
1048 4279 1403 4376 triennium‘proroqata
1417 4293 1490 4358 fne-

179 4391 243 4460 tiut
261 4395 320 4462 abs
334 4397 354 4462 J
357 4398 523 4478 ustitiano,
536 4398 619 4464 Nor.
634 4399 686 4462 22.
703 4417 775 4481 cap.
792 4399 831 4480 6.,
846 4397 1049 4462 occasionem
1065 4415 1194 4482 quoque
1208 4397 1366 4464 dederunt
1381 4417 1494 4466 recem
