3210 4990
216 462 263 508 DE
286 459 452 506 ruentem
475 457 612 504 renum
636 457 866 504 naumurum:
889 457 1262 502 nzuomttntoumtts.
1326 437 1386 503 131

92 583 262 648 ationem..
299 581 393 654 Quid
406 599 482 645 vero
496 580 602 644 irtsius
617 597 685 643 rem
706 579 803 642 istem
828 597 1009 662 persequer,
1033 578 1167 662 quondo
1180 581 1261 644 lreec
1275 579 1386 646 delini·

95 693 142 772 tio,
158 693 287 757 nemine
301 691 365 756 sere
380 689 597 769 dissentiente,
611 687 700 772 opud
714 707 827 751 omnes
849 689 1026 770 generatim
1048 687 1270 772 Pragmatieos
1284 709 1388 776 recep

94 811 126 862 ta
138 811 195 879 est,
211 811 244 865 et
256 799 361 883 posite
375 799 507 864 omnino
521 800 555 862 in
578 797 748 882 prudentie
771 797 913 879 vulgarit
955 796 1006 859 Ite
1021 797 1157 862 Carolus
1172 800 1339 864 Mellettus
1354 804 1387 865 iu

94 907 160 972 libr.
176 908 206 974 4,
222 907 264 972 de
277 907 483 987 Hierenchia,
498 917 589 989 perte
604 907 632 970 1.
648 907 694 969 tit
721 905 769 969 13.
786 925 874 970 num.
890 906 930 986 8.,
946 907 1096 972 Sanchez
1110 909 1150 972 de
1165 913 1302 974 matrim.
1319 913 1389 976 libr.

94 1017 122 1082 3.
137 1018 220 1101 disp.
236 1019 266 1081 t.
283 1037 370 1082 num.
386 1017 426 1095 7.,
441 1015 584 1080 Barbosc
608 1013 649 1077 de
664 1011 749 1076 offic.
773 1025 805 1076 et
819 1025 881 1097 pot
899 1015 1008 1098 Episc.
1024 1015 1151 1099 allegat.
1167 1017 1217 1080 32
1233 1037 1322 1082 num.
1338 1019 1389 1082 en

93 1142 169 1188 cum
185 1125 229 1188 ibi
241 1123 393 1188 laudetis
408 1123 598 1188 Vincentius
610 1123 652 1186 de
666 1123 768 1186 Justis
782 1122 823 1185 de
838 1121 977 1208 dispens.
992 1127 1173 1192 matrimon.
1186 1127 1254 1191 libr.
1269 1130 1298 1192 2.
1321 1147 1391 1212 cepa

97 1234 143 1298 ts.
158 1251 252 1298 mm.
270 1231 350 1311 idi),
364 1241 397 1294 et
411 1233 481 1296 llil.
496 1251 573 1294 cum
587 1232 631 1295 ibi
646 1231 796 1308 laudetis,
811 1241 915 1314 atque,
932 1245 967 1296 ut
992 1232 1073 1295 alios
1094 1235 1281 1297 innumeros
1302 1235 1394 1299 omit·

96 1349 171 1416 tarn,
182 1338 335 1402 conetur
349 1337 416 1402 libr.
432 1338 461 1400 2.
473 1337 514 1402 do
525 1341 662 1403 matrim,
678 1339 754 1402 diss.
771 1340 800 1402 2.
816 1339 856 1402 de
868 1341 1008 1424 sponsal.
1030 1361 1099 1424 cap.
1116 1345 1144 1406 5.
1161 1355 1284 1426 quaest
1300 1345 1330 1408 3.

136 1449 271 1513 Tradidi
285 1451 317 1514 in
333 1449 386 1512 iris
400 1451 610 1532 perspicuam,
627 1459 659 1514 et
673 1450 871 1532 analyticam
897 1451 1080 1514 Tridentini
1104 1451 1222 1516 decreti
1246 1455 1395 1537 interpre

96 1563 260 1625 tationem
302 1561 440 1643 Aliquos
454 1559 564 1624 adhuc
578 1571 751 1644 supersunt
765 1561 878 1624 breves
893 1561 1083 1625 enodandae
1098 1565 1311 1646 quaestiones,
1326 1569 1396 1650 qui·

98 1671 158 1736 bns
180 1671 342 1754 proposita
353 1671 555 1756 publicarum
571 1669 854 1733 denuntiationum
870 1671 1018 1734 materies
1032 1668 1229 1736 absolvetur.

605 1947 841 2020 QUAESTIO
864 1947 890 2011 1.

134 2221 189 2286 De
203 2221 413 2305 obligatione,
428 2241 494 2306 quc
508 2221 736 2306 etnnspnisqne
751 2219 981 2304 impedimenti
995 2225 1202 2291 matrimonii
1217 2231 1368 2292 commus

204 2359 252 2424 od
265 2359 354 2424 idem
367 2360 640 2444 impedimentum
656 2355 825 2421 Ecclesiae
836 2357 1045 2440 prodendum
1059 2359 1299 2446 adstringitur.

103 2619 259 2832 Senis
287 2764 337 2822 est
364 2753 553 2838 intelligere·
568 2753 841 2819 Lateranensibus
871 2755 1021 2836 primum,
1052 2753 1169 2818 deiude
1198 2753 1400 2822 Tridentinis

103 2868 255 2934 Patribus
270 2865 415 2934 maxime
427 2864 515 2931 cordi
530 2863 638 2944 fuum,
663 2873 739 2928 ente
762 2863 903 2948 conjugii
929 2864 1174 2931 celebrationem
1188 2866 1336 2948 publicas
1352 2867 1405 2932 de·

105 2977 325 3042 nuntiationes
339 2974 373 3040 iu
388 2973 538 3038 Ecclesia
561 2971 638 3050 fieri,
667 2983 702 3034 ut
727 2971 845 3036 deinde
860 2974 1024 3056 perspicue
1038 2975 1241 3058 colligemus,
1257 2975 1405 3045 fidelibus

104 3084 268 3162 omnibus,
291 3082 335 3146 sd
359 3099 441 3164 quos
465 3079 565 3144 futuri
589 3079 731 3164 conjugii
753 3080 879 3144 'notitia
906 3081 1059 3164 pervenit,
1089 3082 1318 3165 obligationem
1347 3085 1405 3150 im·

105 3199 189 3280 poni,
205 3193 316 3276 qrreri
338 3190 433 3273 quod.
453 3190 645 3273 ipsi-norint
667 3188 865 3254 matrimonii
890 3189 1158 3272 impedimentum
1181 3211 1297 3273 messe,
1322 3193 1402 3260 illud

107 3305 274 3370 Ecclesiae
288 3299 442 3384 pendant.
486 3297 548 3364 Oui
571 3297 660 3364 enim
680 3297 766 3362 bono
780 3297 1012 3364 saluberrimae
1022 3297 1064 3361 dc
1078 3293 1302 3365 denuntiando
1314 3319 1406 3369 cone

108 3415 271 3480 titutiones
285 3419 400 3486 essent,
426 3405 559 3489 quando
582 3405 707 3470 eisdem
730 3405 851 3470 secutis
876 3425 972 3470 nemo
997 3405 1038 3468 ed
1065 3405 1297 3488 patefaciendo,
1321 3427 1407 3489 quse

22 3513 24 3594 ἶ
108 3525 237 3588 subesse
259 3517 393 3594 noverit,
414 3511 642 3596 impedimenta
667 3511 931 3595 adstringeretur?
974 3513 1025 3576 Fit
1046 3511 1083 3576 in
1108 3511 1404 3582 denuntiationibus

110 3633 250 3716 legitime
264 3624 454 3692 auctoritate
468 3621 634 3688 Ecclesiae
655 3621 812 3704 generalis
828 3621 926 3685 totius
950 3621 1060 3704 populi
1085 3622 1295 3708 interrogatio,
1310 3625 1404 3708 quasi

111 3743 246 3820 tertium,
264 3737 298 3802 in
312 3755 379 3818 que
392 3735 498 3817 specio
514 3743 609 3796 testes
622 3746 745 3810 omnes,
760 3729 847 3811 quod
864 3731 1023 3809 sciverint,
1041 3729 1316 3813 penderedebem,
1331 3751 1402 3814 cup.

111 3852 136 3916 6.
150 3851 191 3914 de
207 3847 343 3914 testibus
356 3841 516 3926 cogendis
542 3859 612 3923 cap.
628 3843 656 3908 t.
672 3841 713 3904 de
727 3849 853 3922 coguut,
868 3840 968 3922 spirit.
1011 3839 1143 3906 Nemini
1155 3840 1296 3924 prolecto
1309 3861 1405 3922 nego-

113 3957 189 4022 tium
203 3955 369 4021 lecessent
381 3951 479 4018 verbe
494 3949 549 4012 ille
563 3949 790 4014 Letemnensis
804 3947 921 4012 decreti
934 3948 970 4014 in
985 3967 1054 4032 cep.
1071 3949 1101 4014 3.
1112 3949 1152 4014 de
1166 3951 1319 4018 clandesr.
1335 3950 1408 4014 des·

115 4087 199 4148 pons.
214 4067 275 4154 prii
287 4063 435 4140 coluerit,
452 4069 482 4126 et
497 4061 647 4138 ealnmit,
663 4061 756 4142 quari
781 4061 1015 4125 lateranenses
1039 4062 1207 4128 Antistites
1233 4063 1268 4129 in
1293 4061 1407 4126 voluu-

117 4191 210 4246 tatem
223 4175 433 4248 audientium
451 4173 728 4238 denuntiationem
748 4171 951 4251 contulerint,
978 4172 1105 4236 nullam
1117 4183 1228 4238 antem
1243 4173 1408 4238 intulerint

119 4289 351 4372 obligationem.
394 4283 527 4348 Etenim
542 4281 639 4346 verba
654 4281 711 4346 ille
725 4284 782 4367 qni
796 4283 942 4360 coluerit,
959 4299 1077 4368 noneo
1092 4281 1258 4363 pertinent,
1285 4291 1320 4344 ut
1336 4279 1409 4344 libe-

122 4421 186 4473 rnm
200 4421 270 4466 esse
285 4398 435 4463 credetur
457 4395 656 4474 denuntiare,
682 4393 739 4456 sed
762 4395 871 4476 potius
894 4406 1004 4472 eostur
1026 4393 1203 4457 aboleretur
1218 4395 1251 4456 in
1266 4393 1327 4456 huc
1343 4413 1411 4475 per-

121 4521 146 4572 te
161 4522 252 4574 retus
267 4503 451 4588 discipline,
461 4505 555 4587 juxte
579 4520 680 4584 quam
704 4499 897 4580 trudebatur,
921 4500 1084 4568 neminem
1110 4499 1294 4566 edmittiatl
1307 4505 1417 4568 metri·
