3210 4990
208 452 357 502 suenum
381 449 540 496 noceria
564 443 719 495 mrum
742 445 829 492 snm
852 441 1018 491 seruere
1041 442 1250 490 consensus.
1336 429 1397 492 163

111 573 208 656 quiin
224 571 428 637 matrimonio
449 572 541 650 clam,
567 579 600 634 et
624 571 693 633 sine
717 567 858 647 testibus,
883 565 1159 650 quemadmodum
1174 565 1350 649 aliquando
1365 572 1400 634 in

111 703 191 747 more
202 683 265 748 tuit
278 683 497 748 contrahendo
509 683 589 746 hoec
603 683 702 746 verba
718 679 856 762 pretulit:
885 677 933 743 Te
947 677 1090 743 Ioannes
1105 680 1288 763 desponset,
1299 701 1400 763 quan-

110 791 149 856 do
162 794 229 876 ipse
245 813 310 858 nen
324 793 501 857 vecabetur
515 791 656 856 Joannes
682 789 737 854 sed
764 809 798 852 se
817 807 855 852 eo
877 790 1007 852 nomine
1024 787 1128 851 vocari
1144 787 1247 870 fiuxit,
1264 804 1300 854 ut
1314 794 1401 874 quod

110 903 186 968 alies
200 905 378 970 obtineres
403 903 513 988 puella
536 921 600 966 non
626 910 756 985 peterat,
784 897 912 964 fictione
934 899 1110 983 surriperet.
1154 901 1330 986 Rescripsit
1350 905 1404 968 In·

110 1019 273 1076 nocentius
300 1013 367 1091 111,
397 1011 526 1077 nullum
555 1031 626 1073 esse
655 1009 850 1092 conjugium,
880 1007 966 1090 qued
994 1029 1102 1072 revera
1132 1010 1167 1088 is,
1198 1012 1254 1093 qui
1284 1031 1402 1076 nomen

109 1122 280 1185 ementitus
294 1119 406 1200 inerat,
429 1137 495 1184 non
521 1119 742 1180 consensisset.
786 1113 825 1180 ld
851 1127 887 1179 ut
910 1129 992 1201 apte,
1017 1117 1225 1202 adpositeque
1249 1121 1405 1204 intelliga-

110 1238 166 1305 tur,
181 1227 421 1290 observandum
436 1225 594 1306 imprimis
607 1235 663 1305 est,
690 1244 754 1287 non
775 1243 845 1288 esse
870 1223 956 1288 hane
980 1227 1120 1308 speciem
1133 1229 1403 1296 ‘confundendam

109 1353 183 1398 cum
197 1335 306 1413 altera,
322 1337 356 1398 in
379 1351 444 1416 qua
472 1347 644 1416 quaeratur
669 1334 711 1396 de
733 1335 1006 1414 contrahentibus,
1030 1337 1087 1418 qui
1111 1337 1145 1400 in
1171 1339 1300 1402 nomine
1326 1359 1407 1404 erre-

109 1445 219 1520 veriut,
234 1453 267 1506 et
280 1445 500 1506 censenserint
515 1445 547 1506 in
570 1459 714 1526 perseum
742 1442 830 1505 solus
857 1444 945 1506 enim
968 1464 1052 1508 error
1066 1445 1100 1509 in
1124 1450 1264 1527 nomine,
1289 1451 1407 1514 ubido

108 1571 242 1638 persona
255 1563 389 1631 constat,
401 1553 591 1636 'conjugium
607 1551 740 1614 minime
756 1551 854 1614 vitiat:
878 1553 994 1618 deinde
1015 1554 1243 1640 distinguenda
1266 1573 1314 1622 est
1340 1581 1407 1643 pro-

109 1663 211 1746 posita
226 1662 350 1744 species
374 1663 416 1725 ab
441 1661 549 1740 altera,
574 1661 608 1740 in
632 1679 698 1742 qua
723 1673 936 1742 quaereretur,
953 1679 993 1724 ao
1011 1665 1067 1745 qui
1083 1665 1260 1730 interiorem
1277 1689 1411 1732 consen-

109 1791 182 1836 sum
195 1791 231 1834 se
245 1787 311 1839 nou
327 1753 480 1836 babuisse
494 1769 621 1852 allegat,
638 1770 738 1832 imme
763 1771 862 1833 etiam
890 1761 1008 1854 probat,
1034 1775 1134 1855 possit
1159 1781 1179 1840 e
1205 1775 1281 1840 data
1304 1782 1412 1864 conju-

108 1879 153 1962 gii
167 1878 231 1942 lide
247 1879 431 1961 praesertim
448 1889 519 1960 post
533 1887 678 1942 moutam
693 1878 844 1961 copulam
871 1879 997 1960 resilire,
1024 1883 1156 1963 quando
1182 1889 1313 1969 tempori
1328 1889 1410 1952 eele-

111 1985 189 2048 breti
203 1985 344 2068 conjugii
359 1985 477 2067 palam,
493 1995 524 2048 et
538 1985 644 2048 verbis
666 1985 699 2049 ld
723 1989 889 2072 perspicue
912 1989 1167 2069 exprimentibus
1193 1993 1291 2060 fidem
1315 2017 1411 2066 suam

109 2095 287 2160 obstrinxit.
331 2093 463 2158 Etenim
474 2111 652 2158 censensus
669 2112 723 2178 per
738 2097 835 2161 verba
857 2099 1026 2180 perspicua
1042 2101 1150 2181 palam
1173 2123 1344 2187 expressus
1357 2111 1412 2188 ita,

109 2217 145 2270 ut
160 2206 258 2267 verbe
273 2203 399 2268 nullam
412 2203 514 2268 aliam
534 2203 828 2286 inierpretetionem
853 2206 941 2288 epud
967 2207 1135 2272 audientes
1150 2213 1330 2296 admittent,
1346 2219 1412 2283 sus-

109 2315 221 2380 iieieus
236 2324 293 2393 est,
310 2323 348 2376 ut
371 2311 612 2376 matrimonium
627 2323 827 2378 contractum
852 2333 922 2377 esse
948 2315 1082 2400 dicatur;
1110 2339 1216 2402 neque
1239 2323 1273 2386 in
1288 2341 1411 2392 eontra-

110 2423 193 2486 rium
210 2419 412 2501 probationes
424 2418 646 2500 admlttuntur,
659 2433 822 2505 propterea
834 2424 920 2506 quod
933 2439 1066 2507 cogatur
1081 2433 1306 2515 unusquisque
1316 2441 1413 2504 verbo

108 2537 180 2596 ase
193 2529 319 2614 pmlata
334 2529 367 2593 in
382 2545 527 2594 eoseusu
538 2531 684 2614 recipere,
697 2542 794 2612 quem
810 2533 913 2596 solent
928 2545 1010 2596 reete
1022 2537 1272 2620 intelligentibus
1284 2547 1412 2628 ingene-

108 2657 187 2721 rare,
203 2637 480 2722 quemadmodum
495 2649 581 2702 recte
595 2639 760 2703 concludit
774 2639 960 2704 Alexander
972 2641 1029 2706 ΠΙ.
1042 2643 1075 2708 iu
1085 2663 1154 2728 cop.
1165 2647 1194 2710 t.
1207 2647 1250 2712 de
1263 2641 1412 2734 sponsal,

108 2769 151 2816 ue
165 2751 250 2813 alies
263 2747 347 2830 dolo,
373 2757 405 2812 et
418 2747 587 2812 fraudibus
602 2747 692 2811 loeus
718 2749 885 2831 aperiatur,
900 2761 932 2811 et
947 2751 1067 2831 passim
1094 2753 1241 2837 allegent,
1257 2779 1322 2822 non
1339 2751 1412 2840 oon,

107 2864 251 2926 sensisse
274 2879 310 2923 se
323 2859 469 2923 interiere
493 2857 669 2936 voluntate,
686 2859 742 2940 qui
767 2857 908 2922 exterius
922 2858 1055 2942 professi
1071 2875 1147 2926 sunt
1175 2855 1349 2951 perspicue,
1376 2894 1411 2938 se

107 2975 322 3040 consensisse.
365 2971 451 3038 Sane
477 2971 511 3034 in
526 2967 660 3034 laudato
674 2989 743 3053 cap.
758 2966 809 3033 26.
835 2967 925 3033 aliter
940 2991 1009 3035 sese
1024 2993 1073 3036 res
1089 2965 1236 3058 babebat,
1252 2999 1327 3045 cum
1343 3005 1410 3048 ver-

108 3084 152 3148 bu
167 3081 233 3160 illa,
249 3089 282 3144 te
295 3078 438 3144 mannes
453 3077 637 3160 desperasse,
653 3095 709 3158 per
722 3095 757 3138 se
782 3095 846 3140 nou
863 3077 1081 3161 significarent
1096 3083 1272 3167 manifeste,
1288 3092 1411 3158 adoles-

104 3201 238 3256 centem
253 3187 463 3272 proferentem
477 3185 630 3249 habuisse
648 3185 795 3248 animum
809 3183 1034 3269 despensandi,
1050 3177 1258 3258 cum‘nomen
1274 3199 1410 3268 Joenuis

106 3305 150 3368 de
166 3322 204 3368 eo
230 3315 295 3367 non
322 3297 556 3382 intelligeretur,
582 3297 644 3360 uisi
661 3297 802 3369 eatenus,
827 3309 988 3379 quatenns
1011 3297 1106 3364 finxit
1131 3323 1165 3365 se
1181 3311 1287 3372 vocari
1314 3300 1434 3381 Joan.'

108 3435 196 3481 uem.
240 3407 333 3477 Nulli
348 3411 381 3472 in
395 3424 434 3470 eo
457 3401 596 3490 gerendo
610 3413 685 3468 actu
709 3403 842 3467 aderant
865 3415 967 3482 testes,
992 3408 1048 3488 qul
1073 3406 1151 3472 sorte
1167 3411 1193 3474 si
1219 3413 1407 3506 adfuissent,

107 3521 204 3586 aliter
229 3513 470 3594 intellexissent,
493 3529 593 3596 quam
616 3511 720 3576 verbis
744 3509 807 3574 illis
832 3513 1015 3594 aequivocis
1040 3520 1276 3600 exprimeretur.
1320 3531 1411 3599 Tan.

107 3644 184 3694 tum
210 3623 398 3710 imprudens
412 3619 521 3706 puelle
546 3619 813 3702 significationem
837 3621 942 3684 verbis
966 3619 1061 3703 dedit,
1086 3625 1215 3707 qualem
1240 3623 1410 3723 dar'e'lpsa

106 3735 273 3820 eripiebat,
298 3749 365 3794 nou
386 3727 492 3811 qualis
517 3725 585 3790 dari
615 3726 753 3808 penitius
778 3727 992 3791 consideranti
1023 3729 1184 3811 potuisset.
1228 3741 1319 3810 Quid
1335 3765 1410 3830 ergo

107 3851 242 3925 emirum,
270 3861 297 3906 si
289 3837 552 3906 'Innocentius
544 3857 576 3900 ru
602 3855 675 3900 eam
691 3855 724 3900 se
746 3837 928 3919 opinionem
955 3841 1174 3921 procliviorem
1199 3869 1269 3914 esse
1293 3858 1409 3938 proles

107 3951 169 4024 sus
182 3965 242 4035 est,
259 3959 296 4018 ut
319 3957 430 4015 contra
441 3937 683 4011 matrimonium
702 3943 876 4031 judicaret‘l
912 3945 997 4011 Dixi
1012 3951 1231 4033 procliviorem
1260 3979 1338 4042 essa
1357 3983 1409 4026 ne-

106 4087 177 4152 que
191 4065 282 4130 eriim
296 4059 476 4144 quidquem
500 4056 576 4118 certi
592 4055 709 4118 ibidem
724 4055 827 4135 tradit,
857 4055 912 4118 scd
929 4055 1119 4140 diligentiori
1135 4061 1330 4144 inquisitioni
1348 4071 1411 4134 sae

107 4173 308 4238 tiuniversa
332 4163 500 4242 commisit,
525 4171 694 4226 contentus
710 4173 834 4227 tantum
861 4161 1029 4228 tradidisse
1055 4169 1215 4250 generalia
1224 4175 1305 4257 juris
1329 4197 1412 4259 prm.

109 4281 208 4364 eipia,
224 4273 344 4359 quibus
358 4269 571 4348 doceretur,
546 4287 615 4332 sure
632 4267 796 4351 perspicuo
811 4286 971 4335 consensu
986 4291 1050 4336 uon
1066 4293 1159 4358 posse
1171 4281 1353 4347 matrimoni
1368 4276 1428 4352 nn¹

106 4385 258 4468 judicari,
274 4377 550 4466 quemadmodum
567 4375 666 4462 liquet
681 4375 928 4442 consideranti
919 4394 1043 4463 integra
1057 4385 1190 4467 capituli
1204 4390 1334 4520 verbe,
1320 4413 1414 4478 June-

114 4491 186 4556 tal.
202 4491 255 4556 3⁰.
270 4485 299 4554 ff
321 4485 553 4572 ueruuunpt,
