3168 4982
161 363 225 428 212
534 390 775 439 urssaars'no
798 397 953 459 cuturn,
977 401 1052 446 cna.
1077 381 1114 448 V.

163 505 431 589 benevolentiam,
448 505 569 576 divisos
585 513 723 586 invicem
748 536 886 584 uxorum
902 523 1036 602 animos,
1061 527 1159 592 immo
1175 537 1206 592 et
1228 541 1342 596 mutuo
1356 552 1471 618 tepug·

162 625 285 693 nantes,
309 615 432 680 dlvisos
448 631 612 700 propterea
635 621 749 687 liberos
774 625 855 688 inter
876 647 918 708 se,
946 627 1025 694 dum
1050 637 1272 718 unusquisque
1288 653 1470 707 maternam

161 717 254 782 facile
270 723 414 802 sequitur
435 724 658 810 adfectionem,
690 743 787 814 atque
811 735 885 798 inde
908 737 1025 816 litibus,
1055 752 1085 802 et
1103 744 1225 825 jurgiis,
1256 746 1402 830 odiisque
1425 749 1471 812 ad

161 830 391 910 poenitentiam
407 849 509 913 usque
524 837 697 916 protractis,
714 838 905 904 latissimam
922 845 1034 926 aperiri
1050 848 1138 914 viam
1160 852 1192 913 in
1208 871 1246 914 eo
1260 854 1337 936 ipso,
1354 856 1386 918 in
1402 875 1472 938 quo

161 947 279 999 natura
308 937 411 1000 voluit
432 958 583 1020 amorem,
610 944 877 1028 benevolentiam,
901 963 997 1032 atque
1026 957 1241 1046 arctissimam
1262 961 1473 1026 necessitudi-

161 1067 237 1110 nem
252 1047 429 1110 conciliarit
472 1049 509 1110 ld
526 1049 607 1111 adeo
629 1071 743 1117 verum
757 1075 827 1118 esse
842 1071 953 1140 gentes
981 1081 1093 1129 ornnes
1115 1081 1326 1156 agnoverunt,
1344 1083 1378 1134 ut
1391 1091 1473 1154 quo·

161 1163 222 1223 ties
238 1158 366 1239 aliquae
383 1159 519 1220 nimium
543 1160 575 1222 in
605 1162 667 1223 bac
691 1177 780 1244 parte
803 1167 940 1232 maritali
970 1170 1117 1246 licentiae
1138 1176 1304 1260 indulgere
1320 1199 1354 1242 se
1376 1199 1475 1262 posse

161 1267 373 1344 crediderunt,
392 1287 453 1330 uon
478 1270 569 1330 aliter
585 1269 784 1352 indulserint,
806 1295 906 1355 quam
922 1297 960 1339 ca
982 1283 1171 1364 conditione,
1190 1297 1223 1350 nt
1240 1289 1337 1352 unica
1351 1289 1474 1352 dicere·

162 1389 222 1456 tur,
247 1395 321 1440 vera
336 1387 368 1438 et
395 1376 539 1458 legitima
554 1397 643 1458 uxor,
665 1381 760 1461 quasi
777 1384 1029 1476 materfamilias,
1052 1403 1083 1453 et
1112 1393 1315 1460 individuam
1344 1399 1475 1484 habeus

162 1505 238 1550 cnm
255 1487 368 1566 marito
383 1485 580 1568 dignitatem,
597 1498 694 1568 atque
710 1494 951 1578 praestantiam,
970 1509 1113 1562 caeterae
1135 1523 1209 1566 vero
1225 1507 1376 1572 mulieres
1389 1507 1473 1575 iufe-

161 1600 241 1662 riora
256 1597 358 1682 gradu
382 1597 660 1677 constituerentur,
686 1597 790 1663 dictae
808 1613 842 1666 ut
857 1604 1034 1698 plqrimum
1051 1615 1190 1696 generali
1207 1619 1472 1684 nomineconcu·

160 1705 264 1782 binae,
280 1715 311 1766 ct
333 1705 427 1789 quasi
444 1705 554 1767 uxoris
574 1705 721 1786 vicariae,
738 1709 934 1792 proindeque
956 1717 1048 1808 narmi
1063 1718 1168 1782 eidem
1191 1725 1361 1807 subjectae,
1385 1741 1418 1788 et
1432 1728 1472 1792 fi-

159 1809 218 1872 lios
231 1831 295 1874 non
312 1824 378 1874 tam
393 1811 460 1890 sibi,
477 1831 575 1892 qnam
590 1811 751 1896 legitimae
767 1835 866 1880 uxore
883 1818 1011 1882 fictione
1023 1827 1201 1906 quamdam
1217 1846 1372 1912 parentes.
1393 1837 1473 1902 Por-

156 1939 191 1982 ro
207 1921 268 1982 ista
281 1920 380 1982 flictio
395 1919 517 1981 minore
532 1920 666 2000 quidem
681 1923 783 2002 potuit
804 1927 1006 2006 asperitatem
1027 1913 1234 1998 familiarium
1250 1937 1470 2008 dissidiorum,

156 2047 240 2110 quae
255 2027 415 2110 paulisper
432 2025 557 2088 elevare
574 2026 741 2090 videbatur
756 2031 865 2091 varius
881 2036 1075 2099 constitutus
1090 2040 1167 2100 ordo
1182 2061 1329 2124 uxorum,
1346 2059 1377 2106 et
1392 2047 1479 2110 libe·

48 2189 51 2198 .
154 2155 270 2214 rorum,
287 2155 456 2216 nunqnam
479 2147 587 2198 tamen
603 2153 731 2217 prorsus
746 2150 888 2202 avertere
904 2143 1016 2228 valuit,
1035 2148 1079 2208 uti
1096 2147 1190 2212 facile
1206 2151 1307 2234 liquet
1320 2155 1469 2222 conside-

151 2247 244 2327 rauti;
262 2255 319 2308 aut
340 2244 427 2307 enim
456 2239 572 2322 evcnit,
588 2255 620 2306 et
641 2245 676 2307 in
695 2247 934 2328 concubinam,
962 2269 1162 2350 quamquam
1186 2251 1332 2324 inferiore
1361 2261 1469 2342 gradu

150 2357 366 2436 constitutam,
383 2355 483 2436 major
498 2352 539 2414 sit
560 2353 784 2416 benevolentia
802 2358 1034 2456 meutiquam
1058 2360 1091 2423 in
1107 2381 1252 2446 uxorem3
1276 2367 1470 2448 antevenit,

150 2478 185 2530 ut
203 2467 300 2529 etiam
316 2467 416 2548 major
437 2463 478 2524 sit
501 2461 724 2524 benevolentia
754 2465 856 2554 patris
872 2465 905 2526 in
929 2465 1013 2528 filios
1037 2471 1247 2552 concubinae,
1262 2491 1469 2556 quamquam

149 2578 294 2642 inferiore
310 2577 378 2640 loco
400 2575 598 2651 constitutos,
629 2592 729 2656 qnam
752 2575 786 2636 in
813 2575 897 2639 filios
920 2581 1038 2658 uxoris,
1070 2582 1202 2662 qnando
1227 2585 1291 2668 jus,
1313 2597 1370 2664 aut
1380 2587 1467 2670 juris

147 2687 235 2752 fictio
264 2685 414 2750 inducere
436 2679 569 2762 quidem
587 2689 717 2767 poterat,
741 2692 777 2744 ut
806 2682 840 2745 in
862 2683 1035 2748 hominum
1064 2689 1213 2771 opinione
1235 2709 1318 2754 uxor
1346 2703 1379 2756 et
1399 2679 1465 2757 lilii

145 2795 254 2858 uxoris
270 2793 431 2878 digniores
452 2805 568 2874 essent,
584 2813 622 2860 ac
644 2792 889 2876 praestantiores
915 2794 1105 2856 concubinis
1128 2807 1159 2857 et
1185 2796 1249 2860 filis
1263 2800 1464 2864 concubina-

145 2927 218 2971 rum
232 2927 297 2972 non
314 2918 422 2970 tamen
438 2917 474 2970 nt
495 2905 579 2970 fecto
594 2904 773 2968 dilectiores
794 2916 910 2984 essent,
940 2917 972 2970 et
993 2907 1168 2988 eceptiores
1187 2904 1240 2970 rel
1256 2911 1380 2994 marito,
1404 2913 1463 2976 vel

144 3019 237 3101 patri,
253 3016 339 3100 quod
354 3025 516 3098 quantum
537 3032 663 3096 semper
685 3023 842 3096 repugnet
863 3013 1064 3078 naturalibus
1080 3014 1223 3098 conjugii
1245 3015 1346 3096 bonis,
1362 3037 1464 3084 nemo

145 3147 210 3192 nou
227 3127 322 3191 videt.

188 3235 305 3298 letum
321 3231 485 3296 enimvero
503 3229 564 3292 has
579 3229 819 3292 observationes
841 3235 914 3291 utut
932 3225 1075 3288 maxime
1097 3239 1301 3310 opportunas,
1318 3231 1463 3298 dixerim

143 3347 241 3412 etiam
256 3344 401 3427 optimas,
425 3353 458 3404 et
471 3359 528 3424 per
549 3359 584 3401 se
598 3340 677 3434 satis
699 3337 831 3402 idoneas
846 3333 888 3398 ad
910 3334 1144 3416 imponendum
1167 3355 1361 3420 cuicumque
1382 3361 1463 3408 con·

144 3449 314 3520 troversiae
330 3449 438 3528 finem,
462 3447 489 3509 si
504 3465 569 3510 non
591 3442 843 3530 praetereundas
868 3441 1008 3520 omnino,
1031 3441 1146 3504 saltem
1171 3442 1275 3518 levius
1297 3449 1462 3531 attingen.

144 3564 203 3629 das
230 3559 352 3644 putavi,
376 3558 402 3621 si
431 3555 565 3640 quidem
598 3553 714 3632 durior,
744 3561 776 3614 et
798 3549 985 3614 salebrosior
1015 3547 1198 3634 disputatio,
1224 3573 1309 3636 quae
1340 3557 1371 3619 in
1394 3559 1463 3624 hoc

144 3671 305 3762 proposito
334 3669 475 3752 emergit,
505 3667 605 3731 oritur
634 3684 675 3728 ex
697 3662 790 3738 sacto,
807 3673 838 3724 et
859 3661 1093 3726 consuetudine
1111 3663 1254 3748 plurium
1276 3671 1458 3753 populum,

146 3785 204 3867 qui
232 3778 405 3862 multiplex
435 3758 623 3860 conjuginm
652 3772 874 3854 probaverunt,
905 3791 1043 3854 quorum
1074 3775 1268 3855 opinionem,
1298 3789 1330 3840 et
1360 3799 1463 3848 usum

146 3886 380 3972 quiallegaret,
402 3903 469 3947 non
483 3880 563 3944 adeo
585 3879 646 3943 sibi
675 3877 769 3942 facile
791 3879 1002 3962 persuaderet,
1018 3882 1139 3944 versari
1160 3882 1194 3944 iu
1219 3901 1258 3944 ea
1280 3904 1313 3946 re
1328 3898 1461 3952 natura-

147 4001 177 4064 le
208 4009 423 4082 praeceptum,
452 3992 584 4076 quando
615 3990 780 4054 naturales
810 3993 1047 4075 praeceptiones
1077 4013 1135 4056 eae
1163 3995 1269 4076 patim
1294 3996 1460 4082 dicuntur,

146 4130 231 4194 quae
252 4107 416 4192 epoputis
438 4104 597 4168 universis
626 4102 742 4166 saltem
763 4103 950 4168 cultioribus
971 4105 1208 4170 custodiuntur.
1250 4105 1342 4178 Quid
1365 4115 1461 4196 ergol

147 4217 183 4282 st
198 4189 326 4280 tantum
348 4213 389 4276 de
418 4211 569 4294 gentibus
591 4209 655 4274 illis
678 4224 832 4293 ageretur,
855 4232 940 4296 quae
968 4213 1088 4278 divinis
1110 4217 1386 4298 praeceptionibus
1401 4241 1457 4288 ne-

146 4325 268 4410 glectis,
297 4333 329 4386 et
349 4319 479 4399 nefario,
510 4320 607 4383 etiam
629 4319 783 4384 idolatrae
812 4321 928 4386 scelere
950 4323 1153 4402 obcaecatae,
1179 4327 1345 4390 naturales
1367 4331 1460 4414 ipsas

147 4435 365 4503 institutiones
394 4430 485 4514 perri
507 4429 610 4496 fecere
635 4444 667 4496 et
687 4443 867 4516 potuerunt,
897 4443 929 4496 at
950 4445 1247 4506 consueveruntex
1269 4439 1347 4504 ritio
1362 4453 1460 4509 natu·
