3210 4990
175 395 238 465 iit
553 413 798 465 cummium
819 361 976 482 scians,
997 415 1076 466 ors.
1099 397 1123 467 i.

162 559 217 606 uo
237 549 333 620 recte,
358 537 530 604 consistere
556 540 737 622 votuerunt,
764 541 878 606 eodem
901 540 967 606 iere
992 542 1098 622 modo,
1124 558 1191 627 quc
1213 541 1363 626 ertpeiius
1390 535 1489 608 trau·
1591 571 1594 584 ,

166 651 216 731 di,
233 651 635 734 humanojmautatutum
658 667 738 730 esse,
762 669 828 714 uon
853 650 938 715 dirui
961 650 1111 718 aedificic
1134 665 1177 716 ex
1200 651 1314 715 silenis
1335 669 1487 716 caemen-

173 763 214 826 u's
229 771 336 824 erecta
363 759 436 823 acci
458 759 581 841 publici
606 775 717 838 causa,
743 757 818 822 iicet
842 759 983 842 grauiter
1006 757 1183 841 delinquat,
1198 757 1256 840 qui
1277 757 1393 822 udonis
1412 773 1488 822 cae·

174 861 293 939 maniis
307 889 389 935 ustus
402 868 465 934 fuit
486 870 522 933 in
544 866 770 936 cunsnuendo.
812 869 1040 941 Quamobrem
1065 869 1110 933 ibi
1133 865 1315 933 conflictus
1326 867 1488 952 quodam·

172 979 324 1046 mcdofit
338 977 477 1062 duplicis
495 979 587 1063 J‘un's,
611 991 643 1042 et
665 979 834 1062 utriusque
858 979 971 1059 divini,
993 979 1072 1044 irinc
1092 980 1300 1044 matrimonia
1313 977 1485 1062 firmantis,

171 1091 263 1156 illinc
277 1089 484 1155 matrimonia
507 1088 728 1171 improbantis3
756 1089 986 1172 proptereaque
1011 1088 1066 1154 lex
1089 1088 1239 1174 specialis
1260 1089 1488 1175 conjugiorum

172 1196 316 1282 generali
340 1194 496 1280 puncipio
521 1193 657 1258 minime
680 1193 774 1274 cedit,
794 1192 893 1278 juxta
921 1194 1092 1278 vulgatam
1117 1195 1274 1280 reguimu,
1301 1213 1389 1280 quae
1413 1213 1488 1280 poa·

169 1306 266 1385 aaut,
288 1315 328 1370 ut
352 1304 387 1368 in
411 1320 573 1367 manuam
598 1301 808 1385 generalium,
834 1311 867 1365 at
889 1301 1088 1385 specialium,
1114 1301 1269 1386 specialia
1291 1319 1368 1386 prae
1390 1316 1488 1385 gaus·

166 1409 298 1476 .ralibua
326 1407 547 1474 attendantur.
588 1408 700 1474 Altera
728 1427 830 1472 causa
858 1417 915 1488 esi,
945 1406 1034 1492 quud
1061 1427 1101 1472 aa
1128 1419 1300 1493 praecepta
1323 1409 1487 1474 matrimo-

165 1517 257 1584 uiua
271 1515 460 1600 ganaraiimr
475 1515 699 1600 improbantia,
723 1513 761 1580 in
780 1513 978 1599 qmbusdam
999 1531 1107 1580 rerum
1120 1513 1284 1600 adjunctis
1305 1514 1415 1580 iocum
1428 1513 1488 1578 ha-

167 1627 250 1694 bere
273 1643 341 1692 nou
365 1624 537 1690 videantur
562 1625 604 1691 ou
627 1625 809 1709 linguatus
834 1623 997 1709 quaedam
1019 1639 1220 1710 emergamus
1244 1643 1372 1707 cumas,
1398 1639 1485 1709 quas

173 1735 374 1820 interpretari
388 1735 563 1819 quisquam
580 1745 689 1818 posset
701 1741 724 1800 a
736 1735 880 1818 generali
894 1734 965 1818 lege
986 1745 1155 1819 exemptas
1167 1753 1248 1801 esse.
1290 1729 1383 1807 Quid
1398 1735 1489 1802 euim

172 1846 202 1910 si
216 1845 394 1928 quisquam
419 1843 541 1926 insigni
564 1843 683 1908 virtute
706 1842 870 1925 praeditus
891 1841 968 1906 ideo
991 1843 1052 1907 eibi
1072 1845 1192 1929 J'uugat
1216 1843 1378 1929 perditum
1393 1843 1488 1916 muri·

169 1949 235 2028 bus
259 1956 443 2039 conjugem,
470 1965 507 2020 ut
520 1973 598 2020 eum
623 1955 658 2018 in
681 1953 847 2018 meliorem
870 1951 997 2038 surgam
1024 1953 1181 2018 adducati
1224 1955 1325 2037 Quid,
1348 1957 1488 2042 sisxpe·

170 2063 243 2132 diat
257 2063 398 2143 voventi,
414 2063 660 2128 matrimonium
674 2062 871 2143 contrahere,
892 2063 991 2147 juxta
1013 2061 1109 2128 Pauli
1133 2063 1279 2146 Apostoli
1301 2063 1486 2132 consilium:

170 2177 356 2244 mitescet
370 2175 501 2254 nudos,
528 2193 632 2260 quom
656 2175 732 2238 uri?
776 2173 936 2238 Divinum
960 2173 1043 2238 iliud
1060 2175 1116 2258 jus
1138 2175 1288 2257 genemie
1312 2192 1378 2240 nou
1403 2175 1488 2241 adeo

169 2284 268 2352 iaciie
291 2282 433 2350 dixerim
455 2282 508 2348 ets
532 2282 632 2345 etiarn
655 2281 820 2365 adjunctis
844 2281 1014 2361 immiuire,
1042 2291 1079 2344 ut
1102 2281 1252 2346 hominos
1276 2297 1487 2365 quacumque

169 2393 374 2472 sacmritata
400 2409 440 2456 ac
462 2391 597 2455 oonsific
621 2389 790 2473 praeditos,
817 2391 951 2456 viuculo
975 2407 1159 2474 numquam
1187 2390 1403 2456 concutiendo
1431 2391 1488 2456 de·

169 2503 304 2570 elusim„
348 2501 464 2584 itaque
489 2519 568 2564 crim
591 2499 681 2580 haar,
707 2519 748 2564 ao
772 2499 893 2564 similia
915 2498 1072 2583 adjuncta
1100 2499 1134 2564 iu
1163 2498 1367 2583 siugulcmm
1393 2517 1489 2566 cous

51 2621 55 2630 “
172 2613 292 2684 cuam
315 2621 491 2690 vmmutur,
516 2629 556 2673 ac
579 2619 759 2688 teneantur,
787 2627 856 2672 nun
881 2607 963 2674 adeo
988 2607 1091 2692 rigide
1114 2607 1246 2673 divinas
1270 2609 1358 2691 leges
1380 2607 1420 2672 iis
1434 2625 1488 2673 ao·

174 2722 466 2802 commodabimus,
481 2719 517 2785 ui
531 2736 658 2804 semper
680 2717 890 2782 dissolvenda
916 2715 983 2780 iure
1007 2717 1160 2802 conjugia
1178 2716 1358 2797 credamus,
1381 2717 1488 2801 proin-

170 2835 283 2918 deque
305 2832 406 2898 turim
428 2838 488 2908 cet,
512 2826 694 2912 quidquam
717 2823 987 2894 corrnaheutibus
1015 2826 1191 2911 indulgere,
1221 2825 1283 2891 sibi
1310 2827 1489 2908 imputatu-

171 2947 229 3026 ris,
245 2945 275 3010 si
289 2943 367 3008 forie
392 2941 499 3019 latius,
514 2955 615 3020 quam
630 2938 774 3021 pamiae
795 2921 907 3002 divino
917 2937 989 3022 jure
1013 2913 1210 3002 &assonat
1254 2937 1336 3004 Dixi
1359 2937 1393 3000 in
1416 2955 1490 3022 pro·

156 3041 288 3138 'positu
305 3050 383 3133 scre
406 3065 471 3111 non
500 3065 573 3109 asse
600 3063 724 3126 verrem,
747 3047 937 3129 conjugium
959 3031 1081 3127 irrisuri,
1106 3043 1307 3112 indicaturus
1332 3045 1489 3112 adhunc

172 3159 324 3245 mutam
359 3155 558 3241 probabilem
591 3159 834 3238 exceptionem.
878 3151 1042 3218 Nimimm
1078 3154 1106 3218 si
1142 3166 1266 3238 praeter
1300 3154 1487 3240 generalem

173 3273 324 3338 divinam
346 3269 461 3354 legam,
485 3266 573 3330 adsit
593 3265 696 3330 altera
721 3264 836 3328 diuina
860 3263 914 3328 lex
943 3263 1093 3347 specialis
1121 3267 1274 3350 conjugia
1302 3265 1486 3350 prohibens,

175 3402 243 3451 non
258 3381 421 3460 dubitabo,
446 3377 527 3461 quin
554 3375 645 3440 ‘irrita
670 3373 822 3459 conjurgia
846 3391 917 3437 essa
939 3373 1087 3457 debsuut3
1114 3375 1209 3458 quasi
1223 3375 1316 3440 Deus
1330 3393 1407 3440 cum
1432 3393 1488 3459 gs·

175 3487 279 3556 uenali
305 3487 369 3570 legi
393 3501 473 3552 suae
496 3482 669 3567 amcialem
691 3483 830 3546 alteram
856 3481 961 3564 legem
986 3481 1028 3546 de
1052 3484 1203 3568 conjugio
1226 3483 1393 3565 addiderit,
1416 3503 1489 3570 pro·

172 3597 285 3664 rurus
312 3595 415 3676 suerit,
445 3613 481 3657 se
509 3595 579 3657 sina
610 3591 911 3672 discriminandis,
939 3591 1122 3676 generalem
1146 3593 1254 3677 legem
1279 3595 1311 3659 in
1334 3595 1487 3681 conjugio

175 3703 379 3772 adamumlm
408 3701 537 3768 servari
590 3697 725 3765 Praesto
754 3700 855 3763 etiam
875 3711 953 3764 sunt
977 3701 1170 3784 gravissima
1197 3703 1296 3788 hujus
1324 3701 1488 3788 exceptio·

177 3817 230 3884 atr
243 3815 404 3898 exempla.
448 3811 613 3878 Prudierat
638 3811 672 3875 iu
694 3807 834 3876 Iudaico
857 3809 975 3895 populo
1000 3811 1114 3878 divina
1134 3813 1188 3878 lex
1205 3815 1363 3899 generalis
1378 3816 1418 3881 da
1434 3819 1487 3884 tri·
1545 3865 1552 3876 .

173 3925 285 3994 bubus
299 3922 434 3990 minima
448 3917 695 4000 confundendis,
711 3917 816 4001 deque
832 3935 897 3983 nun
919 3917 1087 3984 turbandis
1108 3919 1229 3986 finibus
1254 3941 1404 4006 agromrp
1420 3921 1487 3988 sin·

97 4085 102 4094 .
175 4033 273 4120 gulae
288 4031 384 4096 tribui
398 4029 587 4113 adsignatis.
632 4025 768 4092 Addidit
780 4028 872 4091 Deus
887 4028 1061 4112 specialem
1076 4029 1181 4114 legem
1195 4029 1237 4094 de
1262 4031 1422 4118 conjugiis
1438 4031 1487 4099 in·

172 4151 224 4208 ‚ter
238 4157 391 4222 parsum
405 4137 553 4228 divense
568 4133 677 4216 uibus,
694 4155 761 4200 uua
775 4147 912 4221 excepta
927 4135 1082 4215 Levitico,
1098 4157 1163 4202 non
1188 4140 1426 4223 contrahendis,
1441 4161 1494 4208 na

137 4333 140 4340 Δ
176 4245 348 4310 omnious
368 4243 503 4325 dotium,
528 4263 569 4308 oe
594 4242 813 4327 legitimarum
839 4245 1091 4326 amasionum,
1111 4245 1315 4330 praediorum
1341 4247 1489 4318 dominia

178 4357 313 4424 defunc
337 4357 371 4422 iu
386 4355 485 4422 aliaeu
511 4355 628 4420 tribum
655 4353 909 4421 transferrentur.
953 4357 1041 4428 Quis
1066 4375 1132 4423 non
1145 4357 1242 4442 dicat,
1263 4359 1414 4446 conjugia
1424 4361 1489 4428 ad·

171 4479 294 4529 seruus
307 4474 339 4528 et
354 4461 547 4548 generalem
572 4471 605 4526 et
629 4459 804 4548 specialem
829 4461 935 4546 legem
959 4471 1131 4547 conuecta,
1160 4463 1247 4530 irrita
1260 4467 1393 4533 omnino
1407 4467 1488 4536 iuis·
