3216 4988
389 421 451 478 Μ
467 427 605 478 seuero
616 429 730 488 cauea
746 425 1075 496 eacaanertacnun.
1305 386 1308 394 ¹
1327 401 1390 468 201

470 721 585 836 au
650 675 1015 831 TITULOS
1140 743 1170 792 s·
1259 625 1296 658 ”

705 905 717 930 Ι

296 1024 301 1042 ¹
336 1035 389 1102 De
405 989 632 1122 Sacrprnenlis
647 1057 711 1098 nan
726 1032 895 1099 iterandis.
911 995 983 1096 liba
998 1031 1023 1094 l.
1041 1030 1086 1092 tit.
1105 1029 1154 1095 16.

335 1145 389 1209 De
413 1131 646 1214 reiterardibrts
672 1117 861 1226 Baptana.
899 1140 968 1203 libr.
995 1141 1023 1204 5.
1051 1141 1094 1202 tir.
1121 1141 1151 1201 9.
1267 1189 1274 1212 ,
1311 1209 1314 1216 Ι

334 1252 387 1316 De
403 1249 600 1344 Rresbptere
622 1251 882 1336 conbaptizato.
906 1248 973 1314 libr.
989 1247 1017 1310 3.
1042 1248 1088 1337 tit.
1103 1245 1153 1310 43.
1233 1285 1240 1300 ·

103 1499 291 1712 JAMDlU
315 1641 487 1705 definitum
502 1643 543 1706 ab
560 1619 708 1705 Ecclesia
733 1639 802 1719 fnit,
828 1641 1048 1719 Sacramenta,
1072 1654 1156 1724 quae
1178 1633 1396 1705 characterem

100 1746 290 1828 imprimunt,
308 1749 529 1832 Baptismnnt,
554 1749 853 1844 Confirruationetn
880 1765 912 1814 et
937 1751 1183 1814 ordinationem
1210 1753 1312 1813 iterari
1332 1765 1398 1814 nott

101 1878 192 1939 passe.
240 1865 291 1926 De
306 1863 500 1946 baptismate
515 1865 645 1945 quidem
662 1865 907 1946 antiquissimae
922 1861 1053 1926 fuerunt
1069 1865 1100 1924 in
1118 1858 1269 1924 Africana
1286 1863 1397 1926 Eccle-

101 1969 142 2030 sia
156 1973 417 2050 concertationes,
441 1993 505 2036 non
522 1976 608 2054 qnod
625 1975 724 2056 aliqui
740 1974 912 2051 crederem,
936 1973 1096 2054 baptisma
1111 1971 1210 2034 setnei
1228 1974 1283 2035 rite
1298 1973 1396 2035 ebila·

99 2084 159 2139 tuni
176 2082 283 2144 iterari
311 2099 411 2162 posse,
428 2093 481 2143 ant
500 2081 622 2158 dobere,
649 2081 704 2142 sed
724 2083 827 2162 putus
852 2079 937 2161 quod
955 2081 1127 2152 crederent,
1146 2079 1244 2142 fidem
1272 2081 1304 2142 in
1322 2079 1398 2163 bap

99 2185 208 2250 tizante
236 2189 363 2270 requiri,
380 2209 435 2252 seu
461 2191 660 2271 baptizatum
685 2191 727 2252 ab
743 2191 903 2252 haeretica
930 2209 1003 2252 vere
1028 2191 1224 2271 baptizatum
1252 2189 1314 2252 dici
1333 2209 1396 2254 non

96 2311 190 2374 posse.
240 2299 358 2362 Verum
375 2311 406 2360 et
420 2299 501 2360 haec
527 2300 643 2379 «pinio,
659 2319 744 2380 quae
760 2313 888 2362 saintes
913 2303 1094 2380 caeteroqui
1113 2319 1195 2362 vuus
1222 2299 1399 2382 aliquando

98 2417 241 2482 patronos
257 2409 380 2487 habuit,
405 2407 466 2471 l'utt
491 2407 608 2470 deiude
632 2407 674 2470 ab
702 2407 849 2470 aceresia
875 2408 1038 2486 damnata,
1059 2429 1166 2491 ,quum
1190 2425 1322 2471 cauunn
1339 2423 1397 2489 est,

95 2514 290 2596 baptismum
307 2521 421 2598 valere,
448 2521 573 2602 quoties
588 2539 672 2601 aqua
687 2519 820 2582 ablutus
850 2515 1055 2603 Evangelieis
1071 2523 1177 2585 verbis
1194 2535 1398 2604 regeneratur

94 2624 269 2690 ministeriu
295 2627 373 2710 ejus,
400 2627 456 2709 qui
481 2627 689 2690 intentionem
716 2627 834 2689 habeat
860 2625 1008 2705 faciendi,
1030 2627 1119 2708 quod
1137 2627 1212 2691 facit
1239 2629 1397 2711 Ecclesia,

93 2735 237 2817 quisquis
255 2737 310 2800 llle
325 2737 374 2815 sit,
400 2737 457 2817 qui
474 2736 621 2817 baptizat,
637 2717 695 2798 seu
721 2737 848 2817 impius,
865 2755 921 2798 seu
939 2736 1127 2814 hacreticus,
1151 2755 1208 2798 sou
1237 2737 1396 2818 l'aganus.

93 2836 173 2904 Hinc
183 2846 260 2927 jure
276 2845 398 2926 optimc
424 2843 570 2924 sacrilegi
585 2843 666 2905 dicti·
679 2841 815 2920 fncruut,
831 2845 886 2924 qui
902 2843 1043 2924 aliquan
1060 2845 1131 2906 ausi
1154 2841 1273 2906 fuerint
1290 2843 1398 2926 rebap-

92 2951 194 3028 tizare,
212 2963 274 3016 aut
289 2954 345 3032 qui
370 2970 405 3012 sc
422 2951 608 3032 rebaptizari
635 2949 844 3030 permiserint,
860 2969 933 3012 carr.
959 2951 1009 3014 35.
1026 2969 1114 3014 cuns.
1138 2951 1198 3014 23.·
1215 2965 1337 3033 qnaesc
1357 2951 1398 3032 a,

90 3077 281 3144 poenaeque
305 3061 514 3142 gravissimae
540 3058 572 3122 iu
590 3060 806 3140 rebaptizatos
828 3057 977 3132 insstctae,
997 3062 1104 3142 qualis
1130 3073 1179 3124 est
1195 3065 1226 3124 in
1256 3039 1398 3125 Oleiicos

92 3157 303 3250 depositionis
327 3165 475 3248 agretia,
491 3177 523 3232 et
547 3163 739 3247 generaliter
764 3170 798 3230 iu
813 3185 926 3230 omnes
942 3187 1045 3250 paena
1071 3171 1311 3253 irregularitatis
1328 3173 1398 3235 sine

90 3265 399 3364 spe'iudulgentiaa
426 3296 464 3342 ac
479 3280 737 3362 dispensationis,
763 3297 834 3342 cart.
858 3279 910 3343 65.
935 3279 1008 3343 dist.
1025 3283 1075 3344 50.
1101 3298 1172 3346 can.
1199 3283 1229 3346 3.
1246 3283 1320 3347 dtsr.
1336 3285 1397 3366 98..

89 3405 156 3453 can.
175 3394 244 3472 10,
255 3403 287 3454 et
302 3391 354 3454 21.
381 3389 413 3453 in
432 3388 496 3453 fine
511 3406 599 3454 caus.
618 3391 645 3452 1.
672 3403 796 3472 quaest.
812 3389 852 3468 7.,
874 3408 1076 3472 quarnquant
1098 3389 1276 3475 aliqnando
1292 3393 1324 3456 in
1340 3395 1399 3457 cri·

89 3499 334 3580 mineoccttlto,
349 3511 381 3566 et
395 3517 476 3563 curn
487 3497 842 3582 eaquem‘exc'usabut
854 3513 952 3577 aetas,
978 3518 1075 3582 atque
1091 3503 1223 3566 intentio
1238 3501 1399 3567 fraternae

88 3607 213 3690 relatis,
232 3609 347 3674 tullius
357 3621 472 3673 actum
483 3608 587 3687 suerit,
603 3609 882 3690 quemadmodem
897 3611 930 3674 in
943 3612 1049 3694 specie
1063 3611 1195 3695 capitali
1210 3613 1240 3677 2.
1253 3613 1294 3677 de
1308 3631 1400 3697 apaa-

86 3719 170 3800 tatis}
187 3718 282 3803 quod
297 3703 382 3784 adeo‘
404 3728 519 3782 veruta
534 3729 592 3798 cst,
609 3727 644 3783 at
659 3701 766 3782 locunt
783 3719 901 3784 habeat
915 3719 1014 3784 etiam
1026 3745 1029 3752 ·
1041 3727 1075 3784 tn
1090 3718 1222 3799 infante,
1238 3733 1295 3785 aut
1310 3723 1400 3806 igno·

85 3822 319 3907 anre—aduno,
344 3827 378 3892 in
393 3827 514 3910 quibus
528 3827 603 3891 hcet
617 3825 825 3910 rebaptizatio
839 3827 956 3912 culpae
981 3824 1120 3892 adscribi
1135 3847 1200 3894 uon
1216 3829 1324 3911 possit,
1340 3845 1400 3892 tm·
1465 3841 1471 3852 ·

84 3937 278 4022 pedimurtc
292 3947 400 4002 tamen
414 3947 473 4015 eat,
487 3954 531 4000 ne
544 3933 586 4000 ad
601 3936 837 4000 ecclesiasticos
851 3936 981 4001 ordines
995 3935 1187 4015 ascendant,
1201 3920 1264 3999 nisi
1278 3953 1320 4000 ex
1336 3935 1402 4000 Ec·

83 4047 204 4112 clasiae
220 4047 463 4130 dapennnaue
489 4043 692 4128 indulgentia
717 4043 776 4109 fiat
789 4045 980 4110 necessitate
1004 4057 1193 4130 emergente,
1220 4061 1293 4110 can.
1316 4046 1400 4128 tlt,

82 4171 115 4226 et
128 4159 212 4226 tta·
222 4158 270 4224 de
281 4157 457 4224 donadini
473 4157 503 4220 Α
546 4157 663 4250 iique
674 4157 1017 4240 mantuanense,
1031 4169 1065 4224 et
1076 4157 1107 4224 tlt
1123 4171 1211 4222 caut.
1228 4159 1257 4222 t.
1273 4167 1400 4241 quaeat.

82 4251 420 4351 namqu-aen
433 4251 705 4349 antonna·
720 4267 789 4331 aaa
805 4265 848 4331 te
859 4267 993 4354 tason·
1009 4253 1307 4351 epidauritanae
1316 4268 1401 4350 asp,

81 4375 180 4441 dama
196 4379 418 4461 peraequent,
444 4382 522 4438 mat
535 4361 748 4460 intelligendi.
789 4363 946 4460 Religioni
959 4389 1092 4460 qnoque
1114 4358 1329 4456 imperatores
1342 4371 1400 4439 ad.

80 4496 201 4551 vona·
216 4483 668 4572 numanatensi,
685 4496 722 4552 aa
734 4483 876 4552 nanee
890 4483 1016 4636 Ἢ,
1028 4481 1264 4648 flffllm
1278 4481 1401 4570 suppt-
