3168 4982
162 427 211 472 er
234 425 428 484 conruens,
445 421 582 474 aurens
601 418 742 467 -onsrre
767 417 1015 465 nacnssrruno
1036 417 1308 465 coenarronen.
1362 399 1421 466 195

112 545 190 626 jura
203 547 390 627 adfinitatis,
416 547 510 632 qnasi
532 545 647 609 eedem
672 545 752 607 ratio
777 541 864 620 foret,
891 553 922 605 et
947 539 1126 608 individua.
1170 543 1275 605 Immo
1290 553 1321 604 et
1347 543 1422 606 inde

116 659 314 738 factumest,
341 671 376 720 nt
390 657 465 720 lieet
479 656 556 718 olim
572 653 755 730 traderetur,
772 651 879 714 nullos
905 671 975 713 esse
991 651 1152 714 adfinitati
1178 651 1298 734 gradus
1314 653 1334 714 l.
1350 654 1380 716 4.
1398 655 1421 719 l.

111 767 143 828 ὅ.
159 764 193 826 ll
209 763 250 826 de
276 763 398 848 gredib.
413 775 445 826 et
460 761 569 844 adfin,
595 761 711 824 deinde
727 772 836 824 tamen
864 761 1062 843 reciperetur,
1080 771 1116 823 ut
1137 759 1233 824 iidem
1250 761 1371 842 gradus
1387 763 1420 826 in

116 873 286 936 adfinitate
300 883 570 954 computaremur,
586 871 642 952 qui
657 879 885 950 computantur
900 868 932 930 in
957 855 1247 950 consanguinitate,
1262 880 1294 929 et
1310 888 1360 930 ex.
1376 887 1422 951 gr.

110 979 183 1040 eod.
200 979 304 1061 gradu
315 978 492 1042 adfinitatis
504 977 683 1041 dicerentur
697 976 815 1039 distare
832 971 911 1040 uxor
927 982 947 1042 a
961 975 1214 1058 consanguineis
1228 977 1341 1057 mariti,
1356 997 1421 1059 quo

113 1082 221 1166 gradu
236 1085 528 1166 consanguinitatis
542 1085 585 1148 ab
599 1085 638 1148 iis
653 1083 794 1148 distabat
808 1086 952 1164 maritus,
968 1095 999 1146 et
1014 1092 1033 1148 e
1048 1103 1213 1165 convers0;
1229 1105 1366 1178 eamque
1381 1089 1422 1152 ob

113 1211 183 1255 rem
199 1193 233 1256 in
248 1193 362 1256 eodem
377 1191 554 1256 adfinitatis
579 1189 755 1276 graduarii
771 1191 1009 1274 prohiberentur
1033 1193 1174 1273 nuptiae,
1191 1203 1248 1254 ant
1263 1195 1423 1275 permitte·

113 1312 225 1366 rentur
240 1303 322 1366 inter
333 1302 467 1382 adfines,
482 1303 516 1366 in
531 1322 595 1385 qno
606 1301 895 1383 consanguinitatis
908 1299 1012 1382 gradu
1027 1311 1084 1364 eut
1100 1301 1349 1382 prohiberentur,
1365 1313 1424 1367 ant

113 1411 374 1498 perroittcreptur
389 1411 469 1474 inter
482 1410 748 1492 consanguineos,
764 1429 834 1491 cap.
851 1411 880 1474 8.
897 1409 938 1472 de
951 1411 1174 1492 consangnin,
1190 1419 1220 1472 et
1236 1410 1361 1476 adfinit.

158 1518 318 1582 Prolixior
346 1537 432 1598 sane,
455 1539 555 1600 quarn
569 1539 626 1601 par
648 1518 697 1596 sit,
727 1517 909 1600 disquisitio
932 1519 1030 1597 ficret,
1054 1519 1080 1581 si
1104 1521 1164 1583 hoc
1180 1521 1213 1584 in
1237 1521 1305 1582 loco
1320 1541 1424 1586 resen·

113 1649 186 1694 sere
208 1649 267 1712 pro
283 1629 327 1690 rei
349 1630 460 1690 merito
475 1627 592 1690 vellem
608 1628 722 1706 varias,
745 1645 811 1708 qua
840 1627 1039 1706 Latinorum,
1062 1647 1128 1710 qna
1150 1628 1346 1694 Graecorum
1361 1630 1424 1694 dis-

116 1740 267 1823 ciplinas,
282 1739 449 1802 occasione
460 1736 562 1800 letius
578 1735 751 1818 productae
767 1735 951 1802 adfinitates
964 1735 1004 1798 ed
1021 1738 1301 1818 consanguititeu's
1317 1759 1424 1802 errem·
1479 1821 1482 1831 Ι

117 1845 212 1928 plum
235 1845 385 1908 inductas
413 1845 520 1908 media
543 1843 711 1908 Ecclesiae
732 1854 846 1923 aetate,
864 1844 895 1908 id
919 1851 1012 1923 esta
1034 1847 1229 1928 temporibus
1251 1847 1424 1912 Justiniani

118 1977 225 2040 nsque
254 1956 298 2020 ad
320 1969 463 2040 tempera
492 1956 628 2020 Concilii
649 1957 877 2020 Lateranensis
907 1957 968 2020 sub
990 1943 1165 2020 luccentio¹
1184 1958 1243 2022 lll.
1266 1959 1424 2026 celebrati.

119 2061 207 2128 Cam
221 2063 310 2127 enlm
338 2063 460 2146 passim
482 2064 515 2126 in
543 2082 596 2128 ore
619 2063 921 2128 Ecclesiastieorum
951 2065 1093 2128 virorum
1115 2079 1277 2130 resonaret
1294 2069 1426 2152 vulgare

119 2173 246 2238 dictum
261 2174 301 2238 de
329 2174 407 2252 viro,
429 2184 461 2236 et
490 2193 589 2238 uxore
612 2182 709 2238 erunt
738 2173 803 2238 dun
825 2177 862 2239 ire
890 2194 989 2240 cerne
1009 2197 1087 2255 uno,
1111 2175 1197 2240 fictio
1219 2179 1276 2242 illa
1292 2183 1425 2245 unitatis

119 2301 340 2364 personarum,
370 2301 434 2348 non
457 2293 524 2348 nm
539 2281 667 2366 gradus,
691 2301 791 2365 quam
816 2287 848 2346 et
872 2279 991 2366 genere
1012 2285 1220 2352 adfinitatum
1236 2291 1426 2374 multiplica·

116 2392 175 2454 vit.
219 2390 319 2474 Apud
347 2392 487 2454 Graecos
509 2409 573 2454 non
589 2390 694 2456 solum
719 2393 878 2456 numerati
899 2391 1030 2456 suerunt
1053 2391 1173 2474 gradus
1189 2393 1365 2460 adfinitatis
1380 2399 1424 2462 ad
1519 2399 1523 2418 ¹

116 2503 309 2587 exemplum
321 2503 483 2585 graduum
497 2503 797 2584 consanguinitatis,
809 2501 863 2566 sed
880 2504 979 2567 etiam
994 2515 1166 2587 receptum,
1180 2517 1215 2568 nt
1232 2508 1251 2570 ii
1269 2507 1359 2570 relnt
1372 2509 1427 2572 ad·

118 2612 204 2678 fines
219 2621 424 2674 censerentur
433 2609 779 2696 impediendiconjugii
788 2630 898 2688 causa,
912 2612 993 2673 inter
1007 2631 1089 2693 quos
1104 2615 1237 2676 nomine
1250 2633 1304 2696 per
1319 2619 1427 2700 conju·

116 2721 212 2805 giam
235 2717 515 2796 confunderentur,
540 2720 586 2782 uti
609 2718 704 2782 tradit
726 2719 990 2803 Hennenopulns
1006 2723 1222 2805 promptuario
1239 2725 1323 2806 juris
1351 2727 1428 2790 civi·

119 2829 164 2894 lie
190 2830 257 2894 libr.
279 2829 309 2891 4.
335 2829 380 2892 tit.
402 2829 433 2892 6.
475 2828 563 2892 Hine
585 2827 721 2891 vetitum
735 2837 803 2890 erat
818 2827 906 2911 apud
921 2829 1017 2910 ipsos,
1033 2845 1074 2890 nc
1089 2829 1155 2891 duo
1169 2827 1280 2893 fratres
1303 2819 1428 2914 patrue·

124 2939 170 3002 les
192 2937 277 3004 duas
299 2955 420 3000 sorores
441 2934 606 3014 ducerent,
627 2955 709 3000 nere
728 2947 841 3000 contre
863 2937 928 3002 dun
943 2937 1056 3002 iratres
1070 2938 1225 3002 ducerent
1244 2941 1329 3005 duas
1344 2961 1424 3005 soro-

122 3067 172 3114 res
195 3047 364 3132 patrueles,
379 3056 545 3132 propterea
565 3043 651 3128 quod
668 3045 801 3109 nomina
812 3045 1096 3136 confunderentur,
1117 3049 1218 3130 etqui
1235 3049 1301 3113 dno
1316 3049 1428 3117 iratres

4 3159 5 3170 *
117 3169 222 3238 erant,
252 3156 346 3240 qnasi
367 3154 501 3218 iratmm
530 3155 651 3218 emisso
666 3153 797 3218 nomine
824 3158 1005 3239 congeneri,
1028 3157 1098 3222 sive
1120 3156 1259 3222 duanam
1283 3180 1427 3228 sororum

120 3268 240 3344 mariti,
254 3263 409 3348 appellari
429 3263 612 3346 inciperent.
656 3263 731 3326 Non
756 3263 896 3346 amplius
918 3283 1091 3346 persequor
1115 3265 1311 3331 Graecorum
1333 3269 1427 3336 disci-

118 3377 248 3463 plinam
264 3374 362 3437 latins
383 3379 470 3437 ame
484 3391 662 3456 expensam
676 3372 710 3434 in
726 3371 806 3434 meis
827 3373 1161 3438 animadversionibus
1177 3375 1210 3438 in
1233 3378 1426 3448 Gratianum

120 3486 165 3551 ad
179 3502 323 3549 canones
347 3483 406 3564 12,
421 3492 453 3545 et
476 3482 523 3559 13,
539 3501 626 3546 caus.
650 3481 700 3546 35.
716 3491 840 3564 quaest.
863 3483 894 3544 2.
937 3483 1087 3546 'l'antum
1101 3483 1209 3548 dicam
1232 3487 1272 3549 de
1288 3487 1426 3575 discipli·

118 3618 166 3666 na
177 3598 381 3675 Latinorum,
397 3613 496 3677 qnam
510 3591 690 3676 expendere
700 3594 794 3678 Juvat
806 3591 848 3656 ad
863 3611 1052 3674 germanam
1067 3595 1357 3681 interpretationem
1372 3622 1425 3664 ca-

119 3704 224 3791 pitoli.
246 3705 276 3768 8.
292 3701 333 3766 de
354 3701 565 3784 consanguin.
581 3711 613 3763 et
634 3699 769 3782 adfinia,
784 3702 876 3786 cnjus
894 3703 965 3784 jure
980 3705 1078 3768 etiam
1099 3705 1134 3768 in
1160 3711 1339 3789 praesentia
1364 3714 1423 3775 nti-

118 3831 204 3876 tnnr.
249 3810 363 3891 ltaque
385 3808 492 3872 Latini
514 3817 589 3871 ante
603 3805 775 3872 laudatum
797 3807 1015 3874 Lateranense
1030 3810 1215 3878 Concilium
1237 3817 1352 3898 triplex
1366 3817 1422 3882 ad-

121 3919 258 3984 finitatis
273 3937 377 4001 genus
391 3917 588 3979 invexerant.
632 3915 770 4000 Ajebant
779 3914 854 3998 ipsi:
871 3935 953 3978 uxor
966 3916 1072 3981 fratris
1093 3921 1157 3985 rnei
1172 3933 1221 3986 est
1241 3927 1329 4004 mihi,
1346 3947 1420 3992 con-

118 4027 376 4112 sanguineisque
390 4025 471 4089 meis
486 4023 613 4106 adfinis3
629 4023 717 4105 quod
739 4021 835 4086 facile
859 4025 1087 4107 intelligebant,
1111 4029 1188 4110 quia
1214 4050 1294 4094 uxor
1317 4031 1421 4097 fratris

121 4156 189 4202 una
202 4155 278 4200 caro
292 4135 379 4198 facta
398 4129 591 4212 cumfratre,
613 4131 885 4194 necessitudinem
913 4131 1053 4196 habebat
1066 4151 1142 4198 curn
1171 4137 1420 4219 consangnineis

120 4245 268 4332 ejusdem
281 4241 396 4322 fratris3
420 4241 481 4304 hoc
496 4251 605 4304 autem
620 4241 760 4323 primum
782 4235 959 4304 adfinitatis
974 4261 1076 4324 genus
1098 4247 1265 4310 vocabant.
1310 4249 1419 4314 Prose-

123 4355 312 4436 quebantur,
328 4361 360 4414 et
382 4351 517 4434 ajebant:
542 4347 629 4430 quod
651 4349 687 4426 si,
702 4361 828 4412 mortuo
848 4347 944 4434 fratre
966 4369 1046 4428 meo,
1070 4369 1151 4415 uxor
1164 4355 1232 4436 ejus
1253 4351 1345 4417 alteri
1360 4373 1418 4420 nu-
1456 4411 1457 4417 ,

121 4461 214 4544 beret,
229 4461 283 4526 hic
305 4457 470 4524 secundos
496 4455 642 4544 ejusdem
669 4455 806 4522 maritus
826 4457 985 4524 dicendus
1012 4479 1141 4544 qnoque
1162 4471 1217 4544 est,
1233 4463 1288 4527 mir
1302 4465 1321 4546 i,
1343 4483 1418 4531 con-
