3168 4982
207 371 274 439 ab
399 359 405 366 ’
576 389 820 438 massarium
841 391 999 454 unsara,
1020 391 1098 440 css.
1121 371 1159 438 V.

209 516 262 580 21.
306 514 470 595 Actorum,
486 512 631 579 adhunc
656 514 874 580 dirimendam
887 517 1139 582 controversiam
1153 515 1271 581 darum
1293 513 1425 596 valeret,
1439 531 1520 580 oum

210 629 304 695 facile
318 628 480 692 observari
495 637 610 710 posset,
625 627 699 692 illas
714 637 882 712 susceptas
896 640 972 692 ante
997 627 1140 712 Philippi
1164 627 1399 694 ordinationem
1412 625 1520 691 luisse

207 754 251 799 ex
266 735 517 819 conjugantium
532 734 775 817 praedefuncta
883 805 901 816 ,,

252 841 329 906 Post
344 844 404 908 has
419 841 580 906 laetorum
595 853 741 910 setarum
766 845 990 927 dubitationes,
1013 865 1099 930 quae
1113 863 1192 912 sans
1206 845 1240 910 in
1255 846 1393 912 obscuro
1405 843 1520 908 admo

207 949 288 1014 dum
303 951 465 1017 collocant
489 954 711 1019 definitionem
726 953 963 1037 disputationis,
990 971 1071 1020 num
1097 953 1210 1020 divino
1229 955 1303 1038 jure
1315 953 1521 1018 continentia

205 1064 250 1126 sit
274 1063 409 1128 dsacns
423 1063 624 1128 administris
649 1065 836 1148 praesertim
860 1063 1034 1146 majoribus
1063 1062 1275 1142 observanda,
1302 1061 1520 1126 nibilominus

204 1187 295 1236 oerta
320 1185 457 1256 possunt
485 1176 622 1258 praejaci
650 1175 817 1258 principia
860 1173 1022 1239 Nimirum
1050 1173 1125 1239 licet
1148 1173 1190 1238 de
1219 1173 1332 1237 divino
1354 1173 1520 1259 ejusmodi

207 1294 378 1364 praecepto
393 1301 458 1349 non
471 1295 608 1362 constet,
631 1295 760 1348 constat
773 1295 892 1360 tamen,
907 1285 1252 1350 convenientissimum
1275 1303 1401 1367 semper
1416 1283 1520 1347 inisse

207 1390 400 1458 institutioni
424 1393 557 1458 divinae
582 1413 747 1458 sacrorum
772 1392 959 1474 officiorum,
977 1405 1014 1459 ut
1037 1395 1130 1459 electi
1155 1395 1303 1471 ministri,
1327 1395 1521 1479 praesertim

207 1501 352 1583 majores,
368 1501 395 1565 si
410 1499 491 1566 forte
515 1503 665 1586 conjugio
679 1501 822 1565 obstricti
847 1513 967 1581 essent,
983 1503 1133 1588 conjugio
1147 1521 1214 1566 non
1230 1511 1401 1582 urerentur,
1417 1513 1450 1566 at
1462 1521 1521 1586 pn·

143 1625 150 1632 ·
207 1608 286 1670 tiore
296 1609 369 1691 jure
383 1614 404 1673 s
419 1609 548 1692 nuptiis,
564 1628 647 1690 ques
662 1607 810 1673 nondum
824 1619 1061 1690 contraxerant,
1085 1611 1290 1690 abstinerent,
1305 1609 1522 1693 quemadmo-

205 1715 289 1781 dum
314 1717 459 1801 intelligo
474 1716 647 1782 Novellam
672 1717 847 1782 iustiniani
862 1717 892 1780 6.
916 1735 988 1799 cap.
1002 1719 1043 1798 5.,
1059 1715 1246 1782 ubidicitur
1270 1715 1429 1782 clericalis
1442 1735 1523 1780 con·

207 1827 362 1892 tinentiae
378 1827 483 1910 legem
497 1826 618 1890 divinis
634 1826 754 1909 regulis
768 1845 840 1890 esse
862 1825 1070 1890 conformem.
1114 1829 1150 1892 Si
1164 1827 1251 1891 enim
1266 1828 1301 1891 in
1315 1837 1422 1892 vetere
1437 1827 1521 1910 lege,

207 1935 241 1998 in
267 1954 334 2017 qua
358 1935 541 2017 caeteroqui
570 1955 736 2000 sacrorum
760 1933 941 2000 officiorum
965 1947 1108 2020 potestas
1133 1939 1339 2002 successione
1360 1949 1522 2022 parpetua

207 2039 373 2104 Leviticae
389 2041 511 2106 Tribus
536 2043 577 2105 de
593 2043 780 2126 parentibus
805 2045 922 2109 eratin
938 2045 1053 2110 liberos
1078 2046 1190 2110 divino
1201 2049 1272 2131 jure
1287 2049 1521 2128 tmnslsrendn,

206 2149 406 2230 Sacerdotes,
421 2171 488 2233 quo
514 2162 655 2233 tempore
670 2149 776 2214 officio
789 2151 1002 2235 fungerentur
1022 2153 1056 2217 in
1071 2153 1183 2218 ordine
1198 2155 1382 2233 ticinense,
1397 2155 1523 2219 abusu

206 2261 362 2324 contracti
376 2261 519 2345 conjugii
535 2274 712 2344 temperare
725 2253 895 2342 debebant,
911 2281 950 2324 eo
965 2264 1085 2344 potiore
1108 2263 1230 2326 ratione
1244 2281 1432 2347 perpetuam
1446 2283 1523 2328 esse

208 2367 344 2430 decebat
358 2367 391 2432 in
407 2385 494 2432 nora
508 2367 580 2450 lege
605 2389 736 2434 sacrorn
750 2369 1013 2434 administratum
1039 2370 1281 2452 continentiam,
1298 2391 1437 2455 quorum
1452 2393 1522 2439 non

207 2479 405 2560 interruptae
419 2490 498 2543 sunt
523 2481 619 2560 vices,
637 2479 694 2542 scd
708 2477 938 2562 quotidianum
952 2493 1001 2543 est
1026 2482 1252 2562 ministerium,
1267 2499 1406 2564 quorum
1421 2486 1524 2548 etiam

205 2589 352 2654 officium
382 2602 512 2654 nonest
537 2592 742 2655 successione
772 2590 915 2658 liliorum
942 2591 1213 2672 transferendum,
1235 2613 1302 2676 qno
1326 2599 1435 2679 purior
1448 2615 1524 2660 esse

205 2697 311 2779 debet,
327 2709 360 2762 et
375 2700 502 2764 liberior
516 2701 549 2764 in
565 2701 684 2780 Deum,
700 2719 814 2782 resque
830 2699 960 2764 divinas
981 2699 1241 2766 Christianorum
1257 2705 1525 2771 administrornm

207 2811 350 2888 animus,
366 2821 398 2874 et
421 2803 488 2891 quo
501 2810 717 2874 Sacramenta
743 2829 848 2872 novae
875 2809 954 2891 legis
968 2829 1025 2893 per
1049 2810 1240 2874 Sacerdotes
1263 2811 1527 2878 administranda

207 2919 356 3000 digniora
382 2930 460 2984 sunt
474 2918 547 2996 illis,
574 2937 660 3000 quae
674 2924 696 2983 a
710 2918 834 2982 Levitis
859 2919 1021 2981 veteribus
1046 2917 1327 3001 dispensabuntur,
1347 2936 1420 2981 can.
1434 2919 1466 2983 Δι
1482 2923 1526 3000 5.,

207 3041 240 3094 et
255 3032 283 3094 7.
300 3028 373 3094 dist
388 3029 449 3106 31,
465 3047 537 3092 can.
553 3029 593 3107 2.,
609 3040 641 3090 et
655 3028 684 3091 3.
701 3028 774 3091 dist
790 3027 842 3092 82
886 3025 1031 3098 Quodsi
1046 3026 1171 3090 Paulus
1196 3027 1373 3109 Apostolus
1386 3047 1464 3092 cum
1478 3029 1526 3093 de

208 3139 318 3204 Laicis
332 3147 449 3220 ageret,
466 3136 508 3200 ad
524 3149 651 3219 tempus
667 3136 738 3200 illos
755 3155 871 3199 vacare
886 3135 1015 3198 volebat
1028 3133 1172 3217 conjugii
1189 3153 1260 3212 usu,
1277 3133 1412 3216 quando
1426 3137 1526 3200 nirni·

208 3270 281 3316 rum
296 3249 450 3314 orationis
475 3260 604 3330 tempus
618 3249 760 3328 instaret,
788 3249 879 3330 epist
908 3248 934 3310 l.
951 3243 994 3308 nd
1024 3243 1169 3309 Corinth.
1193 3263 1263 3328 cap.
1286 3248 1326 3324 7.,
1353 3248 1528 3330 perspicus

207 3364 308 3427 etiam
323 3359 488 3439 indicavit,
505 3359 637 3422 Olerie’s
662 3377 733 3420 esse
749 3367 904 3438 perpetuo
917 3354 1061 3440 conjugii
1077 3371 1139 3418 usn
1160 3352 1427 3433 interdicendum,
1443 3373 1530 3434 quo·

210 3487 284 3532 rum
298 3468 408 3545 oratio,
423 3476 456 3530 et
480 3467 628 3530 tractatio
643 3483 751 3530 rernm
776 3481 943 3528 sacrarum
957 3473 1026 3526 erat
1049 3462 1121 3526 sine
1143 3461 1212 3524 ulla
1235 3462 1416 3526 comedens
1429 3481 1529 3526 cons·

212 3576 405 3641 lautissima.

252 3685 398 3757 Quando
414 3683 511 3769 igitur
535 3699 650 3746 verum
673 3700 731 3761 aar,
753 3679 937 3746 custodiam
961 3691 1134 3764 perpetuae
1158 3678 1377 3742 continentiae
1400 3677 1530 3744 divinis

210 3815 376 3859 sacrorum
403 3795 652 3860 ministeriorum
679 3791 934 3856 institutionibus
949 3789 1093 3854 maxims
1122 3799 1378 3852 consentaneam
1392 3807 1473 3868 esse,
1490 3789 1532 3852 li-

210 3917 262 3970 cet
279 3905 320 3969 de
334 3905 446 3970 divino
471 3913 641 3988 praecepto
655 3919 808 3984 expresse
833 3917 899 3964 non
914 3909 1046 3976 constet,
1067 3895 1236 3960 laudanda
1250 3895 1293 3958 ab
1306 3893 1461 3959 omnibus
1475 3907 1531 3959 est

212 4015 434 4080 vetustissima
461 4012 600 4078 Latinae
616 4009 784 4074 Ecclesiae
809 4007 1090 4091 disciplinanunc
1120 4023 1186 4070 non
1201 4003 1308 4068 solnm
1322 4021 1386 4083 eos,
1401 4005 1460 4086 qui
1476 4023 1534 4068 sn·

211 4131 278 4192 cris
291 4139 400 4190 essent
414 4123 582 4188 ordinibus
597 4121 722 4199 initiati,
739 4123 900 4200 sempera
915 4116 1077 4200 conjugiis
1097 4117 1209 4193 arcuit,
1227 4131 1340 4180 verum
1351 4113 1453 4176 etlam
1471 4115 1534 4178 lai·

212 4257 269 4303 cos
283 4236 433 4319 conjugio
459 4233 609 4315 alligatos
623 4242 682 4294 eut
706 4245 897 4310 numquam,
914 4236 972 4290 ent
994 4241 1130 4306 perraro,
1161 4233 1192 4284 et
1208 4233 1285 4286 tunc
1311 4221 1389 4284 data
1402 4219 1470 4284 fide
1485 4221 1534 4284 de

214 4369 280 4415 non
298 4346 417 4412 utendo
442 4343 612 4428 conjugiis,
628 4342 671 4407 ad
686 4357 796 4404 sacros
816 4337 946 4402 ordines
971 4335 1195 4417 suscipiendos
1219 4334 1358 4398 admisit
1400 4332 1441 4397 ld
1457 4335 1535 4398 sine

217 4457 403 4526 discrimine
419 4453 600 4519 admissum
614 4467 822 4538 quocumque
837 4458 979 4532 ternpore
993 4443 1055 4510 luit
1069 4444 1103 4508 in
1121 4441 1301 4528 Episcopis,
1318 4441 1534 4526 Presbyteris,
