3216 4988
221 387 306 470 Μ’
458 420 691 489 Passennus,
719 427 958 474 bresanus-ro
972 424 1123 492 nnncts,
1145 427 1222 476 cant
1239 401 1297 477 tt.

217 546 348 630 nando,
364 557 395 612 et
409 551 586 630 visitando,
601 559 755 616 soractem
771 551 983 636 Sacrificium
998 561 1019 617 d
1033 555 1269 634 sacerdoribus,
1288 563 1348 619 nat
1362 549 1499 640 regtdori

217 652 286 736 dus
300 656 558 742 quibuscumque
571 661 702 742 peragi.
729 659 863 724 -Statirn
879 661 1028 724 absoluto
1038 662 1189 725 Concilio
1203 663 1394 728 Tridentino
1413 665 1443 728 S.
1456 666 1501 728 Gn·

149 783 157 798 ¹
205 761 311 852 ,rotas
327 762 581 828 Mediolanensis
608 767 641 830 in
658 785 717 829 suo
733 767 878 832 Concilio
894 768 1088 832 Provinciali
1106 769 1133 833 l.
1150 783 1230 853 pert.
1249 772 1282 835 3.
1301 774 1344 835 tit.
1361 795 1501 859 prosper

126 925 130 928 .
215 875 328 939 dicerit
343 877 388 940 nd
402 858 646 942 celebrationem
663 877 799 958 Missos,
815 898 879 944 nott
896 881 958 944 nisi
974 881 1007 944 in
1022 882 1131 945 nausis
1146 883 1347 964 gravioribus
1361 891 1380 950 a
1395 905 1501 968 garten·

215 981 246 1048 li
263 983 333 1084 lege
349 985 606 1069 dispensandum
629 988 671 1050 ab
686 987 848 1070 Episcopo
864 989 973 1052 voluit.
1018 991 1057 1052 ln
1072 980 1185 1054 multis
1200 992 1318 1056 deinde
1341 993 1501 1072 Provinciis

215 1099 407 1180 praesertim
424 1099 456 1162 in
474 1099 575 1180 ltalia,
591 1118 630 1162 ea
644 1111 770 1182 recepta
785 1099 845 1164 suit
861 1100 1046 1165 Tridentini
1068 1101 1205 1166 Consilii
1220 1104 1439 1186 interpretatio,
1451 1121 1501 1186 qua

214 1205 407 1286 traderetur,
435 1206 745 1290 dispensationem
771 1207 841 1271 solo
857 1207 1015 1272 Pontifice
1042 1207 1189 1272 Maximo
1213 1210 1386 1292 intpetran'3
1411 1227 1501 1290 qnttut·

127 1333 133 1342 ·
214 1332 321 1400 tqttnnt
347 1330 455 1382 tamen
482 1320 515 1382 in
531 1320 654 1382 eisdem
680 1319 857 1382 Provinciis
883 1339 948 1386 non
965 1321 1103 1384 omnino
1128 1323 1271 1385 extincta
1296 1321 1389 1386 fuerit
1412 1321 1500 1385 inltae

219 1441 310 1512 purte
325 1443 419 1492 vetus
435 1430 491 1492 illa
516 1425 720 1514 Episcopalis
731 1431 920 1514 jurisdictio,
946 1451 1032 1514 quae
1046 1432 1123 1496 olim
1138 1433 1277 1515 vigebat,
1293 1435 1362 1497 sive
1376 1433 1454 1516 quod
1465 1434 1500 1495 in·

210 1518 349 1606 ¹colunto
364 1544 552 1606 remanserit
577 1543 782 1626 privilegium
800 1545 970 1628 Flpiseopis
984 1561 1176 1608 conoessum
1203 1547 1236 1608 in
1251 1563 1321 1629 cap.
1340 1547 1393 1610 ult.
1406 1547 1444 1610 de
1455 1547 1500 1629 pri

216 1649 316 1732 nilng.
333 1655 366 1714 in
383 1651 422 1729 6.,
437 1668 478 1713 ex
494 1669 559 1732 quo
575 1651 633 1733 ipsi
652 1651 849 1732 ubicumque
864 1651 1011 1714 habitant
1025 1653 1124 1714 etiarn
1148 1651 1180 1714 iu
1198 1653 1309 1714 itinere
1326 1654 1499 1736 cappellam,

213 1777 276 1822 cett
293 1759 393 1822 altare
416 1761 534 1841 erigere
552 1758 689 1838 valeant,
716 1759 817 1823 Socra
831 1757 1029 1837 celebraturi,
1053 1759 1103 1820 vel
1120 1759 1271 1838 audituri,
1295 1760 1363 1822 sire
1378 1759 1454 1840 quod
1467 1755 1499 1820 ta·

211 1879 295 1929 onore
312 1866 575 1941 Seminariorntu,
602 1879 633 1927 et
650 1866 869 1947 religiosarum
884 1865 1176 1928 ecclesiasticarum
1192 1865 1333 1944 aedium,
1348 1877 1425 1948 puta
1438 1863 1499 1926 llos«

212 1975 377 2059 ,pltaliutn
394 1987 425 2038 et
440 1977 709 2040 Monasteri'ornrn
728 1975 867 2036 uirorum
879 1973 987 2036 simile
997 1993 1051 2058 Jtts
1066 1973 1241 2038 concedere
1254 1974 1399 2054 valeant,
1417 1991 1499 2054 nequo

210 2079 309 2144 eliud
327 2081 487 2144 videretur
512 2081 696 2160 dicendum,
724 2083 779 2145 ubi
795 2083 971 2145 nenessitas
996 2081 1168 2166 qttasdanr,
1182 2093 1253 2172 ¹aut
1269 2085 1378 2164 gravis
1402 2083 1498 2146 utilitas

210 2193 349 2278 publico
365 2194 502 2256 sirnilern
526 2195 801 2276 dispensationem
828 2183 1010 2276 postularet,
1038 2193 1316 2276 quemadmodum
1331 2196 1450 2258 evenire
1460 2211 1499 2256 so·

212 2299 266 2367 let
279 2302 310 2365 iu
329 2303 491 2384 Oratoriis,
507 2322 592 2384 qnae
608 2301 795 2386 inpublicis
809 2303 992 2366 carceribus
1012 2305 1189 2386 eriguntur.

207 2447 211 2458 .
228 2453 233 2458 .
250 2407 363 2480 ΙΩιηοᾰ
379 2409 420 2472 ed
436 2409 550 2474 altaria
566 2412 707 2492 pertinet,
725 2412 769 2473 sit
785 2411 929 2474 Isidorus
944 2412 977 2474 in
994 2412 1063 2476 libr.
1080 2413 1318 2494 lentiginum
1335 2433 1400 2497 cap.
1415 2415 1441 2476 d.
1458 2407 1497 2476 ll·

208 2523 293 2592 tare
309 2523 349 2586 nd
364 2523 542 2588 altitudine
551 2532 683 2588 ‘constat
709 2545 779 2587 esse
792 2526 1009 2602 nominatum,
1025 2525 1123 2609 quasi
1135 2525 1211 2588 ulto
1225 2545 1296 2588 orn
1341 2526 1398 2589 Est
1411 2537 1495 2588 rann

214 2628 357 2710 duplicis
373 2631 508 2710 generis,
536 2648 638 2694 unum
654 2630 774 2694 scilicet
800 2630 970 2694 imutotunt
985 2643 1016 2692 et
1032 2629 1148 2704 fixam,
1173 2630 1261 2711 quod
1277 2631 1311 2693 in
1323 2621 1443 2714 templis
1455 2647 1495 2710 prt-

178 2737 182 2744 ’
212 2738 318 2818 lrlicis,
334 2749 392 2800 aut
418 2741 515 2800 etiam
532 2738 664 2820 privatis
687 2739 723 2802 in
739 2738 883 2800 oratoriis
895 2738 975 2820 erigi
1001 2749 1116 2819 potestc
1133 2737 1269 2801 alterurn
1297 2729 1494 2818 morileqttod

208 2857 249 2919 ret
265 2860 469 2929 gestatorum,
497 2847 548 2910 vel
566 2849 729 2924 viaticum,
745 2847 796 2910 val
813 2847 1019 2926 itinerarium,
1046 2847 1098 2910 trel
1114 2846 1259 2929 pertalite
1282 2848 1453 2932 sppdlattu,
1467 2859 1494 2904 ac

210 2971 320 3042 ,potest
336 2961 405 3022 sire
421 2961 452 3022 in
473 2959 634 3037 llcclesiis,
652 2961 720 3022 sire
734 2972 826 3022 extre
842 2959 1008 3022 Ecclesiae
1023 2959 1182 3022 collocari.
1225 2959 1314 3022 Olim
1330 2961 1362 3023 in
1377 2975 1495 3039 tutaqua·

209 3089 281 3151 ,que
298 3069 446 3134 Ecclesia
472 3069 812 3148 rtnicurneraraltare,
839 3071 1116 3150 qttenradnaodurn
1143 3089 1230 3135 unus
1255 3071 1440 3154 Episcopus,
1462 3066 1495 3132 uti

208 3161 376 3249 :anlibebot
392 3179 424 3242 S.
452 3179 598 3259 lgnatins
616 3179 647 3242 in
663 3179 754 3256 epist.
782 3177 825 3242 ad
843 3175 1093 3260 philadelphios,
1121 3177 1268 3260 illudque
1288 3191 1320 3240 ut
1347 3178 1497 3261 plurimun

212 3265 333 3368 tintrln,
360 3301 391 3350 nt
407 3291 586 3367 itnntotura,
613 3299 744 3367 eratque
761 3287 1080 3368 irttngrenrensaed
1109 3287 1311 3350 Sacrificium
1336 3295 1496 3370 praeparata

210 3399 379 3474 :columnis
395 3395 535 3474 sullitlta,
564 3397 594 3458 in
612 3415 677 3477 qun
692 3398 886 3460 Sanctorum
916 3394 1097 3475 lllnrtyrutn
1111 3395 1267 3475 reliquiae
1291 3391 1495 3456 condebantur.

190 3485 194 3494 ¹
212 3521 344 3572 necnon
361 3527 415 3588 per
435 3506 630 3588 Episcopatu
647 3523 736 3568 sacro
762 3503 937 3568 cbrisrnate
951 3504 1209 3568 consecrabatur.
1252 3503 1292 3566 Id
1308 3504 1423 3586 passini
1437 3499 1497 3560 obri

208 3617 291 3694 ,nuit
305 3616 392 3698 apud
409 3615 542 3680 Latinos
565 3628 635 3696 post
650 3626 755 3676 erecto
771 3613 899 3694 publice
915 3611 1044 3696 templa.
1089 3610 1193 3674 Paulo
1209 3610 1311 3674 cliter'
1322 3629 1357 3672 se
1370 3605 1497 3691 gentas

210 3721 341 3802 utinen,
358 3727 414 3806 qui
440 3745 572 3788 tnettsns
586 3727 619 3786 itt
636 3721 792 3788 Eccleslis
807 3739 878 3786 stne
901 3720 968 3784 ulle
983 3721 1221 3782 consecratione
1243 3719 1444 3788 collocabant,
1458 3730 1496 3772 su

209 3855 275 3920 ,pra
290 3854 374 3917 quas
389 3833 561 3896 extundere
587 3833 733 3898 solebant
746 3831 927 3909 arttitnesia,
954 3829 1023 3891 sire
1039 3829 1137 3890 lintea
1151 3810 1314 3908 qtraedaur
1340 3823 1431 3886 sacris
1445 3815 1494 3880 reli

209 3947 303 4030 ¹epuiis
320 3948 452 4021 intexta,
480 3955 646 4024 unguento
662 3939 921 4016 sacro-delibuta,
947 3949 979 4000 et
994 3936 1156 4000 Antistius
1168 3930 1389 3995 bottndictioue
1408 3937 1491 3986 conso

216 4067 314 4134 orata,
332 4055 418 4118 unde
433 4073 473 4118 est
496 4053 560 4116 ltac
575 4053 818 4116 atrtitnesiortnn
835 4049 1038 4132 irnposieione
1052 4043 1230 4110 eottsecrnri
1254 4039 1342 4122 apud
1357 4039 1421 4102 illos
1433 4031 1492 4094 alte

203 4167 264 4234 ,tia
279 4165 482 4229 dicebantur:
521 4161 641 4226 Altaris
656 4163 790 4224 oratoria
804 4169 872 4221 eret
887 4157 975 4239 apud
989 4167 1109 4218 veteres
1125 4151 1221 4216 niodo
1237 4151 1351 4233 lignea,
1366 4143 1447 4212 niodo
1459 4137 1491 4198 le

204 4265 321 4358 pines,
339 4270 546 4334 modoetiam
564 4270 594 4331 iu
611 4267 810 4349 quibusdam
826 4265 982 4330 ldcolesiis
1001 4261 1233 4334 celebrioribus
1248 4267 1401 4341 argesten,
1414 4259 1490 4327 oldut

219 4399 327 4462 aurea,
355 4384 399 4444 ita
414 4391 595 4444 constructa
611 4399 653 4443 ex
669 4380 786 4462 insigni
803 4379 998 4462 Principum,
1015 4375 1067 4437 vel
1082 4373 1303 4438 Maximorum
1323 4362 1487 4474 Potttibcun

210 4490 454 4574 ¹ustrtrilicoutia.
499 4487 625 4552 Deinde
639 4507 718 4552 cero
743 4507 820 4552 usus
843 4485 990 4566 invaluit,
1017 4495 1053 4549 nt
1068 4495 1195 4549 tanturn
1215 4501 1261 4548 ex
1276 4477 1423 4566 lapident
1433 4482 1487 4550 ¹1⁰¹·
