3276 4984
175 411 319 460 eorunm
344 410 431 454 arur
455 407 681 456 srousaaronr
707 409 797 458 urna
820 409 1112 458 consumserunt
1136 413 1330 460 orsaorsa.
1382 395 1428 460 77

117 532 309 614 parantibus,
333 531 426 596 nullo
441 530 538 595 modo
555 530 669 609 valore,
695 530 782 596 dioto
796 551 866 614 cap.
882 533 934 598 Ἠ
956 533 997 596 do
1011 533 1195 616 sponsalib,
1211 535 1299 600 dieta
1314 537 1334 600 l.
1352 537 1423 602 134.

114 641 199 706 nde
224 642 346 706 verbor.
373 642 502 722 obligat
548 641 631 704 Item
648 639 682 704 id
707 640 788 704 adeo
812 649 926 706 renim
940 653 999 722 est,
1024 653 1059 706 ιιι
1084 643 1183 708 etiam
1198 647 1226 708 si
1253 655 1369 726 agatur
1383 645 1428 710 de

112 775 213 838 poena
240 754 423 816 admodum
439 752 573 831 modico,
601 753 814 816 nihilominus
839 765 948 817 tamen
963 757 1033 839 ejus
1059 754 1196 838 adjectio
1226 756 1313 819 irrita
1327 758 1368 820 sit
1383 757 1425 821 ob

111 865 310 947 s'ngnlarem
335 865 446 946 legum
461 863 716 945 prohibitionem,
743 861 844 924 immo
857 863 956 925 etiam
972 863 999 926 si
1021 863 1203 927 finnondae
1217 867 1428 944 conventioni

106 973 335 1058 jusjurandum
349 973 526 1049 accesserit,
542 989 618 1034 oum
628 969 859 1053 jusjurandum
881 971 1009 1034 &mare
1025 983 1173 1053 nequeat,
1191 972 1279 1054 quod
1294 993 1359 1036 uon
1374 993 1424 1038 so·

109 1085 175 1148 lum
188 1085 265 1166 lege
281 1082 484 1147 nullomodo
507 1081 661 1159 subsistit,
679 1079 849 1141 sedetiam
876 1079 968 1141 bonis
983 1081 1126 1143 moribus
1142 1081 1260 1145 dieitur
1274 1081 1424 1145 adversa·

108 1194 138 1258 ri.
182 1193 262 1257 Non
280 1201 389 1255 tamen
413 1190 560 1267 dixerim,
576 1188 645 1252 fiori
671 1187 848 1270 repetitioni
863 1185 972 1250 lotum
999 1187 1102 1268 gratia
1117 1189 1195 1271 eJ'us,
1212 1188 1268 1270 qni
1283 1205 1423 1270 poenm

107 1298 245 1376 solverit,
260 1298 341 1379 quia
367 1297 492 1379 legibus
507 1295 588 1360 nihil
604 1294 694 1360 alind
720 1294 927 1358 inertiorem
941 1303 998 1374 est,
1016 1313 1120 1376 quam
1134 1297 1223 1378 quod
1238 1299 1368 1380 conjugi
1387 1297 1424 1362 li·

109 1407 264 1468 bertatem
281 1403 454 1481 imminuit,
469 1421 569 1483 quam
585 1421 664 1464 sane
679 1421 776 1464 nemo
800 1401 967 1466 imminuit
982 1399 1088 1464 dieere
1102 1421 1145 1466 ex
1158 1422 1205 1482 eo,
1221 1404 1308 1485 quod
1324 1403 1424 1468 facul·

109 1526 155 1576 tas
169 1513 353 1595 denegetur
377 1511 541 1593 repetendi
555 1511 708 1589 solomon
725 1508 813 1592 quod
828 1509 942 1590 magis,
971 1510 1141 1591 magisque
1155 1529 1197 1574 ox
1212 1531 1251 1576 eo
1265 1511 1421 1593 firmatur,

108 1624 184 1704 quia
199 1623 236 1686 in
253 1621 318 1686 illis
337 1622 419 1703 juris
436 1619 522 1698 loeis,
536 1619 655 1702 quibus
681 1637 805 1700 poenae
827 1616 963 1701 adjectio
989 1619 1195 1701 improbatur,
1216 1632 1344 1686 tautum
1360 1635 1424 1688 sta-

110 1734 215 1810 tuitur,
246 1750 288 1794 ne
303 1749 408 1812 prrena
428 1737 664 1810 extorqueatur,
690 1745 747 1790 seu
763 1737 799 1788 ut
824 1728 908 1790 actio
925 1725 1071 1805 elidatur,
1097 1747 1163 1810 qua
1178 1747 1282 1812 poena
1297 1732 1422 1813 patitur,

110 1862 172 1906 non
195 1859 277 1904 vero
304 1851 341 1904 ut
362 1839 508 1902 solutum
531 1837 629 1920 repeti
651 1835 760 1918 possit,
786 1835 873 1898 dieto
885 1854 956 1918 oap.
982 1834 1042 1915 29,
1058 1835 1145 1900 diota
1168 1837 1188 1902 Ι.
1205 1839 1275 1904 134
1320 1839 1423 1924 Major

111 1948 289 2012 difficultas
304 1959 360 2027 est,
386 1967 429 2012 an
445 1947 547 2030 possit
558 1945 655 2029 adjici
670 1964 775 2028 poena
794 1945 1000 2026 sponsalibus
1016 1946 1084 2008 sive
1110 1953 1131 2014 a
1145 1950 1281 2030 sponsis,
1298 1949 1366 2012 siva
1380 1951 1424 2016 ab

110 2069 273 2132 extraneo,
300 2073 385 2136 qnae
401 2071 465 2120 non
491 2054 525 2116 in
539 2063 627 2116 certa
642 2071 674 2116 re
700 2051 829 2130 luenda,
845 2050 901 2114 sod
917 2051 951 2114 in
976 2061 1063 2116 oerta
1079 2071 1112 2116 re
1127 2073 1193 2118 non
1208 2055 1421 2138 adquirenda,

113 2161 338 2243 lucrandaque
350 2163 514 2238 consistat,
530 2179 582 2224 ex.
597 2179 653 2240 gr,
669 2159 697 2222 si
712 2176 851 2241 sponsae
873 2171 962 2241 pater
977 2159 1133 2243 legaverit
1148 2183 1267 2246 sponso
1281 2179 1421 2249 eentum,

113 2273 237 2355 adjecta
262 2270 381 2334 deinde
410 2289 522 2352 poena,
548 2279 584 2332 ιιι
610 2268 673 2332 sid
699 2269 905 2350 sponsalibus
930 2271 1101 2351 recesserit,
1128 2273 1420 2358 eaderetalegato.

114 2383 183 2464 Ego
198 2400 268 2444 uon
283 2379 402 2457 dubito,
419 2379 452 2441 in
468 2379 540 2456 lrae,
556 2387 613 2440 aut
627 2375 724 2440 simili
735 2377 840 2457 speeie
856 2377 963 2440 valere
975 2377 1201 2459 mudidonern,
1213 2392 1322 2464 utpote
1337 2403 1422 2465 quaa

114 2493 227 2556 nidlibi
255 2489 382 2570 legibus
398 2487 577 2569 improbata
602 2485 760 2564 videatur,
786 2485 886 2548 immo
911 2504 971 2550 nee
986 2505 1098 2552 revera
1122 2497 1154 2552 et
1168 2489 1292 2570 proprie
1317 2509 1423 2572 poena

114 2603 173 2666 dioi
190 2609 309 2684 potest,
320 2599 415 2680 eujus
440 2605 530 2661 matu
544 2595 618 2675 quis
633 2593 676 2658 ad
691 2592 948 2659 contrabendum
971 2595 1214 2660 matrimonium
1228 2595 1421 2678 impellatur,

115 2711 167 2774 aed
185 2709 297 2792 potins
309 2723 384 2786 spes
409 2701 573 2785 quaedam
590 2701 670 2772 lumi
696 2702 867 2784 proposita,
886 2711 925 2766 ut
944 2702 1018 2783 quis
1032 2701 1151 2766 faoilus
1163 2703 1206 2766 ad
1231 2714 1335 2768 cenas
1349 2722 1424 2770 eon·

115 2819 292 2888 trahendas
314 2817 446 2898 nuptias
462 2814 629 2892 alliciatur,
657 2824 849 2895 argtunauto
873 2812 891 2875 l.
909 2814 958 2878 15.
976 2813 1024 2878 19.
1039 2814 1094 2878 28.
1123 2814 1174 2878 31.
1190 2823 1222 2878 at
1237 2815 1286 2878 71.
1297 2817 1327 2882 ,1.
1345 2815 1373 2878 1.
1387 2813 1421 2878 ff.

114 2928 614 2996 deeonditioo.etdemoostrat.
1038 2985 1041 2994 .

153 3041 324 3121 Disputari
350 3049 513 3120 praeterea
526 3033 617 3113 solet,
642 3051 683 3096 an
701 3031 825 3114 possint
849 3049 952 3097 eausa
965 3031 1081 3114 stragis,
1107 3031 1277 3115 magisque
1293 3029 1422 3097 firman·

112 3147 170 3212 dae
185 3145 390 3229 sponsalium
401 3140 606 3223 obligationis
622 3138 826 3220 fidejussores
837 3136 1000 3216 aeoedore,
1026 3148 1058 3201 et
1072 3138 1206 3220 pignora
1221 3137 1300 3222 dari.
1332 3137 1422 3208 Quo·

113 3259 169 3322 risa
183 3256 226 3326 de
241 3254 484 3338 fidejussoribus
499 3269 603 3326 sermo
626 3249 677 3327 sit,
693 3265 763 3313 uon
774 3247 866 3310 aliter
880 3265 991 3330 eoram
1005 3245 1151 3315 officium
1165 3231 1359 3326 admittetur,
1375 3246 1422 3312 ni·

113 3364 139 3426 si
149 3381 233 3428 orum
247 3363 309 3443 ipsi
320 3360 388 3428 fide
403 3375 465 3428 sua
485 3357 639 3442 jusserint
664 3355 776 3423 arrhae
792 3353 872 3422 forto
885 3355 1047 3420 exhibitas
1062 3356 1167 3440 recipi,
1182 3355 1270 3440 quod
1285 3356 1327 3418 ad
1343 3357 1422 3420 dan·

114 3469 150 3532 tir
163 3468 362 3543 dominium,
376 3477 632 3548 potestatemque
646 3465 834 3546 perdueauu
862 3475 920 3528 aut
934 3463 1066 3528 dantem
1082 3463 1194 3528 arrlras
1209 3483 1360 3532 securum
1374 3486 1423 3530 as-

112 3595 145 3638 sa
158 3593 264 3658 posse,
280 3572 438 3651 faunum,
455 3583 491 3639 ut
515 3571 663 3656 duplum,
680 3571 732 3636 vel
757 3571 980 3656 quadruplum
995 3573 1135 3656 recipiat,
1150 3572 1179 3636 si
1195 3593 1250 3656 per
1263 3593 1351 3653 eum,
1365 3576 1422 3658 qui

114 3685 225 3746 arrhas
239 3678 707 3764 aceepitsiueoausaadata
733 3679 799 3745 lide
814 3680 989 3770 recedatur.
1033 3681 1108 3750 Alia
1122 3681 1163 3744 de
1177 3701 1278 3745 eausa
1293 3681 1422 3766 fidejus-

112 3807 161 3852 sor
175 3789 335 3866 inutiliter
348 3787 454 3866 datuu
471 3807 536 3852 non
551 3807 653 3857 eausa
668 3788 770 3870 ipsius
784 3788 970 3872 principalis
991 3788 1193 3869 sponsalium
1207 3791 1420 3876 obligationis,

113 3915 185 3960 eum
201 3897 373 3981 fidejussor
383 3897 486 3965 aliani
510 3896 586 3962 laeti
602 3897 757 3963 inutiliter
771 3897 957 3980 intercedat,
982 3899 1038 3962 nbi
1051 3898 1095 3962 ad
1110 3898 1152 3977 id,
1178 3901 1266 3984 quod
1281 3902 1420 3978 interest,

114 4009 341 4086 eondemnatio
363 4009 552 4090 denegatum
569 4027 635 4073 nou
659 4027 761 4072 eausa
776 4008 921 4091 manalis
934 4007 1013 4072 forte
1036 4009 1184 4094 adjectae.
1194 4013 1420 4096 stipulationis,

117 4131 222 4204 utpote
237 4137 325 4199 qrtae
340 4117 400 4180 abs
417 4117 497 4200 jure,
515 4120 562 4183 uti
576 4116 700 4183 dietum
714 4128 772 4196 est,
787 4115 917 4198 penitus
939 4115 1143 4202 improbatur.
1186 4093 1315 4185 Eadem
1329 4121 1422 4184 ratio·

114 4246 154 4292 ne
167 4245 398 4310 qaaecumque
413 4226 556 4310 pignoris
577 4225 762 4293 oonsdtutio
782 4225 891 4291 teano
905 4226 972 4309 erit,
987 4227 1054 4292 nisi
1068 4239 1196 4294 tantum
1211 4228 1246 4296 in
1259 4249 1359 4296 causa
1373 4249 1422 4294 ar·

117 4338 255 4416 marum,
271 4335 327 4406 nal
341 4334 443 4418 dupli,
459 4333 675 4416 quadruplive
699 4343 852 4398 nasetur.
895 4333 1041 4406 Quodsi
1059 4334 1147 4416 forte,
1163 4335 1242 4400 dum
1257 4335 1422 4417 sponsalia

114 4450 359 4530 ,muahanmn
386 4446 428 4520 de
442 4445 546 4514 aubia
559 4444 661 4513 nulla
686 4443 809 4512 mantio
831 4442 920 4513 uota
937 4443 1043 4528 luerit,
1068 4445 1126 4517 aad
1140 4456 1226 4533 pem
1250 4465 1300 4510 ωε
1325 4445 1423 4540 sum,
