3316 4976
286 415 334 462 ns
349 411 474 462 causis
489 405 838 466 raasaacaatrtcrs,
856 407 918 454 aar
937 405 1003 452 aaa
1021 403 1138 450 roasa
1153 401 1338 448 carnutas.
1404 377 1469 446 tot

159 537 262 603 volarit
276 506 319 602 ad
330 533 565 601 ecclesiasticos
575 531 703 596 ordines
719 529 909 613 promereri.
933 527 1065 590 Giarius
1079 525 1221 590 Panium
1237 526 1338 588 sacnti
1356 521 1470 588 Sancti

162 649 274 717 Patres
289 649 544 720 declaraverunt,
570 641 752 708 homicidas
778 639 946 706 inidoneos
971 657 1043 702 esse
1059 637 1102 700 ed
1117 655 1225 700 sacros
1239 635 1378 712 ordines,
1397 633 1470 698 dist.

162 755 214 820 te.
231 775 286 840 pcr
301 765 410 834 totam,
426 769 498 818 cea.
514 753 542 815 2.
560 771 649 817 caus.
667 752 695 814 1.
711 761 836 832 quaest.
853 751 894 824 7.,
909 767 981 829 cap.
991 749 1038 826 ·1.,
1054 757 1086 808 ct
1102 745 1224 827 passim
1241 743 1281 808 de
1296 743 1471 810 homicidio

160 845 304 948 capuit.
320 861 361 926 de
377 874 508 944 tempor.
524 859 670 936 ordinat,
686 869 755 940 cap.
774 857 823 922 12.
839 857 879 919 66
895 857 1015 938 poeuis.
1060 851 1285 934 irregularitas
1312 863 1422 926 eutem
1438 849 1472 916 in

166 973 325 1056 proposito
351 989 456 1054 poena
477 967 621 1032 criminis
647 962 772 1044 dicitur,
799 984 875 1029 cnm
891 961 1104 1031 homicidium
1132 963 1288 1044 injustum
1313 959 1417 1038 srterit,
1439 955 1472 1022 id

167 1091 223 1160 cst,
239 1082 309 1144 sinc
325 1079 523 1154 anctoritate,
539 1091 570 1140 et
585 1075 730 1156 legitima
745 1093 855 1151 carisa,
871 1092 943 1136 can.
959 1073 1010 1136 33.
1026 1091 1115 1146 caus.
1131 1073 1182 1136 23.
1193 1081 1318 1154 quaest.
1334 1071 1374 1148 8.,
1389 1070 1475 1132 Con·

165 1192 242 1258 cilio
250 1169 450 1255 Tridentino
475 1205 552 1254 sess.
579 1186 630 1250 24.
646 1185 686 1248 de
702 1185 772 1250 Rei.
788 1203 858 1269 cap.
883 1185 914 1248 6.
957 1185 1096 1256 Quoties
1111 1186 1197 1248 enim
1211 1194 1268 1245 aut
1286 1201 1396 1254 causa,
1416 1192 1474 1244 aut

167 1297 342 1362 auctoritas
353 1297 477 1373 srtbcst,
493 1313 532 1358 aa
545 1295 708 1366 servanda
720 1305 823 1369 crunt,
838 1311 924 1376 quae
938 1285 1093 1374 superins¹
1109 1292 1227 1354 tradita
1240 1303 1326 1368 sunt,
1340 1309 1416 1354 cum
1433 1285 1473 1352 de

90 1481 94 1488 .
153 1405 401 1488 irregularitate
415 1416 574 1486 ageretur,
600 1421 685 1485 qnae
702 1402 914 1483 proficiscitur
937 1419 979 1466 cx
995 1397 1134 1480 deiectu,
1150 1401 1196 1463 uti
1210 1411 1339 1478 vocant,
1364 1399 1474 1462 ianito-

168 1517 222 1584 tta.
263 1517 369 1580 Debet
393 1527 502 1580 antam
529 1513 741 1580 homicidium
768 1532 878 1578 revera
901 1532 974 1578 esse
999 1523 1157 1592 secutum,
1182 1531 1253 1594 cap.
1281 1514 1309 1575 1.
1324 1511 1365 1576 de
1390 1511 1472 1578 Cier.

169 1643 270 1710 pugn.
285 1627 318 1690 in
334 1623 452 1705 dueiio,
467 1645 538 1708 cap.
554 1625 607 1690 24.
623 1623 666 1688 66
679 1621 844 1700 homicid,
859 1621 931 1686 aive
944 1621 1031 1686 t'acto
1047 1621 1145 1702 iliius,-
1164 1623 1206 1685 da
1219 1639 1286 1704 qrro
1299 1621 1473 1704 quaeritur,

169 1730 240 1806 rive
254 1732 386 1812 auttiiio¹
403 1733 472 1796 siae
485 1731 717 1810 consiliosius
733 1730 897 1810 mandata,
913 1720 975 1796 nisi
993 1729 1186 1794 mandatnm
1206 1743 1393 1796 revocatum
1408 1729 1475 1794 sne·

171 1841 220 1922 tit,
246 1855 424 1924 autemeam
440 1843 652 1908 homicidium
678 1856 874 1924 sequeretur,
897 1858 973 1924 cap.
986 1841 1041 1906 23.
1056 1841 1098 1906 de
1112 1855 1249 1906 sentent.
1265 1861 1425 1907 excomm.
1441 1843 1476 1908 in

171 1949 404 2030 6.,66666666
430 1941 668 2044 ratihabitione,
694 1968 797 2033 qnam
819 1951 872 2016 rei
887 1949 1094 2028 mandatnm,
1113 1947 1171 2012 ‘vei
1187 1948 1361 2012 consiiium
1387 1967 1476 2031 prae

56 2045 79 2140 ¹,
171 2060 329 2138 cessisset,
345 2072 403 2124 aut
417 2079 518 2142 quam
532 2049 744 2144 praecessisse
766 2060 892 2143 privata
907 2071 1015 2122 rernm
1031 2057 1180 2124 innitentis
1208 2058 1350 2124 uindicta
1367 2057 1490 2122 anima·

169 2175 334 2250 concepta,
353 2169 406 2234 uin
421 2171 552 2233 nornine
567 2167 670 2252 ipsine
685 2165 898 2235 homicidium
915 2179 1080 2250 peractum
1107 2182 1165 2243 est,
1181 2165 1268 2228 dicto
1282 2183 1352 2246 cap.
1368 2163 1419 2228 23.
1435 2162 1477 2228 de

168 2287 304 2342 reatem
320 2295 481 2342 excomm.
496 2277 529 2342 iu
545 2279 585 2354 6.,
601 2293 670 2340 can.
688 2276 717 2338 8.
734 2273 807 2340 dist
817 2273 872 2337 bn.
889 2291 961 2337 can.
973 2273 1024 2338 nt.
1034 2271 1193 2338 canstat-t.
1208 2287 1333 2354 quaest
1349 2272 1387 2349 8,
1400 2291 1473 2356 cap.

172 2363 203 2448 2³.
218 2383 259 2448 de
275 2384 360 2447 Cier.
374 2401 473 2466 pugn.
490 2383 522 2444 in
547 2379 667 2460 dneiio,
680 2398 751 2461 cap.
773 2377 809 2444 4.
826 2377 868 2442 66
881 2379 967 2444 Gicr.
984 2397 1137 2462 percuss,
1159 2361 1234 2461 cap.
1252 2379 1281 2442 6.
1299 2379 1348 2443 18.
1365 2379 1405 2440 66
1422 2379 1477 2442 ho·-

171 2487 290 2566 mitid,
314 2507 386 2570 cap.
400 2487 430 2551 5.
446 2488 622 2570 dopmnis,
649 2487 728 2570 quin
746 2485 868 2566 raserat,
884 2505 927 2549 rm
945 2485 1159 2560 homicidium
1185 2487 1350 2551 occuitum
1366 2488 1416 2567 sit,
1431 2505 1475 2553 att

172 2594 393 2673 manifestum,
409 2610 508 2677 atquc
523 2597 555 2658 in
566 2595 691 2680 judicio
706 2596 885 2678 probatum,
901 2615 974 2658 can.
989 2595 1019 2660 3.
1035 2597 1065 2658 5.
1082 2597 1111 2658 6.
1127 2594 1178 2660 33.
1190 2595 1241 2660 34:
1258 2597 1308 2661 39.
1324 2595 1397 2662 dist.
1414 2597 1474 2680 50,

173 2723 243 2788 cap.
261 2703 316 2768 uit
332 2703 373 2766 dc
388 2716 519 2788 tempor.
535 2703 646 2782 ordin,
662 2694 809 2768 Concilio
824 2702 1018 2768 Tridentino
1033 2689 1112 2766 sess.
1131 2703 1178 2766 14.
1195 2701 1236 2765 66
1247 2702 1389 2770 Reiorm.
1403 2723 1474 2788 cap.

173 2813 203 2877 i.
247 2811 353 2876 Immo
367 2825 399 2876 et
413 2811 609 2894 quandoque
623 2817 697 2894 quis
712 2811 895 2894 irregularis
910 2811 1054 2896 efficitur,
1070 2815 1167 2878 etiam
1183 2813 1211 2876 si
1222 2831 1331 2876 revera
1345 2813 1476 2877 homici-

174 2921 265 3006 tiiuutn
281 2941 344 2988 non
362 2921 587 3003 subsequatur,
604 2923 757 2984 nimirum
773 2923 900 3001 quoties
921 2922 1041 2986 a‘tmcia
1055 2921 1218 3005 quaedam
1233 2933 1406 2986 occurrunt
1421 2921 1477 2986 ad·

168 3028 291 3114 juncta,
317 3027 507 3092 rainticum
524 3029 600 3111 quis
625 3030 811 3093 assassiuia
837 3029 1030 3094 meditantes
1057 3031 1194 3110 instruit,
1223 3031 1271 3094 vei
1301 3031 1395 3110 iavet,
1424 3032 1475 3098 rei

173 3141 317 3222 protegit,
334 3157 404 3219 cap.
423 3139 450 3202 i.
465 3139 506 3200 66
529 3137 681 3201 homicid.
708 3139 741 3202 in
765 3139 806 3216 6.,
830 3139 882 3200 ael
897 3157 973 3202 curn
989 3140 1063 3221 quis
1080 3141 1258 3222 insequitur
1284 3141 1475 3208 Pontificem

170 3243 367 3321 Maximum,
383 3243 434 3306 vei
450 3244 649 3322 Cardinaies,
665 3263 734 3326 cap.
751 3245 780 3306 5.
794 3245 833 3307 dc
848 3245 963 3328 poenis¹
987 3246 1018 3308 in
1036 3246 1075 3326 6.,
1091 3247 1142 3310 vci
1159 3257 1298 3310 atrocen
1327 3249 1369 3332 in]
1385 3251 1476 3312 niam

173 3359 212 3428 in¹
232 3357 431 3437 Episcopum
456 3356 605 3434 intulerit,
633 3357 790 3420 Oiement.
823 3359 849 3418 1.
878 3355 919 3419 66
942 3359 1062 3442 poenis.
1104 3360 1186 3423 item
1213 3361 1383 3424 habebitur·
1408 3373 1475 3424 tan·

171 3488 271 3552 quam
300 3470 483 3552 irregularis
505 3471 711 3552 quicumque,
738 3470 835 3532 ctiam
862 3470 887 3532 si
915 3488 979 3534 non
1007 3471 1157 3554 probetur
1184 3471 1395 3535 ironicidinru
1420 3472 1476 3534 ad-

161 3577 310 3653 misisse,
336 3578 475 3656 graviter
501 3589 610 3640 tamen
636 3589 686 3638 est
700 3577 741 3640 de
756 3577 933 3642 homicidio
956 3589 1137 3660 srtspcctrm,
1163 3598 1234 3659 cap.
1253 3579 1300 3642 li.
1317 3579 1358 3640 dc
1374 3580 1474 3640 honri·
1525 3625 1528 3632 ,

89 3748 92 3753 ,
172 3681 244 3760 cid,
260 3699 330 3762 cap.
357 3679 408 3742 tt.
435 3681 571 3744 desent.
597 3701 767 3762 excomm,
795 3685 881 3767 quod
899 3687 1103 3767 potissimum
1132 3689 1237 3750 iocum
1255 3687 1351 3749 habet
1379 3688 1474 3766 iniis,

172 3792 318 3872 quicum
335 3789 547 3854 homicidium
564 3791 718 3873 impedire
733 3805 872 3876 possent,
891 3797 1023 3858 minime
1039 3783 1286 3878 impediverunt,
1310 3809 1474 3880 propterea

171 3897 257 3983 quod
268 3899 499 3964 istihonticidii
514 3901 634 3964 conscii
649 3913 910 3984 praesumuntur,
927 3903 1012 3966 dicto
1028 3923 1097 3987 cap.
1110 3905 1168 3984 tt,
1186 3926 1258 3968 666.
1275 3907 1303 3969 8.
1322 3925 1410 3970 caus.
1423 3906 1474 3970 23,
1527 3883 1533 3894 ⁸

170 4021 296 4091 quaest.
311 4009 350 4088 3.,
365 4027 435 4092 cap.
453 4013 482 4073 6.
506 4015 547 4073 66
563 4011 724 4088 homicid,
748 4031 818 4094 cap.
837 4011 865 4074 6.
882 4011 922 4073 de
940 4025 1075 4077 sentent.
1102 4033 1263 4076 excomm.
1290 4015 1322 4076 in
1339 4015 1368 4076 6.
1414 4012 1474 4076 Ne·

171 4131 236 4196 quc
260 4114 314 4176 his
338 4115 444 4178 obstat
468 4135 573 4184 canon
600 4119 650 4182 36.
677 4139 765 4182 cans.
793 4121 842 4183 23.
859 4133 982 4202 qrracst.
1010 4123 1039 4186 8.
1056 4123 1087 4184 itt
1106 4121 1182 4202 sme;
1199 4123 1326 4202 ctcninr,
1352 4123 1396 4184 uti
1415 4141 1474 4203 ego

165 4228 235 4309 jam
250 4228 419 4290 observari
437 4229 468 4292 iu
485 4231 566 4292 meis
582 4231 860 4294 lucubrationibus
879 4233 909 4294 in
927 4233 1130 4316 Gratianum,
1154 4245 1313 4316 postrema
1339 4234 1475 4294 canonis

169 4331 268 4394 verba
282 4353 366 4414 6666
391 4338 556 4416 negotium
580 4335 713 4416 iaciunt,
741 4339 773 4400 iu
791 4340 922 4422 integris
948 4341 1390 4422 66666666666666166666
1408 4360 1472 4404 tuo·

169 4440 334 4502 trementis
350 4440 580 4506 desiderantur.
625 4443 713 4506 lttud
731 4447 913 4510 necessario
927 4447 1098 4530 requiritur
1110 4447 1153 4510 66
1171 4447 1391 4510 inducendam
1406 4447 1466 4516 irre
