3210 4990
222 419 283 494 130
658 451 903 503 »ratrammo
925 453 1078 504 rasura.
1110 469 1114 501 ι
1143 470 1148 481 ·

218 570 456 639 solemnitatem
469 571 611 658 conjugii
624 571 789 654 pertinent,
803 574 848 640 ita
854 573 1064 658 dispensatio,
1078 595 1145 660 qua
1156 575 1418 648 denuntiationes
1425 553 1522 652 ormi-

217 691 336 761 tantur,
350 699 389 743 eo
404 680 515 760 tendit,
530 691 567 744 ut
580 681 768 765 conjugium
792 693 994 751 contractum
1015 686 1125 753 minua
1140 687 1283 755 solemne
1298 689 1433 762 dicaam
1476 695 1523 764 At

217 790 375 856 moderari
400 791 574 872 qualitates
596 807 713 868 rerum,
738 809 822 872 quae
845 792 940 858 rebus
963 794 1087 860 eisdem
1114 795 1226 864 insunt
1253 771 1295 864 eni
1320 804 1524 886 praescripto

212 899 333 981 legum,
348 898 483 964 adeum
508 907 651 981 pertinet,
678 898 712 962 in
734 901 827 983 cujus
852 900 991 965 dioecesi
1014 921 1064 966 ras
1087 904 1203 986 agitur,
1226 905 1320 978 nulla
1343 907 1456 980 habito
1470 921 1520 976 'ra-

208 1011 297 1076 tione
311 1024 521 1093 personarum
543 1005 721 1090 agentium,
745 1007 816 1070 sire
838 1007 1029 1074 dioecesano
1055 1011 1191 1092 subsmr,
1213 1013 1283 1074 sire
1297 1029 1363 1078 non
1374 1014 1517 1084 subsint.

212 1120 315 1190 erod
329 1120 365 1198 ai,
382 1119 438 1184 ubi
453 1117 493 1182 da
508 1118 600 1201 vagis
623 1117 741 1200 agitur,
760 1117 801 1182 iis
824 1093 989 1200 nimirum,
1015 1119 1072 1200 qui
1099 1119 1221 1210 nullibi.
1240 1095 1515 1215 lqabentmeitam,

207 1225 519 1308 determinatamque
534 1224 653 1303 sedem,
668 1226 790 1306 quique
805 1235 970 1316 propterea
994 1245 1060 1293 non
1082 1225 1176 1290 aliter
1188 1229 1351 1314 Episcopo
1366 1231 1514 1313 subsunt,

210 1355 310 1417 quam
326 1335 415 1417 quod
430 1353 485 1418 per
499 1337 569 1420 ejus
583 1335 757 1402 dioecesim
771 1347 947 1416 transeant,
963 1337 1176 1405 nihilominus
1202 1341 1515 1422 ramen'ltridomtni

207 1441 305 1508 iidem
322 1443 433 1509 Patres
446 1443 701 1524 declaraverunt,
727 1444 754 1508 si
780 1444 1023 1512 matrimonium
1046 1447 1090 1510 ab
1112 1447 1175 1510 illis
1189 1447 1231 1512 ait
1245 1451 1512 1534 contrahendum,

209 1553 479 1650 rem-universam
495 1551 727 1616 moderandam
748 1571 819 1616 esse
845 1554 890 1628 ab¹
912 1573 950 1616 aa
971 1553 1142 1637 Episcopo,
1166 1574 1221 1638 per
1234 1557 1329 1638 cujns
1343 1568 1514 1633 transeunt

196 1661 389 1744 dioecesim,
402 1683 482 1728 seso.
494 1664 546 1728 24,
572 1663 616 1726 de
637 1662 711 1726 Rei.
736 1673 826 1728 metr.
854 1682 925 1747 cap
942 1666 984 1744 7,
1007 1664 1108 1746 idque
1122 1685 1188 1730 non
1203 1665 1269 1730 alia
1284 1686 1363 1732 sane
1379 1671 1510 1750 ratione,

203 1793 304 1856 quam
329 1774 408 1855 quia
436 1773 678 1840 matrimonium
706 1773 815 1855 ipsum
839 1785 889 1838 est
913 1775 948 1838 in
972 1774 1112 1838 dioecesi
1135 1773 1380 1860 celebrandurn,
1401 1800 1510 1846 nonne

200 1883 320 1965 potiore
331 1885 402 1967 jure
417 1883 602 1948 universam
618 1899 685 1946 rem
701 1881 934 1946 moderandam
947 1882 992 1946 ab
1004 1902 1071 1946 uuo
1086 1883 1248 1966 Episcopo
1273 1885 1509 1952 concludemus

199 2013 242 2057 ex
257 1994 396 2060 Concilii
411 1993 595 2058 Tridentini
609 2003 726 2070 mente,
742 1993 875 2074 quando
894 2013 977 2058 unus
991 2011 1034 2058 ex
1056 1994 1322 2060 contrahentibus
1335 1997 1447 2060 subest
1460 2017 1510 2062 or-

186 2083 345 2168 flinariae
369 2101 514 2187 ejusdem
538 2101 692 2184 Episcopi
714 2099 944 2184 jurisdictioni?
988 2102 1076 2166 Hinc
1098 2113 1184 2185 putq
1208 2103 1360 2170 satisfieri
1374 2104 1508 2170 abunde

196 2213 245 2291 iis,
261 2211 317 2294 qui
331 2223 443 2276 eontra
456 2211 608 2290 sentiunt,
624 2209 707 2274 dum
731 2219 909 2292 opponunt,
934 2208 1133 2292 Episcopum
1159 2207 1403 2292 dispensantem
1426 2229 1507 2274 suae

186 2319 424 2404 ’jurisdictionis
453 2319 536 2384 {ines
565 2317 759 2401 transgredi,
788 2316 869 2385 dum
898 2319 933 2382 in
956 2334 1027 2410 pop
1064 2318 1296 2384 dioecesanum
1326 2318 1503 2402 dispensam
1567 2327 1570 2334 '

190 2431 307 2494 ¹atatim
321 2447 362 2494 ac
375 2429 463 2492 enim
477 2427 677 2510 dispensatio
700 2425 848 2509 dirigitur
873 2429 907 2490 in
930 2426 1117 2510 conjuginm
1134 2427 1250 2511 ipsum,
1266 2426 1355 2510 quod
1369 2428 1403 2518 iq
1416 2426 1506 2516 dioe-

194 2541 261 2604 cesi
276 2541 461 2618 cetebratnr,
478 2559 543 2604 non
559 2541 593 2604 in
608 2557 762 2622 personas
777 2539 841 2602 nisi
863 2535 1064 2636 secppdario,
1091 2550 1123 2600 et
1150 2558 1203 2620 per
1225 2541 1504 2630 consequentiam,

191 2653 243 2717 nti
269 2653 400 2718 scholae
425 2652 610 2734 loquuntur,
637 2649 811 2714 difficultas
836 2649 943 2728 omnip
967 2648 1142 2726 evanescit,
1169 2649 1283 2714 eodem
1306 2651 1410 2736 modo,
1437 2673 1505 2734 qno
1537 2689 1539 2694 ·

190 2779 261 2824 aon
276 2757 511 2840 transgreditur
530 2757 612 2822 ones
637 2756 735 2820 offleii
761 2756 813 2823 sui
838 2755 1011 2838 Parasitus,
1036 2754 1117 2823 dum
1144 2773 1300 2838 sponsum
1325 2739 1391 2822 non
1408 2757 1506 2824 Pam?
1600 2843 1601 2846 Ἴ

189 2869 352 2932 cinianum
364 2887 441 2932 cum
455 2867 658 2930 Paroehiana
679 2884 800 2947 sponsa
825 2866 1029 2965 matrimonio
1038 2866 1156 2950 jungit.
1200 2867 1300 2937 Quod
1315 2869 1503 2958 sioppqna‘·
1599 2859 1601 2946 f

193 2981 249 3040 tur'
261 2977 378 3056 adhoc,
390 2977 424 3040 in
438 2973 1044 3070 denuntiationibus-iaciendisgrequiri,
1056 2975 1216 3040 utendam
1233 2975 1421 3059 inutraque
1438 2979 1503 3045 Pa·

190 3071 311 3164 rochia,
338 3095 370 3148 et
392 3083 530 3149 dioecesi
558 3083 649 3162 frene
676 3081 709 3146 id
737 3081 819 3158 uitro
843 3074 1055 3172 admittimus,
1084 3101 1148 3148 nen
1171 3091 1282 3176 tamen
1303 3083 1423 3172 exinde
1432 3083 1505 3148 col·

174 3183 248 3280 'ligi
264 3195 569 3280 potesqquotiessit
591 3202 610 3260 a
637 3191 940 3267 denuntiattonibus
962 3191 1428 3277 dispensandrrmf,utriusqrre
1443 3197 1504 3263 Or·
1596 3269 1597 3277 ,

189 3281 310 3370 dinarii
323 3303 527 3382 auporitatem
543 3301 668 3384 requiri.
712 3295 949 3374 Etenimiinis
969 3297 1193 3364 faciendarum
1215 3287 1504 3422 denuntiationum

190 3416 220 3477 is
235 3425 291 3490 est,
308 3424 344 3476 nt
355 3411 402 3476 de
413 3409 660 3493 impedimentis,
686 3407 715 3470 si
718 3423 813 3498 ,quae
829 3404 909 3468 forte
922 3405 1059 3486 subsint,
1074 3415 1221 3470 constare
1236 3405 1353 3486 valeat,
1370 3406 1411 3470 de
1421 3407 1502 3491 qui·
1594 3409 1595 3473 ξ

188 3519 254 3586 bus
269 3541 348 3586 sane
364 3541 430 3586 nou
452 3521 531 3584 satis
555 3527 704 3582 constare
697 3511 859 3612 posset,
849 3534 876 3578 st
868 3513 990 3578 &ntae
983 3533 1016 3576 ιιι
1032 3513 1188 3578 alterutra
1204 3513 1363 3580 Par'ochia
1377 3516 1503 3580 omitte·
1593 3509 1594 3571 l

191 3643 311 3702 rentur
331 3631 376 3694 Ar
390 3629 465 3694 linis
480 3616 965 3707 indulgendaq‘dispensationis
978 3619 1043 3686 alio
1064 3623 1214 3714 pertinet,
1225 3642 1263 3687 eo
1278 3621 1443 3718 nimirum,
1458 3643 1502 3690 ne
1590 3607 1593 3684 J

178 3741 231 3824 [εἰ
212 3717 357 3802 diutius
373 3735 620 3806 matrimonium
628 3709 794 3814 diilseiptur
808 3733 1060 3812 matrimonium
1074 3731 1239 3804 molitione
1248 3721 1412 3828 impediri
1422 3753 1501 3818 pos·
1589 3773 1591 3800 r

166 3829 253 3931 salet,
263 3847 540 3932 queamdmodum
555 3841 739 3922 Tridentini
751 3842 877 3932 Petrep
887 3853 997 3924 aperte
1012 3841 1144 3924 professi
1159 3852 1246 3906 sunt.
1275 3841 1373 3928 Hunc
1388 3853 1502 3910 autem

49 3929 58 3950 ⁸
145 3948 293 4043 'idem
315 3953 479 4038 quomodo
500 3951 947 4038 centralrentesppbtinepent,
966 3950 993 4014 si
1019 3949 1141 4014 diutius
1153 3939 1503 4050 expectandumipsis

190 4071 283 4147 esset,
299 4069 404 4130 donee
417 4067 463 4134 ab
475 4063 680 4147 Episcopum
703 4055 824 4146 reqqqta
848 4061 927 4141 forte
940 4061 1108 4144 provincia
1122 4025 1281 4145 residente
1289 4057 1501 4146 dispensare·

193 4176 258 4241 turi
282 4172 449 4254 Equidem
462 4189 574 4238 verum
599 4181 674 4252 est„
662 4172 815 4273 orantius
834 4171 946 4248 irritae
961 4170 1066 4253 specie
1087 4168 1234 4272 prcgrq'di
1250 4167 1293 4250 ad
1307 4170 1502 4269 dispensan
1586 4163 1587 4166 ’

173 4311 175 4318 ·
192 4287 273 4350 dnm
289 4285 517 4384 dioecesanum
524 4282 654 4362 dehere,
671 4269 825 4349 nimirum
844 4279 984 4362 ‚quando
1009 4290 1117 4362 aperte
1133 4261 1255 4359 liqneet
1270 4254 1421 4363 legitimis
1436 4291 1504 4346 tea

187 4394 341 4473 timenda,
356 4411 423 4458 non
438 4391 664 4456 dioecesanum
680 4391 770 4472 nullo
785 4387 1017 4472 impedimento
1032 4384 1173 4468 detineri,
1190 4389 1365 4478 quominus
1388 4393 1503 4456 matur

167 4539 169 4544 ·
186 4505 337 4579 mortium
350 4503 545 4666 contrahat,
547 4514 583 4573 ut
598 4503 721 4571 interea
734 4501 916 4612 Episcopus
939 4498 1031 4584 liberi
1050 4499 1175 4585 peterit
1181 4493 1265 4584 indii
1251 4485 1357 4618 rigere
1365 4499 1499 4584 dispen

575 4657 579 4668 ·
646 4646 657 4672 ¹
1190 4645 1216 4690 r
1313 4685 1318 4692 .

1321 4767 1325 4776 .

1260 4811 1265 4820 ι

1356 4817 1429 4862 ,1.

1356 4873 1411 4924 Η,

1208 4911 1210 4918 .

1213 4943 1218 4953 Ι
1353 4933 1355 4938 Ι
1424 4947 1427 4956 1

1263 4957 1270 4966 ι
