3120 4980
176 381 223 465 tid
427 417 657 487 rnastenrnr,
675 425 917 475 orsssunrnro
933 431 1060 494 aaran,
1076 433 1119 479 cs
1127 435 1153 478 r.
1163 411 1230 480 111.

106 589 108 594 -
180 561 316 630 poenam
332 547 484 626 evadant,
511 546 743 637 adbuc=tarnen
769 562 863 615 extra
876 552 1021 618 ordinem
1036 556 1225 638 puniuntur,
1251 577 1308 641 pro
1321 556 1476 640 qualitate

179 653 413 741 adjunctorum.
450 659 525 724 Huc
541 659 652 724 referre
668 679 974 744 possumcauonenr
988 667 1038 730 ld.
1054 687 1142 732 carra.
1157 669 1208 734 2³.
1223 679 1346 751 quaest.
1367 672 1407 750 5,
1423 671 1469 738 nbi

177 750 358 852 qrridquam
374 769 538 836 remissius
563 773 669 854 agitur
682 791 759 852 curn
774 775 822 854 iis,
848 776 962 859 quiex
984 777 1259 863 zelo‘disciplinae
1283 780 1470 862 fervidiores,

177 884 209 938 et
223 875 359 940 acriores
374 896 444 942 sese
459 880 634 961 gessissent
648 881 804 945 adversus
819 885 1126 951 excommunicatos.
1164 887 1364 971 Exemplum
1380 893 1471 956 etiaor
1553 945 1554 982 3

177 979 379 1063 proferuntur
392 984 618 1052 'Jnriseonsulti
644 990 677 1052 in
693 989 758 1054 l.‘3.
770 993 796 1058 l.
812 991 889 1055 3.·ff.
904 991 949 1056 ad
963 992 1072 1058 Senat.
1100 995 1195 1059 Coras.
1212 996 1325 1077 Silae,
1350 997 1370 1062 l.
1387 999 1434 1064 38.
1450 1003 1469 1070 i.

177 1091 206 1156 8.
222 1090 255 1154 ff.
271 1092 311 1155 ad
330 1093 389 1176 leg.
416 1095 483 1158 Jul.
499 1095 538 1158 de
553 1096 698 1178 adulter,
724 1100 778 1162 ubi
795 1101 909 1164 morito
927 1103 1074 1196 parcitur
1091 1103 1257 1170 occidenti
1282 1123 1416 1173 uxorern
1440 1107 1470 1172 in
1553 1155 1554 1198 ζ

176 1201 334 1268 adulterio
349 1204 591 1288 deprehensam.
629 1211 716 1274 Hine
729 1212 826 1275 etiam
844 1211 924 1276 tradi
941 1213 1029 1294 solet,
1045 1215 1357 1298 homicidiuminter
1373 1219 1470 1286 rixan-
1553 1219 1554 1230 ’

178 1323 234 1390 tes,
251 1323 283 1376 et
296 1315 437 1396 graviter
460 1317 690 1384 contendentes
700 1317 894 1402 admissum,
921 1324 975 1388 eui
989 1323 1096 1388 subita
1112 1324 1228 1391 ardens
1243 1329 1324 1392 iram
1338 1347 1473 1396 causatu
1553 1387 1554 1394 ,

175 1417 304 1504 dederit,
321 1425 562 1510 mitins'puniri.
642 1415 647 1426 ’
1087 1483 1088 1488 ,
1143 1487 1145 1492 .
1553 1511 1554 1520 ¹

217 1531 244 1595 Ii
260 1531 385 1614 deinde,
412 1535 467 1616 qni
484 1535 635 1601 dicuntur
660 1537 814 1600 exteriore
829 1537 974 1620 quadam
1000 1559 1101 1604 eausa
1114 1539 1268 1624 impediti,
1288 1561 1329 1606 ne
1337 1542 1408 1626 legi
1424 1563 1470 1626 pe
1553 1521 1554 1538 χ

175 1654 274 1722 reant,
300 1653 377 1706 sunt
390 1643 588 1726 quicumque
603 1655 692 1708 metu
719 1645 761 1708 ad
777 1657 897 1710 certam
912 1666 979 1710 rem
989 1646 1186 1728 laciendum,
1210 1647 1261 1710 vel
1276 1667 1344 1712 non
1357 1647 1471 1714 facien·

175 1750 251 1816 darn
266 1751 507 1835 quodammodo
522 1752 707 1836 adiguntur.
752 1753 987 1820 Proiectolicet
1000 1767 1107 1820 metus
1121 1757 1323 1822 voluntatem
1341 1757 1470 1822 minime
1553 1783 1554 1854 ζ

174 1861 335 1940 excludat,
362 1863 478 1942 minuit
495 1873 613 1943 tamen,
640 1863 736 1928 modo
751 1865 864 1946 magis,
891 1862 986 1927 modo
1001 1864 1182 1946 minus-pro
1207 1863 1470 1947 taetusejusdenr

174 1971 339 2054 qualitate,
355 1971 541 2054 libertatem,
558 1992 616 2037 seu
630 1971 771 2056 eligendi
787 1961 982 2070 facultaten'r.
1015 1971 1102 2036 Hinc
1113 1981 1226 2051 ·est,·ut
1240 1974 1268 2034 si
1284 1983 1389 2037 ructus
1404 1991 1471 2054 gra·

161 2050 225 2144 ¹vis
239 2077 341 2162 fuerit,
357 2091 389 2146 et
402 2081 523 2146 cadens
539 2081 571 2146 in
587 2065 795 2146 constantem*
805 2082 920 2162 virum,
935 2092 967 2144 et
982 2101 1024 2146 err
1035 2101 1073 2146 eo
1088 2093 1258 2166 peccatum
1271 2087 1292 2148 d
1305 2101 1481 2166 quoqnarn

174 2191 223 2269 sit,
248 2209 322 2254 rens
347 2190 490 2254 criminis
515 2190 711 2256 ordinariam
726 2209 864 2273 poenarn
889 2189 1016 2270 eandm,
1042 2201 1243 2272 quamqualn
1257 2187 1472 2268 adbueerttra
1553 2243 1554 2292 q

173 2293 317 2361 ordinem
332 2299 493 2382 puniatur,
520 2317 591 2362 can.
606 2299 637 2364 7.
653 2315 734 2363 vers.
762 2299 803 2364 Si
818 2310 929 2364 artum
956 2299 1120 2385 Episcopi
1133 2317 1238 2364 eaust-
1248 2298 1278 2362 2.
1291 2307 1418 2378 quast
1435 2299 1471 2375 1.,

173 2425 243 2492 cap.
260 2409 289 2474 5.
314 2407 355 2471 de
369 2407 431 2488 his,
454 2427 538 2493 qnae
563 2410 596 2474 vi
612 2421 686 2476 met.
711 2427 813 2474 causa
828 2409 920 2473 liunt.
963 2409 1118 2473 Similiter
1131 2407 1280 2490 denique
1297 2405 1471 2474 dicendum

173 2527 222 2580 e'st
236 2515 276 2580 de
291 2517 339 2599 iis,
364 2521 422 2601 qui
437 2519 583 2583 interiore
608 2519 808 2603 ignoratione
828 2519 1053 2598 obcaecantur,
1079 2518 1148 2581 sire
1167 2517 1277 2582 illusit
1287 2517 1378 2602 jnrts,
1396 2517 1472 2580 site
1553 2523 1554 2592 ᾗ

173 2623 258 2688 lacti.
301 2625 487 2710 ignorantia
509 2627 642 2711 quidem
666 2627 864 2696 invincibilis
888 2627 1057 2692 derirniae
1083 2636 1213 2710 prorsus
1233 2636 1381 2708 exuunt,
1405 2629 1472 2690 etb

172 2745 379 2816 quacumque
394 2753 508 2818 poena;
535 2747 569 2799 at
583 2737 611 2800 si
619 2737 700 2800 talis
715 2739 756 2801 sit
771 2733 961 2820 ignorantie,
983 2753 1072 2820 qrtae
1086 2735 1172 2798 rinei
1187 2735 1352 2819 potuisset,
1375 2752 1471 2818 qnae·

172 2854 236 2920 que
250 2857 316 2904 nou
331 2839 405 2922 doli,
431 2841 488 2906 sed
504 2843 628 2928 cnlpae,
654 2857 692 2909 ae
707 2845 923 2932 negligentiae
946 2845 1086 2927 speciem
1100 2844 1206 2925 babet,
1228 2863 1301 2908 can.
1315 2845 1367 2912 tl.
1381 2861 1469 2910 caua

171 2949 222 3015 at.
238 2963 360 3034 quaest.
379 2955 405 3017 l.
422 2973 478 3038 pro
493 2955 588 3020 raedo
613 2955 758 3042 ejusdem
769 2955 895 3041 eulpae,
914 2957 976 3020 vel
992 2954 1207 3040 negligentiae
1227 2957 1348 3022 crimen
1362 2955 1470 3021 adbuc

171 3059 288 3126 dicitur
302 3063 354 3126 rel
369 3065 509 3147 gravius,
536 3067 588 3130 vel
604 3068 714 3132 minus
739 3083 847 3149 grane:
873 3067 961 3149 qnod
971 3067 1084 3150 ipsum
1099 3065 1274 3132 dicendum
1289 3079 1339 3130 est
1351 3063 1392 3131 de
1405 3063 1470 3130 illia

172 3164 332 3247 admissis,
358 3189 443 3254 qnae
457 3184 680 3256 perpetrantur
696 3189 745 3238 'err
760 3177 869 3240 minus
894 3187 1048 3240 ecerrrata
1063 3195 1169 3239 rernm
1192 3170 1469 3253 observationem

171 3277 229 3353 dat,
244 3276 362 3358 quibus
389 3279 622 3345 inadvertentie
637 3301 772 3346 cansam
791 3282 931 3366 dederit;
955 3284 988 3348 in
1004 3285 1122 3367 quibus
1137 3303 1216 3348 sane
1230 3283 1361 3348 casibus
1376 3282 1469 3368 pluri·
1553 3303 1554 3358 t

172 3401 263 3448 rnnrn
275 3388 442 3468 prudentis
452 3389 571 3474 jtrdicis
582 3393 711 3456 arbitrio
721 3393 883 3476 tribuitur,
898 3413 956 3480 pro
968 3394 1197 3481 modoenlpae,
1212 3407 1244 3462 ct
1255 3397 1468 3481 negligentiae

212 3607 314 3672 Juxta
328 3621 524 3692 postremam
539 3613 693 3696 regulam,
719 3631 883 3698 quaenam
896 3615 1054 3680 dubitatio
1069 3635 1138 3682 esse
1151 3627 1264 3700 potest,
1288 3617 1368 3701 quin
1383 3619 1408 3682 is
1422 3637 1467 3681 or·

171 3717 305 3782 dinariis
331 3722 474 3786 criminis
488 3724 599 3807 poenis
624 3723 820 3788 coercendus
845 3725 895 3806 sit,
921 3725 977 3808 qni
993 3724 1168 3788 deliberato
1191 3723 1313 3804 animo,
1336 3737 1367 3790 et
1387 3723 1465 3800 dolo,

170 3829 290 3894 crimen
308 3829 471 3896 adrnitteti
514 3833 549 3898 Si
564 3853 630 3916 qna
645 3833 718 3898 iniri
732 3833 908 3917 disputatis
922 3845 1033 3917 potest,
1049 3834 1091 3897 atl
1107 3853 1161 3897 eos
1176 3835 1319 3918 pertinet,
1341 3835 1398 3920 qni
1411 3833 1463 3895 cri·

172 3953 247 4000 men
276 3937 467 4004 admittendi
496 3959 626 4024 qnoque
655 3942 751 4006 ruodo
778 3944 1006 4006 consenserint.
1054 3945 1212 4026 Quinque
1240 3941 1466 4028 distinguenda

171 4059 248 4111 sunt
274 4067 483 4131 personarunt
507 4067 635 4134 genera.
677 4051 825 4116 *Primum
841 4063 889 4115 est
915 4051 1051 4132 illorum,
1077 4053 1134 4134 qui
1156 4071 1287 4134 operam
1306 4049 1465 4140 impende·

171 4169 256 4240 runt3
283 4158 420 4222 alternnr
435 4177 554 4240 eorum,
580 4161 635 4241 qui
652 4161 897 4241 mandaverunq
925 4161 1053 4224 tertium
1073 4177 1194 4237 eorunr,
1218 4159 1276 4241 qui
1300 4157 1463 4222 consilium

171 4267 338 4355 dederunt3
355 4283 507 4354 quartum
521 4291 641 4352 eournr,
657 4273 713 4356 qui
729 4285 832 4337 ratam
844 4273 1123 4355 reor.habnerunt;
1137 4283 1337 4356 postremum
1349 4285 1467 4344 eornm,
1553 4357 1554 4360 Ἴ

171 4379 236 4460 qui,
253 4397 330 4444 cum
356 4379 509 4464 impedire
530 4395 667 4465 possent,
692 4400 756 4448 non
782 4383 1028 4466 impediverunt.
1072 4381 1284 4464 Quicumque
1308 4401 1402 4480 opera
1417 4378 1464 4442 de
1553 4369 1554 4452 i

171 4487 588 4575 linquentemjavareraat‚
604 4505 661 4558 aut
676 4493 887 4560 ministerium
903 4493 1119 4576 praebuerunt
1138 4492 1276 4558 scientes
1290 4491 1463 4576 prudentes,
1553 4483 1554 4530 f

1553 2667 1554 2692 r

171 3511 310 3580 poenam
323 3499 574 3566 extraordinern
589 3501 748 3568 indicturi.

1553 3957 1554 3994 l

1553 3997 1554 4056 l
