3146 4980
224 403 492 456 censensus
504 401 968 463 mamuvusnrseonrcous
984 403 1229 454 caesareum.
1313 383 1378 464 aii

16 549 17 554 ’
98 527 328 614 WWW
337 529 439 604 iiim
459 529 649 610 claumos,
663 533 733 600 uisi
747 551 824 596 ouon
844 531 1030 616 cognitione
1044 529 1189 602 hodium
1206 537 1239 607 et
1251 527 1387 628 Blustos

97 653 137 698 res
149 635 181 702 in
193 649 400 724 syntagmate
411 637 618 724 alphabetico
628 639 719 707 litare
735 641 783 719 Ga,
795 659 866 722 cap.
882 637 931 702 13.
948 637 1002 702 eit:
1018 635 1093 702 Non
1108 645 1218 701 tenua
1233 645 1293 703 out
1306 655 1378 700 mu-
1417 699 1421 708 ,

94 745 144 813 tto
155 747 318 814 arbitratu
341 769 404 814 suo
417 749 577 836 divertere
597 757 708 833 potest
721 758 745 816 d
767 747 899 827 inmite,
915 755 976 813 out
988 747 1135 812 moritus
1158 747 1199 810 ee
1214 747 1291 830 ipso
1303 744 1378 824 siae

87 855 205 938 ildico,
228 867 258 922 et
271 859 436 923 merciis
451 857 617 938 thdicum,
642 858 919 944 quemadmodum
943 857 1092 922 diuersae
1108 856 1296 921 Iustiniani
1311 853 1376 920 No·

92 965 179 1039 relico
188 975 369 1052 motuum
380 967 531 1034 Ecclesia
539 967 669 1052 jamdiu
682 965 831 1046 decrevit,
854 983 920 1030 non
934 965 998 1028 nisi
1011 983 1113 1028 eausa
1126 963 1257 1050 cognita
1271 961 1377 1044 divor·

92 1069 307 1156 tiemniugum
331 1072 469 1155 admitti,
493 1074 752 1158 qualescumque
778 1074 911 1140 subesse
924 1072 1106 1138 divertendi
1130 1091 1251 1138 causae
1264 1091 1377 1160 propo·

91 1185 201 1255 nanim.
242 1178 391 1258 Primum
416 1180 601 1266 eupaterio
628 1182 773 1252 Concilio
797 1182 979 1268 Agathensi
1004 1180 1178 1261 decretum,
1206 1190 1241 1247 ut
1255 1201 1377 1248 causae

91 1283 456 1370 dissidiiinProvinciaii
482 1290 628 1358 Concilio
640 1291 913 1371 examinarentur,
940 1292 1011 1358 can.
1028 1294 1057 1356 1.
1072 1311 1161 1359 cane.
1184 1291 1235 1358 33.
1251 1305 1376 1378 quaest.

91 1393 245 1488 &dando
258 1416 339 1467 cnm
348 1397 392 1462 ob
406 1408 588 1482 temporum
597 1398 735 1483 injurias
750 1389 967 1486 Prouincialia
982 1399 1127 1486 Concilio
1154 1399 1210 1464 vix
1224 1399 1377 1484 celebrari

90 1500 258 1570 mntem
269 1505 367 1588 juxta
381 1514 528 1572 veterum
542 1522 707 1591 moenum
721 1505 929 1590 disciplinam
943 1516 1083 1592 possent,
1098 1515 1290 1588 argumento
1305 1524 1377 1590 cap.

89 1609 129 1676 iio
142 1609 179 1678 tic
192 1615 402 1696 sccumtim,
427 1603 593 1698 rmeptum
606 1625 664 1698 est,
690 1625 727 1682 ut
741 1635 851 1682 coram
865 1617 1027 1702 Episcopo
1042 1617 1086 1682 rei
1100 1615 1259 1680 discussio
1278 1615 1376 1694 fieret,

89 1731 115 1784 ci
126 1720 383 1804 ,illimsementte
406 1732 466 1790 aut
479 1722 655 1790 divortium
679 1723 881 1804 indiceretur,
897 1724 1075 1802 autetiam,
1103 1721 1159 1786 ubi
1173 1739 1273 1786 causa
1288 1719 1377 1786 suffi-

88 1826 170 1892 ciem
183 1839 280 1908 emat
306 1829 550 1896 matrimonium
570 1840 629 1896 aut
653 1829 894 1916 rescinderetur,
921 1841 979 1896 aut
1001 1831 1125 1894 irritum
1151 1827 1374 1904 declararetur,

87 1955 144 2021 cap.
157 1940 185 2006 7.
200 1939 242 2004 de
257 1949 350 2024 sent,
375 1951 408 2006 et
421 1960 455 2006 re
463 1941 574 2028 judie,
600 1961 674 2026 cap.
686 1942 776 2024 3.,·et
798 1944 828 2008 6.
844 1942 885 2006 da
900 1943 1023 2023 divort,
1049 1961 1120 2026 cap.
1138 1942 1165 2004 l.
1181 1941 1221 2020 2,
1243 1949 1275 2002 et
1289 1935 1318 2000 4.
1335 1936 1377 2000 de

87 2051 307 2148 coujugqsero,
322 2071 392 2138 cop.
408 2052 437 2118 5.
453 2052 495 2118 de
507 2063 678 2138 precinct,
703 2073 774 2140 cap.
789 2055 829 2136 2,
844 2066 876 2122 et
889 2057 919 2122 3.
935 2055 976 2120 de
991 2055 1100 2122 donat.
1126 2054 1183 2120 int.
1199 2054 1255 2116 vir.
1272 2063 1304 2116 et
1321 2069 1374 2116 ux.

86 2177 143 2244 cop
159 2163 207 2228 ia
223 2162 265 2228 da
280 2161 373 2243 offic,
386 2172 421 2226 et
434 2172 498 2248 pot.
513 2161 534 2228 J
537 2159 592 2230 ud.
606 2163 709 2250 deleg.
724 2164 813 2248 quod
827 2166 1011 2232 etiamtum
1025 2184 1140 2230 verum
1154 2173 1211 2244 est,
1227 2181 1303 2228 curn
1320 2179 1377 2224 no·

84 2268 210 2340 tonuit
222 2267 352 2338 divortii
377 2287 487 2350 omisa,
503 2289 574 2356 cap.
601 2269 631 2336 3.
644 2270 688 2336 de
703 2269 815 2338 divort
859 2271 947 2338 illud
961 2273 1229 2355 cognoscentibus
1244 2269 1377 2354 Episco

84 2372 126 2454 pis
139 2373 250 2445 innoc
263 2395 298 2458 rs
311 2375 551 2442 observondum
565 2377 723 2460 imminet,
749 2388 787 2446 ut
800 2382 977 2449 summario
986 2380 1109 2468 jndicio
1126 2380 1167 2444 de
1188 2399 1289 2444 cansa
1303 2397 1377 2462 eog-

84 2496 216 2564 noecsnt,
231 2480 338 2564 idest,
364 2487 508 2572 utajunt
528 2485 734 2570 Pragmatioi,
760 2489 1011 2560 contromrsiam
1035 2487 1190 2554 dirimant
1215 2485 1284 2550 sine
1299 2494 1376 2548 stre·

83 2591 199 2672 pluunt
206 2589 318 2676 fiffttru
325 2591 453 2676 judicii,
474 2609 517 2656 ne
530 2590 612 2656 forte
624 2592 754 2680 odiosas
769 2591 895 2670 dissidii
909 2613 1026 2668 causas
1041 2594 1173 2672 diutius,
1198 2603 1231 2654 et
1245 2587 1375 2654 forensi·

83 2697 135 2764 bus
148 2701 341 2790 ambagibus
366 2701 472 2768 souare
487 2699 666 2797 aliquando
681 2701 860 2782 videantur,
886 2721 957 2786 cap.
975 2704 1004 2769 1.
1017 2712 1053 2784 ut
1067 2701 1122 2766 lite
1135 2719 1202 2764 non
1216 2710 1376 2762 conteste-

83 2811 291 2890 mGlement..
305 2812 343 2877 ¹2.
358 2811 401 2896 de
417 2803 572 2898 jodtciis',
606 2811 752 2876 Concilio
768 2811 962 2880 Tridentino
986 2809 1175 2894 hujusmodi
1199 2803 1376 2872 causarum

81 2919 211 2998 cognitio
224 2916 386 3004 denegata
398 2915 461 2980 init
473 2915 728 2998 Archidiaeonis,
755 2929 814 2982 aut
828 2918 982 3000 Decanis3
998 2928 1030 2980 et
1044 2915 1215 2998 Episcopis
1234 2931 1374 2977 reserva-

82 3031 118 3104 it,
129 3027 359 3112 cap-,wama
383 3025 435 3090 at.
451 3025 492 3090 de
505 3025 587 3120 Rei,
613 3025 702 3092 visae
717 3027 805 3106 enirn
819 3039 898 3094 suut
911 3026 1165 3092 matrimoniales
1182 3041 1301 3102 causae
1315 3019 1373 3084 ad·

80 3135 205 3202 modum
217 3153 343 3222 graves,
357 3143 393 3198 et
406 3153 472 3200 non
491 3135 556 3201 nisi
570 3141 592 3204 a
605 3137 781 3220 majoribus
790 3137 957 3222 judicibus
971 3135 1180 3215 dirimendae,
1203 3149 1373 3216 argumen-
1496 3151 1498 3157 ·

79 3253 106 3308 to
117 3247 256 3330 capitulo
269 3246 305 3312 9.
315 3245 357 3312 de
371 3246 406 3312 in
420 3243 535 3328 integr.
550 3246 658 3326 restit,
675 3245 811 3330 capituli
828 3247 855 3310 l.
872 3245 913 3310 de
927 3246 1175 3330 consanguinit,
1191 3253 1222 3308 et
1236 3239 1372 3322 adfinia,

76 3355 177 3438 juncto
195 3373 275 3442 esp
290 3357 349 3425 ult.
374 3355 416 3425 de
429 3367 588 3444 procurat
602 3356 638 3425 in
652 3357 682 3424 6.
725 3357 801 3422 Non
814 3357 891 3439 iude
906 3369 1016 3426 umen
1041 3357 1165 3436 inferes,
1193 3355 1234 3418 de
1249 3341 1374 3419 eisdem

78 3475 178 3540 aas·
186 3471 335 3558 porcae
349 3487 414 3548 aar
439 3487 534 3552 pose
547 3467 714 3546 caenas
740 3469 824 3534 ores
838 3450 904 3536 nen
917 3466 1373 3556 -npncoposjurrsonaonem

77 3574 225 3646 Μ
238 3576 477 3663 Episcopum,
502 3595 562 3646 sou
575 3577 680 3660 quasi;
697 3590 777 3647 uam
789 3577 824 3644 in
838 3597 910 3664 cup.
935 3580 963 3644 1.
979 3577 1020 3642 de
1034 3577 1255 3660 consanguin,
1270 3586 1302 3640 et
1316 3574 1373 3640 ad·

77 3679 130 3749 in.
141 3683 454 3762 immaduisse,
475 3685 731 3761 matrimoniales
755 3705 876 3752 causas
891 3705 947 3770 per
960 3686 1119 3770 quoslibet
1135 3685 1371 3753 indiscrimina-

79 3793 131 3860 titn
144 3797 503 3877 naerens-tractandos,
525 3807 635 3864 mucan
648 3797 768 3865 abbati
782 3798 972 3866 Cassinensi
993 3817 1033 3866 ea
1041 3797 1222 3882 jurisdictio
1236 3816 1303 3862 non
1318 3795 1371 3861 dc·
1439 3791 1441 3794 ’
1456 3867 1466 3877 ,

78 3903 215 3992 nugatum
230 3919 265 3974 et
277 3910 312 3980 in
323 3927 397 3993 cap.
414 3909 462 3977 ta
478 3909 520 3976 de
531 3927 657 3990 excoss.
672 3909 811 3974 Prasiai.
840 3910 1021 3978 Abbatibus
1035 3909 1173 3974 facultas
1188 3909 1226 3974 fit
1240 3909 1280 3974 de
1295 3925 1371 3970 oau-

79 4013 119 4078 tis
130 4017 676 4102 mummntmmocgooscendis,
689 4019 815 4102 quoties
831 4021 1008 4106 quanquam
1021 4038 1137 4084 ¹eorum
1147 4015 1287 4102 speciali
1301 4033 1372 4078 oon·

79 4125 219 4206 maine,
233 4125 286 4192 nt
299 4125 372 4190 alis
384 4125 541 4210 taginone
552 4145 659 4192 causo
670 4127 862 4214 boq'usmodi
884 4130 994 4194 voleat
1008 4149 1043 4194 se
1057 4129 1153 4192 tueri.
1196 4125 1310 4204 Neque
1325 4121 1371 4188 in·

79 4224 118 4290 ‘ii
131 4226 364 4314 inscitiam
389 4231 554 4312 bicarium
568 4233 762 4318 generalem
788 4235 942 4323 Episcopi
958 4253 1037 4322 non,
1048 4253 1143 4317 posse
1155 4251 1197 4296 cx
1217 4227 1371 4315 Episcopi

78 4336 223 4402 mundate
233 4359 434 4424 cognoscere,
448 4351 481 4406 et
490 4341 647 4448 judicatu
663 4345 783 4408 etenim
798 4344 1029 4410 Tridentinum
1045 4341 1227 4408 Concilium
1242 4349 1371 4407 tontum

73 4445 534 4560 “.⁸⁶'i'·*⁰issi=i'⁸tdii²ii
547 4451 1230 4604 Epioewmuim'qiffssiufffflssim
1245 4449 1371 4539 inania
