3134 4984
211 445 273 520 17'8
435 467 553 518 ’esus
571 473 696 534 rarus,
714 471 1112 535 urssnnrauroasarrs,
1124 475 1201 520 car.
1217 453 1260 520 11.

207 593 397 680 sponsione
411 595 490 677 ipsa,
507 607 664 679 tanquam
674 597 749 681 jura
763 599 895 659 omuino
910 595 1048 678 diversa;
1065 595 1185 662 etenim
1201 595 1234 660 iu
1249 547 1415 660 cdmmodo
1429 613 1490 680 pen-

207 705 307 770 sionis
322 703 474 768 dixerunt
498 705 580 768 nihil
596 705 759 782 contineri,
786 703 873 786 quod
888 705 928 768 sit
945 705 1119 788 spirituale,
1145 705 1198 769 vel
1214 705 1429 788 spiritualibus
1447 703 1492 768 ad·

206 831 340 880 nexum.
367 815 512 878 Atenim
537 815 611 877 licet
626 814 820 896 pragmatici
847 814 968 896 passim
985 814 1036 877 lris
1061 817 1277 898 opinamentis
1302 812 1492 894 adhaereant,

204 932 238 984 ot
252 921 451 984 tutissimum
467 921 577 983 dicant
601 935 671 982 esse
688 933 987 1000 temperamentum,
1015 919 1088 1001 quis
1104 931 1213 984 tamen
1228 919 1360 984 fraudes
1377 939 1434 983 uon
1449 919 1493 982 de

206 1027 293 1110 tegit,
309 1027 443 1108 quaudo
470 1027 555 1090 illico
571 1028 720 1105 intuetur,
738 1029 871 1090 mutatis
897 1030 1091 1108 nominibus,
1119 1041 1176 1092 aut
1191 1029 1338 1093 lormulrs
1354 1029 1433 1092 idern
1445 1029 1493 1091 eri·

203 1159 280 1204 men
297 1139 439 1202 admittit
483 1139 568 1202 Earn
583 1139 624 1202 ob
649 1158 784 1202 causam
808 1139 954 1202 Pitonius
981 1141 1013 1202 in
1034 1141 1254 1223 disceptation.
1282 1141 1490 1206 ecclesiasticis

205 1259 295 1334 parte
312 1251 339 1311 i.
356 1247 487 1330 tlisccpt.
506 1249 554 1312 ll.
572 1267 661 1312 num.
676 1251 704 1310 5.
723 1249 795 1310 licet
811 1247 841 1309 id
860 1247 927 1310 freti
944 1267 1036 1329 posse
1052 1247 1243 1330 profiteatur,
1265 1267 1331 1310 non
1348 1247 1440 1330 potuit
1454 1261 1490 1307 ta

205 1377 282 1422 men
298 1359 331 1420 id
348 1377 411 1420 uon
428 1357 590 1440 appellare
605 1357 864 1440 subterfugium,
887 1367 918 1418 et
935 1375 1023 1418 num.
1039 1358 1060 1418 7
1062 1404 1068 1416 .
1085 1356 1129 1417 ita
1145 1355 1281 1436 scripsit:
1314 1353 1490 1426 Quinimmo

204 1471 237 1536 si
251 1471 343 1546 milri,
360 1469 446 1552 qrtod
459 1469 609 1542 sentiam,
627 1469 724 1530 libere
739 1469 845 1530 dicere
859 1467 963 1546 liccat,
979 1467 1207 1550 dijudicatum,
1231 1465 1319 1550 quod
1332 1467 1448 1540 melitae,
1465 1469 1489 1524 et

205 1581 480 1662 hottestiussoret,
507 1577 676 1661 probibere
691 1577 867 1639 cessionem
892 1577 993 1638 etiam
1015 1577 1206 1660 drtjnsmodi
1232 1575 1488 1649 commoditatum,

205 1709 282 1757 curro
296 1709 409 1752 revera
434 1689 472 1750 id
485 1688 582 1750 alind
597 1687 727 1760 nonsit,
756 1706 857 1769 qnam
871 1686 1121 1768 srrbtersngium
1137 1687 1360 1767 excogitatum
1380 1683 1421 1746 ad
1431 1681 1489 1764 poi·

205 1799 357 1863 iiarrdom
372 1785 558 1868 sirrroniam,
585 1791 644 1877 p'er·
659 1793 745 1878 qrtod
760 1793 833 1858 licet
858 1795 969 1854 stricto
995 1793 1069 1870 jure
1094 1789 1212 1875 (idest,
1240 1807 1401 1871 propterea
1418 1783 1490 1866 qnod

204 1905 292 1969 istud
308 1901 543 1983 subterfugium
561 1899 705 1962 nondum
722 1899 762 1960 sit
777 1917 927 1980 expresse
944 1899 975 1958 in
993 1897 1210 1960 Consiliorum
1226 1893 1490 1972 cunctitonanti
1559 1880 1560 1966 i

206 2011 311 2092 specle
328 2009 528 2082 damnatum,
555 2007 704 2068 esteuirn
732 2007 792 2068 itae
810 2006 945 2086 pallium
974 2005 1200 2068 recentissimis
1226 2005 1418 2086 temporibus
1431 2021 1493 2062 cort·
1559 1987 1560 2000 ἶ

209 2115 350 2197 textum)
376 2116 444 2176 ista
460 2115 566 2176 locum
581 2135 645 2202 nort
660 2115 786 2188 lrabeat,
801 2115 1020 2176 nibilominus
1035 2115 1154 2196 negari
1171 2133 1233 2176 non
1249 2113 1342 2191 catat,
1362 2113 1438 2196 quin
1448 2131 1494 2194 po

207 2225 294 2310 pulo,
311 2233 341 2286 ct
358 2225 457 2305 arrigo
480 2225 706 2287 srtbtilitatnm
721 2223 912 2308 hujusmodi
927 2225 1049 2305 ignoro
1064 2243 1202 2286 cansam
1212 2225 1393 2306 praebeant
1416 2241 1493 2283 storr-

207 2335 287 2412 doii,
303 2333 510 2410 obseruando,
538 2341 568 2395 et
582 2331 719 2395 videndo
734 2334 783 2394 ire
798 2333 834 2394 in
849 2333 1076 2395 commercium
1091 2331 1269 2414 publicum,
1293 2337 1324 2391 et
1338 2329 1434 2413 quasi
1445 2326 1497 2388 snb

207 2448 306 2510 basta
332 2445 539 2531 circumferri
565 2445 744 2528 emptiones
769 2453 799 2506 et
821 2441 1025 2505 venditiones
1047 2439 1289 2505 commoditatis
1313 2441 1494 2523 parisiorum

208 2547 617 2634 ecclesiasticarnm'srtper
632 2552 793 2636 berrmioiis
808 2553 995 2614 debitarum
1010 2553 1096 2613 iuter
1109 2571 1269 2634 personas
1291 2551 1392 2612 etiam
1406 2549 1494 2611 laicas

203 2665 293 2730 ,lucri
308 2683 410 2726 carisa
425 2683 498 2724 earn
513 2672 660 2739 eruentes,
676 2663 814 2745 perinde
829 2684 867 2725 ac
881 2664 911 2724 si
927 2669 1083 2744 ageretur
1098 2662 1137 2723 de
1149 2661 1294 2732 cambiis,
1311 2669 1341 2723 et
1353 2659 1491 2734 censibus,
1560 2645 1561 2678 ³

208 2769 350 2852 aliisque
365 2767 548 2832 redditibus
562 2769 724 2853 profanis.
768 2769 868 2838 Quod
885 2771 916 2830 in
933 2769 985 2832 lris
997 2768 1104 2830 verbis
1119 2765 1236 2856 dicitur
1250 2767 1290 2830 de
1306 2787 1404 2830 causa
1418 2785 1494 2829 scan-

209 2875 274 2942 dali
293 2888 435 2960 respectu
452 2877 542 2959 vulgi
559 2877 744 2960 hujusmodi
759 2878 974 2940 subtilitatum
991 2878 1104 2959 ignari,
1122 2879 1228 2941 verius
1243 2879 1340 2940 etiarn
1356 2878 1493 2940 diceretur

209 2983 250 3047 de
264 3003 365 3046 eausa
378 2983 523 3047 scandali
535 2985 567 3046 iu
583 2985 778 3061 universum,
794 2986 893 3048 stiam
906 2997 1051 3070 respectu
1066 2987 1207 3050 virorum
1223 2985 1492 3050 eruditissimorum

209 3091 397 3176 hujusmodi
409 3092 622 3158 subtilitatum
635 3092 778 3174 apprime
790 3095 1003 3174 consciorum,
1021 3105 1139 3158 norunt
1154 3094 1242 3156 enirn
1253 3095 1313 3172 isti,
1329 3089 1407 3157 nihil
1418 3085 1493 3154 aliu'd

209 3199 244 3264 iu
260 3199 311 3262 his
335 3197 463 3282 effugiis
475 3204 557 3277 esse,
583 3217 683 3278 qnam
709 3199 921 3262 subtilitatem
948 3201 1087 3279 inanem,
1114 3197 1311 3282 simplicitati
1333 3195 1492 3264 etcandori

209 3307 412 3384 contrariam,
440 3307 554 3388 inqua
571 3305 809 3370 ubicommoda
836 3309 1029 3390 pensionum
1044 3307 1234 3386 vendentur,
1257 3310 1347 3373 exitu
1370 3310 1493 3390 inspecto

209 3417 382 3500 pensiones
408 3415 496 3498 ipsae
521 3415 752 3493 distrahuntur,
778 3415 896 3498 quibus
922 3415 954 3480 in
982 3415 1150 3498 speciebus
1170 3417 1243 3501 jure
1258 3435 1386 3499 possem
1406 3411 1493 3478 riudi·

210 3541 296 3605 aare,
309 3521 397 3605 quod
420 3525 466 3586 ait
479 3521 726 3588 Jttreeonsuitus
740 3524 774 3586 itt
791 3523 810 3586 l.
825 3523 876 3587 91.
905 3527 927 3591 l.
942 3526 973 3588 3.
990 3524 1022 3588 tf.
1037 3525 1079 3587 de
1095 3525 1179 3590 verb.
1206 3525 1304 3609 oblig.
1317 3527 1493 3612 pierumque

211 3633 272 3698 crib
287 3633 481 3698 anctoritate
486 3633 582 3717 juris
595 3633 752 3696 scientiae
763 3633 946 3716 perniciose
960 3641 1101 3696 erratur.

254 3737 358 3802 Nemo
374 3737 453 3802 milri
465 3750 663 3819 succenseat,
679 3739 774 3821 quasi
788 3737 869 3804 dum
884 3741 945 3803 ista
961 3739 1140 3818 traduntur,
1156 3739 1254 3803 everti
1267 3738 1431 3804 videantur
1442 3753 1494 3799 nn·

211 3865 301 3911 utero
316 3846 455 3929 plurima
480 3847 522 3912 ad
538 3847 708 3912 utilitatem
735 3847 911 3928 Ecclesiae,
937 3857 969 3912 et
983 3865 1156 3928 sacrorum,
1181 3859 1213 3911 et
1228 3859 1355 3932 recepta
1373 3843 1492 3931 pmtlen·

211 3955 344 4035 tissima,
370 3967 401 4018 et
416 3955 651 4037 sapientissime
674 3956 858 4020 constituta.
903 3955 1067 4038 eqridem
1081 3973 1142 4038 ego
1158 3954 1273 4017 lubens
1299 3954 1491 4018 admittocet·

212 4075 262 4132 tos
276 4086 347 4130 esse
361 4086 467 4146 casus,
493 4066 528 4130 in
542 4067 661 4148 quibus
676 4077 735 4130 aut
760 4085 810 4130 res
824 4067 924 4132 sacris
938 4065 1123 4132 ministeriis
1145 4065 1288 4149 adjectae
1311 4067 1343 4131 in
1357 4079 1493 4130 commer·

200 4177 300 4246 ctum
315 4175 434 4238 adduci
451 4177 580 4258 possint,
607 4176 657 4240 vei
673 4168 759 4240 certa
776 4177 920 4260 pecunia,
936 4176 1016 4240 dum
1042 4193 1134 4239 sacra
1147 4175 1416 4251 administrantur,
1428 4185 1492 4232 con·

213 4281 341 4362 feratur,
369 4281 420 4346 vel
435 4295 521 4346 certa
536 4303 586 4346 res
611 4271 870 4367 sacroprofanas
894 4283 1019 4372 adjecta
1034 4302 1089 4366 per
1111 4281 1329 4347 venditionem
1352 4281 1392 4343 rei
1405 4270 1492 4359 prois-

213 4411 276 4458 nao
292 4393 324 4455 in
341 4393 420 4456 alios
446 4396 655 4458 transferatur
670 4394 740 4458 sine
765 4393 899 4458 crimine
913 4393 1079 4457 simoniae.
1124 4391 1210 4456 Gurn
1226 4409 1304 4453 vero
1323 4383 1437 4452 callidis
1448 4397 1491 4440 er·

219 4501 305 4568 tibus
319 4521 445 4586 semper
470 4522 557 4568 nora
570 4503 733 4588 quaedam
756 4501 877 4587 effugia
891 4494 996 4568 moliu
1009 4501 1237 4568 conuersum
1251 4494 1417 4573 simoniaci,
1431 4491 1493 4573 jttrss

340 4613 361 4636 ⁸
848 4635 856 4673 t
