3120 4980
226 401 273 450 ns
291 403 351 464 ns,
366 399 430 451 aar
446 399 602 448 caeram
618 396 736 444 ernau
753 391 907 442 rsuram
922 385 1177 438 tremimus.
1310 352 1353 434 t't

72 537 139 592 tores
151 527 272 605 habere,
289 523 380 604 tueri,
395 525 521 601 sarcire,
548 522 567 586 l.
584 522 640 586 ult.
657 523 680 590 l.
697 521 725 584 l.
741 518 811 582 cod.
827 517 868 582 de
884 517 903 582 J
906 516 1025 596 aducis,
1051 533 1121 598 cap.
1136 514 1176 594 3.,
1191 522 1224 576 et
1236 513 1268 576 7.
1282 509 1353 576 aod.
1408 568 1410 574 .

72 639 107 702 tit
126 636 270 702 Saeuum
297 636 331 700 iu
344 653 391 714 eo,
406 634 495 717 quod
520 631 731 696 severissimis
746 631 858 712 poenis
882 627 999 693 Judaei
1015 628 1198 710 puniantur,
1215 625 1358 708 qtrotios·

70 763 195 828 tumque
208 743 369 829 proferant
390 741 628 825 blasphemiam
653 739 685 804 in
703 739 878 818 Christum,
905 747 964 804 aut
978 738 1153 820 Deiparam
1177 733 1354 816 Virginem,

68 862 116 914 aut
127 851 247 934 quoties
270 850 367 914 libros
382 849 451 912 siva
475 847 565 912 clam
578 855 720 923 teneant,
744 847 814 907 sive
828 845 938 928 palam
953 843 1053 908 edant
1071 840 1257 926 hujusmodi
1273 841 1355 904 blas

67 959 200 1041 phemius
213 958 424 1022 continentes.
462 953 574 1020 Tertio
588 954 621 1018 iu
637 972 683 1031 eo,
699 949 788 1036 quod
802 950 932 1034 capitali
949 967 1052 1032 poena
1067 949 1087 1012 J
1090 947 1183 1012 adaei
1199 947 1355 1010 damnen-

68 1075 118 1144 tur,
131 1067 157 1130 si
171 1065 394 1130 Christianum
407 1079 608 1146 quemquam
623 1063 656 1126 in
673 1079 767 1124 suam
794 1071 915 1124 sectam
931 1059 1135 1136 adduxerint,
1151 1069 1209 1122 aut
1222 1057 1356 1122 circum·

66 1171 171 1234 cisione
184 1171 390 1248 initiaverint,
416 1169 438 1232 l.
455 1169 514 1248 16,
529 1179 561 1232 et
587 1169 635 1232 lii
651 1168 722 1231 cod.
745 1167 785 1231 dc
801 1167 821 1232 J
823 1167 946 1232 udaeis.
988 1169 1117 1239 erarto
1132 1168 1166 1230 in
1180 1184 1226 1245 eo,
1252 1179 1286 1228 ut
1300 1164 1357 1228 ali·

66 1276 185 1358 quaudo
197 1277 301 1340 coacti
315 1275 433 1342 suerint
446 1276 489 1340 ad
505 1275 718 1340 restituendas
734 1276 916 1340 inmodicas
931 1295 1057 1358 usuras,
1072 1295 1155 1360 quas
1170 1282 1190 1340 a
1206 1274 1359 1340 Cirristia·

67 1385 111 1448 nis
124 1397 327 1464 extorserant,
353 1403 425 1468 cap.
441 1386 490 1450 18
516 1385 557 1448 de
574 1385 687 1450 usuris.
721 1379 858 1456 nurture
873 1385 906 1448 iu
921 1404 967 1462 eo,
983 1383 1070 1466 quod
1093 1381 1209 1448 iudaei
1222 1382 1259 1446 in
1274 1379 1379 1482 festi·-

67 1493 206 1560 rictibus
221 1493 481 1558 Christianorum
494 1503 664 1558 teneantur
679 1494 896 1570 inhnmanum,
915 1489 1160 1554 officinarumve
1174 1489 1257 1550 ostia
1272 1486 1359 1550 clau·

69 1599 142 1682 dere;
156 1621 196 1665 ne
210 1599 361 1684 publicas
375 1612 586 1680 mercaturae,
606 1611 664 1663 aut
678 1609 879 1663 contractum
893 1597 1038 1682 cujusvis
1061 1596 1186 1678 generis
1201 1594 1294 1658 detur
1308 1612 1360 1658 oc·

68 1711 152 1790 usto,
173 1708 452 1791 quemadmodum
465 1707 589 1787 diebus,
612 1709 733 1791 quibus
748 1708 970 1771 anniversaria
995 1705 1161 1771 Passionis
1176 1704 1366 1768 dominicae

68 1819 273 1899 autumo,
290 1838 332 1884 ne
346 1832 437 1882 extra
457 1817 651 1882 habitacula
674 1835 744 1898 sua,
768 1817 802 1880 iu
818 1815 985 1900 publicum
1001 1813 1177 1898 prosiliant,
1201 1809 1359 1877 interdici·

69 1933 121 2002 tur,
134 1942 202 2009 cap.
216 1925 259 2006 4,
272 1935 306 1990 et
321 1925 371 1990 15.
386 1925 428 1988 de
442 1926 462 1989 J
465 1923 587 1988 udaeis.
629 1922 674 1988 Et
688 1941 889 2007 quamquam
904 1921 1008 1986 satius
1022 1930 1115 2002 esset,
1129 1939 1184 2004 per
1199 1919 1287 1984 vicos
1302 1919 1322 1984 J
1324 1936 1358 1983 u·

68 2027 209 2096 daccmm
231 2049 341 2096 seems
366 2029 585 2114 processiones
610 2029 828 2109 noaducere,
852 2028 885 2094 in
900 2027 1022 2112 quibus
1046 2028 1235 2112 praesertim
1254 2045 1360 2090 sacro-

68 2152 206 2208 sanctum
220 2141 447 2208 Eucharistiae
469 2142 718 2206 &murenam
732 2159 810 2206 eum
824 2141 1005 2206 celebritate
1020 2151 1171 2225 gestatur,
1195 2141 1241 2204 uti
1263 2140 1361 2206 tradit

67 2249 199 2316 Burbuca
212 2251 255 2318 de
269 2252 440 2337 Episcopis
466 2253 594 2336 allegat.
609 2251 660 2316 22
677 2271 767 2318 num.
789 2253 828 2333 d,
844 2261 876 2318 et
889 2251 930 2316 de
945 2251 1098 2318 Parochis
1112 2273 1183 2338 cap.
1202 2255 1254 2320 20.
1270 2275 1360 2322 trum

67 2357 120 2441 33,
133 2362 159 2426 si
184 2373 294 2428 tamen
318 2381 360 2428 ex
374 2361 510 2444 antiqua
534 2359 778 2442 cousuetudine,
804 2361 911 2424 aliave
932 2379 1034 2424 causa
1059 2359 1092 2424 id
1108 2357 1177 2424 fieri
1199 2361 1360 2444 expediat,

68 2467 189 2552 obligari
204 2471 224 2536 J
226 2469 321 2534 odaei
336 2481 510 2554 potuerunt
535 2469 578 2534 ad
593 2469 758 2535 ornandos
771 2470 812 2534 de
837 2485 925 2534 mure
940 2470 1002 2533 loci
1017 2471 1162 2553 parietes,
1184 2483 1278 2554 prout
1292 2489 1363 2536 cae-

68 2575 319 2658 teriohligautur,
345 2593 412 2642 noa
437 2575 525 2659 qttod
548 2589 626 2642 tuno
653 2579 714 2662 ipsi
739 2589 897 2662 cogantur
921 2575 965 2640 ad
979 2575 1116 2658 colenda
1139 2577 1215 2644 fidei
1235 2589 1364 2660 nostras

68 2685 220 2764 mysteria,
244 2685 302 2748 sad
316 2684 405 2768 quod
421 2695 562 2768 tempore
576 2685 725 2768 publicae
739 2686 878 2750 lactitiae
904 2685 1000 2768 signa
1013 2685 1106 2748 edere
1121 2685 1250 2766 debant,
1266 2688 1365 2752 sicuti

69 2787 100 2852 in
112 2793 245 2874 publicis
269 2796 405 2860 minime
418 2796 518 2860 sacris
543 2795 803 2860 solemnitatibus
820 2793 1005 2858 facundum
1020 2813 1080 2877 esu
1106 2815 1145 2858 eo
1159 2815 1239 2859 sane
1253 2797 1367 2861 miuus

67 2913 232 2979 potuenutt
246 2901 265 2966 J
269 2903 364 2966 udaei
385 2923 516 2986 quoquo
531 2902 629 2966 modo
640 2903 768 2968 officere
790 2903 992 2986 Christianis,
1011 2917 1069 2970 mit
1084 2907 1233 2990 iujuriam
1248 2906 1365 2970 interro

67 3003 369 3074 in'Ohristiauoruur
393 3011 594 3092 religionem,
618 3031 789 3094 sacrosque
816 3013 903 3094 ritus,
930 3015 1130 3096 gravissimis
1155 3017 1266 3098 poenis
1280 3037 1367 3082 coar·

66 3115 164 3196 cendi,
189 3118 245 3181 ubi
260 3120 294 3182 iu
310 3132 435 3184 tautam
450 3119 662 3186 temeritatem
687 3121 856 3203 eruperint,
874 3122 893 3184 l.
912 3124 959 3186 li.
980 3123 1026 3186 14.
1047 3125 1103 3204 lu,
1126 3137 1158 3188 et
1176 3127 1222 3190 18.
1238 3125 1366 3192 cudda

66 3223 202 3294 ludaeis.
246 3231 433 3314 Aliquando
448 3232 546 3298 etiarn
560 3232 678 3312 evenit,
701 3244 737 3296 ut
755 3233 892 3296 Parochi
904 3245 1007 3298 certas
1022 3237 1156 3319 exigant
1175 3239 1217 3301 ab
1231 3238 1366 3304 ludaeis

65 3353 188 3402 annuas
204 3340 443 3420 pensitationes,
467 3339 619 3404 nimirum
635 3343 759 3422 qrroties
775 3343 807 3405 in
824 3343 997 3406 Parrochia
1018 3343 1071 3406 siti
1087 3343 1204 3406 Judaei
1221 3345 1307 3407 vicos
1324 3356 1367 3408 ta-

66 3461 140 3512 nent
153 3451 229 3514 olim
246 3458 267 3518 a
283 3451 459 3516 Catholicis
474 3465 658 3535 occupatos,
678 3456 772 3535 qnasi
788 3455 820 3516 in
836 3453 949 3516 damni
972 3455 1281 3536 compensationem,
1295 3475 1366 3540 cap.

66 3560 114 3622 17.
128 3559 170 3624 de
180 3581 304 3626 excess.
321 3561 507 3638 praelator,
520 3561 607 3644 quod
623 3573 733 3626 tantan
750 3581 814 3626 non
830 3564 962 3626 omnino
978 3562 1181 3644 probandum
1198 3561 1367 3644 videretur,

63 3668 127 3730 nisi
141 3669 316 3752 singularis
329 3669 410 3732 ratio
431 3681 488 3732 aut
502 3669 757 3750 consuetudinis,
772 3682 830 3732 aut
845 3669 957 3735 statuti
973 3669 1005 3732 id
1020 3667 1234 3734 confirmaret
1279 3671 1366 3745 Quo·

63 3777 123 3842 ties
135 3781 253 3847 ludaei
266 3781 349 3844 haec
364 3783 554 3864 transgressi
569 3779 698 3860 fuerint,
711 3783 924 3864 gravissimas
936 3780 1080 3863 corpalas
1108 3801 1228 3862 poenas
1245 3783 1368 3866 religio·
1402 3813 1405 3822 ·

61 3889 90 3952 oi
107 3889 268 3973 Principes
294 3891 491 3970 indixerunt,
518 3892 562 3954 uti
579 3891 680 3972 liquat
694 3911 735 3954 ex
761 3887 920 3956 Romanis
945 3890 1071 3974 legibus
1094 3915 1193 3977 supro
1215 3893 1367 3958 laudaris.

62 3998 255 4082 Adjecerunt
271 3999 446 4064 Pontifices
471 3999 610 4064 Maximi
625 3999 813 4063 idemtidem
828 4019 976 4082 poenam,
992 4020 1076 4084 quae
1099 4004 1239 4084 speciem
1254 4019 1369 4082 quam·

61 4107 141 4169 darn
154 4109 284 4172 exhibet
297 4109 650 4186 excommunicationis,
675 4127 740 4172 non
754 4127 833 4170 sane
849 4107 936 4190 quod
954 4099 1025 4172 nere
1047 4111 1066 4174 J
1071 4110 1165 4174 udaei
1179 4127 1368 4172 excommu-

59 4217 255 4297 nicarentur,
279 4229 389 4300 utpote
404 4219 461 4299 qui
475 4218 820 4281 excommunicationis
835 4237 990 4282 censurae
1016 4231 1093 4282 sunt
1108 4219 1287 4302 incapaces,
1311 4218 1369 4282 sed

59 4327 152 4410 quod
164 4330 380 4411 prohiberetur
391 4330 644 4410 caresianam
661 4329 726 4392 ullo
738 4329 835 4394 modo
846 4349 925 4393 cum
935 4329 953 4394 J
958 4329 1069 4394 udaeis
1081 4331 1369 4396 communicarent

58 4439 172 4524 Hujus
180 4441 432 4525 poenaementio
441 4441 478 4504 lit
487 4443 520 4505 in
530 4461 600 4526 cap.
610 4441 657 4506 13.
668 4441 716 4506 ld.
726 4442 774 4506 16.
783 4441 823 4506 de
832 4441 975 4589 Judpeia
985 4453 1023 4592 etI
1026 4461 1059 4590 tp
1071 4443 1368 4591 caprSdeusuris·

928 4547 985 4590 ou.
1056 4565 1108 4590 .-
1151 4575 1158 4588 .
