3120 4980
238 435 283 484 aa
298 435 357 499 tta,
380 432 444 486 out
460 433 615 483 cantari
631 435 749 482 irruant
773 435 929 522 rumque
946 435 1199 486 avunsanaua.
1327 413 1368 482 81

97 553 184 622 lantes
204 559 426 638 aethnicorum,
452 559 632 623 aliorumve
657 561 812 643 gentium,
838 577 921 640 quos
936 557 1113 623 Christiani
1138 557 1369 642 aparentibus

86 665 153 728 ‘suis
164 681 307 749 emerunq
332 679 365 730 et
379 669 499 751 potiore
508 669 581 752 jure
596 667 735 732 infantes
761 667 781 730 J
784 665 961 730 ndaeorum
975 667 1219 749 baptizatorum,
1241 669 1297 750 qui
1313 685 1370 751 per
1412 699 1416 708 ·

94 775 265 852 apostasiam
278 774 320 838 ad
335 775 546 857 synagogam
560 775 678 837 reversi
692 773 820 838 suerint.
1175 771 1181 786 '

127 882 200 946 llum
212 884 352 949 Judaeus
378 887 552 968 quisquam
576 885 761 967 baptizatas
776 895 833 964 est,
859 885 928 948 siue
944 885 1051 950 infans
1067 888 1115 967 sit,
1141 887 1210 952 aive
1225 889 1368 970 adultus,

91 987 147 1050 sire
160 989 242 1069 licita,
259 993 327 1055 sive
342 971 456 1071 illicite,
474 991 650 1056 dummodo
665 991 796 1055 firmum
816 1003 847 1086 et
862 992 1010 1058 validum
1026 995 1184 1078 baptisma
1199 996 1369 1085 habeatur,

92 1109 208 1178 quatuor
220 1104 387 1182 praecipue
403 1111 479 1163 sunt
493 1099 705 1162 observanda:
732 1099 871 1182 primurn
889 1107 1034 1180 respectu
1047 1101 1211 1201 baptizati,
1228 1103 1368 1168 alterum

90 1218 212 1286 respectu
231 1219 398 1288 parentum
421 1207 583 1289 baptizati,
600 1209 728 1270 tertium
750 1217 897 1289 respectu
916 1215 1151 1284 extraneorum,
1170 1217 1382 1298 postremum¹

89 1319 209 1389 respectu
221 1312 394 1376 Ecclesiae.
411 1313 572 1395 Respecto
582 1314 742 1396 baptizati,
756 1313 1064 1378 sivefiliuslamilias
1086 1315 1136 1393 sit,
1152 1317 1220 1377 sive
1232 1315 1368 1398 pateria-

88 1415 1368 1504 nilias,sireinfans,siveinlantiamegressus,observandumest,euurremoven·

86 1523 229 1604 dunresse,
239 1529 325 1609 quod
339 1528 407 1590 fieri
418 1529 526 1609 possit,
536 1529 724 1592 aconsortio
734 1530 941 1608 Judaeorrrm,
952 1531 1049 1592 etiam
1063 1542 1242 1613 parentum,
1257 1551 1296 1596 ne
1307 1533 1367 1596 tor-

87 1634 308 1708 tepersrtasiooe
318 1634 803 1718 Judaicadefrciatimprudenti
814 1637 1050 1702 consilioafide
1061 1639 1253 1719 Christiana,
1265 1661 1367 1722 quarn

37 1741 41 1751 '
83 1739 164 1800 semel
177 1754 369 1825 susceperat.
413 1743 450 1807 ld
466 1743 549 1806 adeo
565 1763 677 1808 verum
693 1755 749 1823 est,
768 1757 803 1806 ut
817 1745 921 1806 locuni
935 1747 1032 1808 etiarn
1044 1749 1194 1837 obtineat,
1206 1756 1271 1830 quo
1285 1761 1366 1816 cas'u

83 1843 170 1908 iulans
192 1851 325 1930 quidam
342 1851 484 1916 ludaeos
500 1852 771 1929 dissentientibus,
794 1865 852 1916 aut
873 1856 1095 1935 ignorantibus
1121 1861 1309 1939 parentibus
1322 1863 1366 1926 ab

81 1947 170 2030 aliquo
182 1953 259 2017 sorte
283 1957 503 2038 imprudenter
518 1961 701 2042 baptizatus
717 1960 822 2042 srrerit3
838 1963 896 2024 erit
911 1965 997 2026 eninr
1014 1965 1073 2027 iste
1089 1966 1121 2030 in
1135 1967 1203 2029 loco
1220 1980 1287 2031 tuto
1302 1969 1366 2032 col·

80 2055 222 2142 locandus,
246 2079 279 2128 et
293 2067 528 2132 custodiendi*q
545 2079 713 2151 tamquam
730 2073 847 2134 matris
863 2073 1031 2136 Ecclesiae
1046 2076 1143 2155 filins,
1166 2089 1198 2140 et
1212 2059 1364 2149 omnibns
1452 2068 1454 2072 ¹

78 2167 164 2232 modis
177 2175 401 2255 satagendum,
418 2175 489 2240 uti.
508 2197 575 2256 ern,
592 2180 893 2261 quarnignorantcr
907 2201 985 2246 curu
1003 2185 1218 2254 sacramento¹
1230 2191 1361 2272 accepit,

77 2278 164 2344 scions
178 2282 295 2376 deinde
309 2285 523 2366 prudensque,
550 2307 626 2350 curn
643 2307 698 2370 per
724 2301 864 2354 aetatem
881 2294 1002 2374 poterit,
1025 2297 1220 2378 profiteatur.
1264 2301 1361 2363 Porro

76 2385 100 2446 io
115 2388 158 2450 his
172 2395 339 2474 speciebus
355 2396 388 2456 in
404 2393 654 2458 sollicitudinem
669 2397 830 2461 confertur
844 2399 1134 2468 ecclesiasticorum
1158 2406 1360 2471 administro·

73 2507 138 2570 rum,
152 2509 187 2558 nt
200 2497 356 2581 neophyti
382 2500 560 2566 Judeorurn
576 2505 674 2566 etiarn
689 2517 859 2586 parentum
876 2511 1154 2576 conversationem
1172 2515 1274 2578 veluti
1289 2533 1359 2598 gra-

73 2597 175 2667 vissinn
192 2607 325 2687 periculi
351 2611 484 2692 plenam
498 2591 632 2676 omnino
647 2611 819 2704 declinent,
842 2633 914 2678 can.
933 2617 983 2680 11.
999 2629 1097 2682 caus:
1110 2621 1160 2683 28.
1177 2633 1301 2702 quaest.
1319 2627 1358 2702 1.,

70 2707 137 2772 alias
149 2716 232 2779 enirn
249 2717 329 2780 diris
345 2718 512 2806 suppliciis
527 2722 702 2802 punientur
716 2741 757 2784 ex
773 2722 899 2803 legibus
914 2721 1053 2805 publicis
1067 2726 1087 2788 J
1090 2727 1192 2807 ndael,
1212 2731 1268 2811 qui
1283 2751 1358 2795 neo-
1403 2739 1407 2747 '

70 2812 169 2896 phyma
182 2821 316 2884 eosdem
342 2825 384 2884 ad
400 2841 434 2886 se
449 2826 563 2888 reverti
590 2827 695 2906 ruinis,
722 2828 933 2910 blanditiisve¹
944 2845 1120 2913 procurent,
1147 2836 1166 2898 l.
1184 2837 1213 2898 3.
1229 2837 1299 2900 cod.
1314 2839 1356 2902 da

67 2919 190 2991 ludaeis.
222 2929 447 2996 'Potissimum
463 2946 575 2996 autern
599 2935 752 2996 habenda
766 2947 815 3000 est
829 2938 1026 3020 pupillorum
1044 2942 1290 3026 neophytorum,
1308 2949 1355 3010 ut·

65 3041 124 3108 pote
137 3035 359 3117 infirmiorum,
377 3042 465 3119 ratio,
491 3043 548 3123 qui
563 3041 651 3124 apud
666 3042 819 3106 honestos
846 3045 1047 3112 Christianos
1062 3050 1147 3113 viros
1168 3065 1262 3116 erunt
1275 3053 1354 3118 erlu-

63 3129 144 3204 randi
160 3145 395 3230 Episcoparum
411 3149 561 3212 arbitria·
585 3149 700 3232 Neque
715 3163 771 3232 est,
787 3172 846 3216 cur
860 3155 879 3218 J
883 3155 976 3220 udaei
992 3171 1141 3240 parentes
1155 3175 1352 3246 conqueran·

62 3250 110 3324 tur,
123 3267 196 3326 curu
203 3255 281 3336 jure
296 3271 357 3315 suu
372 3253 552 3334 ceciderint,
571 3257 617 3318 uti
632 3255 730 3320 modo
745 3259 924 3324 ostendam.
1189 3269 1190 3272 ’

92 3352 247 3439 Respecto
273 3373 445 3444 pareutum
460 3360 647 3442 Judeorum,
674 3365 730 3428 ubi
744 3367 974 3456 filiusfamilias
1000 3373 1145 3438 Judaeus
1168 3378 1365 3462 baptizatus*

59 3473 103 3538 est,
117 3465 314 3546 observatur,
329 3479 478 3550 parentes
493 3470 581 3554 omni
591 3471 674 3553 jure,
700 3491 738 3538 ac
754 3487 910 3556 potestate
925 3482 1049 3552 cadere.
1094 3485 1195 3550 Plane
1210 3487 1237 3550 si
1257 3489 1298 3574 de
1312 3489 1349 3554 fi·
1363 3537 1378 3564 ,
1395 3485 1399 3495 ’

58 3561 228 3636 liolaruilias
254 3583 380 3658 agutur,
406 3575 462 3658 qui
478 3579 604 3658 propria
631 3575 797 3644 voluntate
822 3584 1020 3667 baptismum
1047 3592 1133 3670 petit,
1153 3594 1347 3675 gravissima

56 3667 138 3755 brq'us
152 3679 196 3741 rei
222 3692 302 3743 sunt
316 3695 517 3764 argumenta.
561 3681 692 3750 Etenim
709 3688 867 3772 imprimis
893 3693 1042 3760 Christus
1058 3699 1219 3781 Dominus
1244 3715 1275 3766 ct
1290 3723 1344 3786 pa·
1367 3679 1369 3684 ,

54 3781 128 3858 treru,
153 3793 184 3846 et
210 3795 350 3850 matrem
375 3785 452 3850 fidei
476 3808 577 3854 causa
602 3793 829 3875 relinquendos
854 3819 925 3862 essa
950 3806 1118 3886 perspicuo
1142 3809 1343 3894 Evangelico

54 3895 206 3969 praecepto
230 3909 292 3953 suo
308 3891 485 3976 mandavit;
512 3893 605 3958 docet
630 3885 772 3982 idipsum
788 3906 945 3970 naturalis
970 3912 1060 3990 ratio,
1082 3933 1148 3995 qua
1163 3915 1340 4000 lacileper.

50 3989 221 4074 suademur,
251 3995 358 4062 Deum
374 4015 443 4060 esse
459 4019 555 4083 super
569 4005 680 4068 omnia
694 4007 905 4092 diligendum,
931 4023 964 4075 ct
976 4015 1166 4082 charitatem
1181 4022 1215 4084 in
1232 4021 1338 4090 Deuru

49 4107 187 4171 pateruae
212 4103 363 4168 charitati
378 4123 448 4168 esse
463 4107 715 4176 anteferendam.
760 4117 879 4182 Docuit
889 4121 1035 4204 idipsum
1052 4125 1134 4190 lacto
1156 4123 1337 4198 suo'clnis-

48 4209 92 4262 tus
115 4205 200 4272 idem
226 4209 399 4293 Dominus,
426 4213 507 4280 dum
532 4225 800 4302 conquerentibus
825 4235 1020 4312 parentibus,
1044 4248 1118 4300 utut
1136 4243 1334 4327 justissimis,

47 4310 151 4386 quibus
178 4315 262 4380 olim
289 4319 471 4404 subjectum
500 4344 570 4388 sese
598 4330 730 4412 exibuit,
755 4335 844 4414 quod
872 4337 951 4422 suga
979 4343 1091 4424 lapsus
1119 4353 1211 4428 esset,
1240 4351 1332 4435 dixit,
1413 4393 1415 4397 -

45 4419 154 4484 nescire
168 4423 253 4505 illos,
268 4427 354 4509 quod
370 4430 405 4494 iu
419 4431 466 4510 ib,
482 4451 566 4516 quae
581 4440 680 4517 patris
695 4441 746 4504 sui
760 4454 909 4592 arantqsp
923 4465 1171 4602 essppporltprat,
1191 4477 1331 4544 eumque

895 4551 952 4596 ou.
1020 4572 1070 4599 .-
1115 4583 1123 4604 .
