3210 4990
1553 202 1557 400 l

184 419 390 499 misceantur,
404 437 488 501 quae
503 437 581 484 sane
605 419 712 484 referri
738 427 865 485 tantum
889 429 992 505 potest
1006 416 1047 484 ad
1070 419 1191 483 dictam
1206 416 1310 502 legem
1326 415 1374 482 id.
1414 415 1478 480 fe·
1555 415 1558 506 l

183 539 256 590 runt
270 543 308 588 ea
324 525 465 609 Gregorii
480 527 593 609 Magni
607 527 741 610 epistola
755 535 787 590 et
807 527 878 611 ipsa
900 528 943 591 ab
966 527 1099 591 eruditis
1123 523 1268 610 pluribus
1292 523 1477 606 apocrypha

184 629 343 696 udicatur.
386 633 558 696 Caeterum
587 653 663 698 cum
693 634 806 698 eadam
835 633 969 716 epistola
998 649 1075 697 uota
1103 631 1201 696 fuerit
1220 633 1365 694 vetustte
1378 631 1477 712 scrip·
1559 632 1560 700 l

182 741 313 819 toribus,
337 761 375 804 ac
401 743 602 824 potissimum
638 741 753 821 Bedae,
784 744 862 806 setis
877 743 984 825 liquet,
1010 743 1079 826 jam
1107 751 1222 804 octavo
1247 739 1376 804 saeculo
1402 757 1475 802 earn
1560 740 1561 822 l

90 873 91 881 ¹
179 851 349 932 epistolam
372 851 567 914 circumferri
592 854 806 932 consuevisse,
837 869 875 915 ac
901 861 1064 933 propterea
1088 851 1157 935 jam
1186 859 1257 912 tum
1280 857 1477 930 compertam.
1561 848 1562 900 l

178 957 278 1022 fuisse
307 959 426 1022 dictam
450 961 554 1042 legem
582 961 720 1040 Arcadii,
750 973 782 1023 et
800 961 951 1040 'Honorii
981 979 1041 1022 nec
1066 960 1128 1022 dici
1149 975 1243 1042 posse
1265 957 1471 1018 recentiorum
1562 956 1563 996 l

180 1070 396 1152 quorumdam
419 1071 623 1152 figmentum.
664 1070 833 1152 Quidquid
861 1081 1023 1153 praeterea
1045 1071 1078 1134 in
1103 1069 1121 1131 l.
1151 1069 1199 1131 17.
1225 1065 1300 1129 cod.
1319 1063 1360 1128 de
1376 1091 1380 1121 ι
1397 1075 1474 1146 upt,
1563 1064 1564 1086 ¹

181 1181 229 1244 rbi
256 1199 410 1263 personae
437 1191 664 1260 memorantur,
693 1199 831 1262 quarum
857 1179 989 1262 nuptiae
1014 1179 1239 1260 improbentur,
1266 1175 1307 1237 de
1332 1173 1473 1251 fratrum,
1564 1175 1565 1196 ¹

182 1303 365 1349 sororumve
381 1287 455 1350 filiis
470 1287 563 1350 nulle
584 1290 704 1352 mentio
728 1287 772 1368 fit,
798 1307 899 1371 quam
925 1307 1004 1350 sane
1029 1287 1246 1349 'I'ribonianas
1269 1285 1396 1346 fecisset
1420 1299 1475 1364 pro
1565 1283 1566 1286 ’

180 1397 374 1472 auctoritate,
390 1403 422 1458 et
436 1396 668 1460 consuetudine
689 1417 758 1474 sua,
774 1399 802 1460 si
827 1407 904 1460 tunc
920 1395 1149 1459 Theodosiana
1165 1395 1273 1458 adhuc
1289 1394 1342 1456 lex
1357 1393 1475 1474 viguis-

179 1514 236 1584 set3
254 1501 530 1585 quemadmodum
544 1517 575 1567 et
589 1505 623 1568 in
648 1505 762 1568 eadem
788 1505 858 1588 lege
884 1505 1009 1568 addidit
1030 1505 1225 1568 mentionem
1240 1504 1343 1586 neptis
1359 1523 1401 1564 ex
1416 1501 1474 1564 fra-

177 1625 224 1680 tre
238 1617 331 1699 cujus
356 1633 434 1678 sane
459 1617 551 1680 nulla
570 1619 692 1680 mentio
717 1617 815 1681 fiebat
840 1619 873 1680 in
900 1617 1101 1700 autographo
1115 1613 1259 1700 ejusdem
1285 1613 1373 1695 legis,
1383 1623 1477 1696 prout

177 1735 244 1788 erat
259 1725 292 1788 in
307 1725 416 1788 codice
431 1725 662 1790 Theodosieno
676 1725 842 1809 descripta.
886 1727 1059 1808 Quidquid
1070 1728 1290 1790 Tribonianus
1301 1725 1389 1786 idem
1401 1741 1475 1786 cum

174 1833 339 1897 reduceret
353 1821 387 1898 in
402 1835 544 1898 codicem
559 1853 657 1898 suum
672 1835 777 1918 legem
792 1838 922 1898 unicam
938 1835 1007 1898 cod.
1030 1833 1193 1898 Theodoe.
1207 1837 1236 1897 ai
1251 1845 1341 1918 nupt.
1356 1851 1399 1896 ex
1414 1851 1475 1894 ree

176 1943 265 2025 sript.
280 1951 351 2025 pet,
366 1943 519 2007 nimirum
535 1944 567 2006 in
583 1943 687 2026 legem
700 1945 727 2007 1.
743 1945 812 2008 cod.
828 1943 1001 2009 fustinian.
1016 1946 1085 2008 eod.
1109 1947 1165 2023 rit,
1192 1945 1296 2006 multa
1310 1943 1476 2019 resecavit,

177 2053 295 2135 quibus
310 2051 480 2131 indicatur,
494 2053 601 2135 vigere
617 2051 726 2116 adhuc
741 2053 845 2136 legem
861 2051 1134 2130 Theodosianam,
1157 2063 1254 2132 atque
1278 2051 1324 2111 ita
1337 2049 1473 2130 descrip·

178 2165 226 2243 sit,
243 2175 279 2227 ut
293 2163 447 2243 videatur,
464 2175 573 2226 actum
589 2181 658 2226 esse
673 2163 714 2226 de
728 2164 842 2226 eadem
856 2163 926 2245 lege
941 2163 1188 2227 Theodosiana?
1230 2162 1335 2224 Immo
1358 2171 1392 2222 et
1406 2160 1474 2223 Jus-

178 2275 285 2337 tianus
301 2274 386 2337 idern
401 2273 435 2336 in
452 2275 473 2340 i.
489 2271 518 2335 3.
534 2273 632 2336 instit.
648 2271 689 2335 de
704 2283 793 2354 nupt.
809 2291 885 2335 eum
900 2273 1025 2355 scripsit
1040 2283 1169 2354 neptem
1183 2270 1288 2332 fratris
1303 2267 1378 2332 duci
1395 2285 1474 2330 uxo·

179 2397 232 2442 em
246 2381 331 2462 nonf
346 2399 449 2462 posse,
478 2379 595 2443 flustra
619 2379 786 2463 adjecisset
810 2399 850 2442 ea
877 2381 982 2443 verba:
1032 2379 1199 2453 Quamuis
1222 2387 1340 2464 quarto
1359 2377 1476 2461 gradu

176 2491 252 2567 sint
268 2489 296 2550 si
311 2487 499 2570 generaliter
513 2507 626 2551 verum
641 2485 762 2566 fuisset,
791 2488 860 2570 ejus
890 2497 993 2549 aetate
1022 2486 1226 2548 matrimonia
1254 2483 1408 2547 celebrari
1424 2499 1476 2564 po
1576 2467 1577 2470 ¹

176 2595 277 2657 tuisse
291 2594 373 2656 inter
387 2594 525 2658 duorum
539 2593 689 2674 fratrum,
713 2595 765 2656 rel
795 2613 939 2658 sororum
955 2591 1046 2674 filies,
1076 2594 1133 2675 qui
1148 2603 1261 2675 quarto
1286 2608 1357 2655 csse
1372 2590 1478 2674 gradu

177 2701 373 2767 dicebantur.
416 2703 566 2786 Agedum
581 2723 666 2785 ergo,
681 2701 888 2766 difficultates
902 2723 1014 2767 omnes
1035 2703 1261 2766 dissolvamus.
1284 2701 1358 2784 Ego
1372 2701 1478 2776 habeo

176 2823 334 2893 tanquam
363 2811 521 2892 genuinas
550 2821 742 2873 memoratas
771 2811 857 2892 leges
887 2813 1062 2888 universes,
1092 2823 1162 2875 tum
1191 2809 1379 2889 Theodosii,
1407 2821 1476 2873 tum

178 2921 317 3000 Arcadii,
333 2932 364 2983 et
379 2919 522 2998 Honorii,
548 2925 618 2983 tum
641 2920 830 2982 iustiniani..
868 2920 913 2982 Et
940 2919 1072 3002 quando
1100 2920 1176 2984 illae
1205 2917 1344 2982 invicem
1370 2917 1485 2981 conei-

180 3027 309 3091 iiandae
325 3037 412 3102 sum,
426 3027 568 3103 observo,
592 3025 777 3104 Arcadium,
793 3037 825 3088 et
850 3027 1029 3090 Honorium
1044 3027 1164 3089 divisse
1179 3027 1260 3090 inter
1275 3045 1309 3088 se
1323 3025 1479 3090 adminis-

178 3134 349 3198 trationem
362 3132 506 3196 universi
527 3131 656 3212 imperii
670 3132 722 3210 ita,
738 3144 774 3195 ut
802 3131 961 3196 Arcadius
990 3133 1162 3213 Orientale,
1192 3133 1356 3196 Honorius
1385 3132 1478 3196 Occi-

179 3243 307 3306 dentale
337 3242 512 3324 Imperium
528 3251 656 3323 regeret,
672 3239 777 3303 solida
790 3251 899 3304 tamen
920 3242 1048 3319 ratione,
1064 3243 1159 3323 quasi
1173 3242 1352 3306 indivisum
1366 3241 1477 3305 adhuc

180 3351 355 3435 imperium
381 3361 473 3430 esset,
489 3349 632 3414 etunius
657 3351 729 3412 vica
757 3347 823 3413 duo
851 3351 1015 3433 Principes
1043 3348 1261 3434 fungerentur,
1283 3367 1422 3433 eamque
1436 3333 1480 3412 ob

179 3479 245 3525 rem
283 3461 466 3524 alterutrius
501 3459 598 3541 leges,
632 3468 665 3521 et
692 3457 860 3540 descripta,
884 3462 1050 3540 utriusque
1072 3459 1229 3544 Principe
1250 3477 1369 3523 nornen
1389 3477 1480 3542 prae·

181 3569 368 3635 referebant.
418 3571 504 3634 Hinc
539 3570 752 3652 contingebat,
778 3580 815 3632 ut
838 3569 927 3652 quod
963 3589 1049 3637 uuus
1085 3581 1245 3652 statueret,
1280 3570 1479 3655 quandoque

178 3693 370 3766 repugnaret
384 3683 512 3745 statutis
527 3681 665 3760 alterius,
682 3689 790 3764 utpote
805 3681 862 3762 qui
888 3691 1009 3747 statuta
1022 3681 1137 3764 fratris,
1153 3694 1227 3747 utut
1240 3681 1407 3749 communi
1422 3701 1480 3746 no·

181 3793 269 3856 mine
284 3791 378 3869 edita,
394 3801 429 3853 ut
455 3789 630 3872 plurimum
654 3789 830 3871 ignorabat.
873 3789 959 3854 Hinc
986 3791 1109 3855 factum
1138 3802 1194 3871 est,
1224 3799 1261 3856 trt
1291 3792 1477 3856 idemtidem

183 3901 361 3984 adpareant
374 3899 616 3962 constitutiones
641 3901 779 3960 duorum
805 3897 932 3962 illorum
961 3899 1149 3983 Principum
1172 3913 1269 3983 prope
1288 3900 1479 3964 subendam

182 4023 324 4096 tempora
339 4011 443 4074 editae
458 4010 597 4073 invicem
613 4009 672 4072 sibi
700 4010 885 4090 contrariae,
912 4015 980 4074 'non
1009 4029 1087 4074 sane
1112 4011 1199 4093 quod
1229 4008 1289 4074 sibi
1304 4011 1479 4076 Honorius,

127 4153 129 4158 ·
183 4131 241 4187 aut
255 4123 314 4185 sibi
330 4120 487 4185 Arcadius
501 4118 739 4199 contradiceret
757 4118 814 4182 sed
828 4137 912 4202 quae
930 4120 1076 4183 Honorio
1088 4119 1259 4202 placebant
1270 4120 1306 4182 in
1322 4117 1479 4182 Occiden-

184 4243 224 4311 te,
239 4231 451 4314 displicebant
475 4225 612 4292 Arcadio
627 4228 658 4291 in
686 4228 825 4307 Oriente,
841 4247 966 4310 semper
989 4239 1097 4290 temen
1123 4227 1248 4310 legibus
1271 4227 1314 4290 ab
1329 4225 1483 4290 alterutro

185 4343 268 4425 latis,
282 4343 448 4423 utriusque
474 4339 603 4403 nomine
618 4337 758 4425 proditis,
783 4341 830 4404 uti
847 4340 950 4422 liquet
963 4341 1044 4404 inter
1056 4349 1184 4403 caetera
1197 4349 1239 4404 ex
1254 4339 1380 4423 legibus
1395 4337 1481 4416 tau,

189 261 251 342 184
541 285 958 358 emmeramensem,
980 291 1057 344 ear.
1079 275 1135 343 Π.
