3276 4984
213 387 273 454 60«
503 429 511 442 -
573 388 820 456 ursseaxmo'
838 409 1011 470 saeuiret,
1034 409 1110 454 cae.
1133 387 1158 452 I.

213 531 301 611 solet,
317 530 528 614 quandonam
542 533 595 597 vel
611 533 750 616 impleta,
767 533 819 596 vel
833 531 1177 612 defectaintelligatur.
1221 529 1308 594 Sane
1335 529 1364 592 si
1380 527 1413 590 ir·
1434 543 1510 557 ·“···

214 641 342 704 teritum
357 653 512 726 concepta
524 641 665 706 conditio
680 643 728 721 sit,
746 652 782 705 ut
796 642 884 705 hunc
897 661 1028 704 sensum
1043 639 1149 719 saciat,
1164 641 1190 702 si
1202 639 1393 722 parentibus

214 748 345 831 placuit,
360 752 482 834 proprie
498 771 563 816 non
589 763 637 814 est
662 751 809 830 conditio,
836 769 942 832 neque
967 751 1195 840 obligationem
1217 746 1393 831 suspendit

214 835 358 920 neralem
382 859 568 943 hujusmodi
593 858 805 922 formularum
829 870 990 937 naturam,
1016 877 1101 940 quae
1124 858 1176 922 vel
1201 859 1234 920 in
1260 859 1330 940 ipso
1360 877 1394 920 ar

214 973 314 1042 mant,
330 965 383 1027 vel
398 969 580 1050 impediunt
593 968 831 1051 obligationem,
847 978 941 1051 prout
957 968 1008 1030 vel
1034 989 1118 1045 vera,
1142 967 1195 1030 vel
1221 965 1304 1044 lblsa
1330 985 1395 1030 sun

214 1069 249 1134 in
261 1071 400 1138 formula
415 1078 647 1160 exprimuntur.
691 1075 735 1138 At
759 1075 786 1139 si
811 1077 845 1138 in
871 1075 1017 1140 futurum
1042 1077 1249 1159 concipiatur,
1276 1088 1307 1139 et
1330 1078 1392 1138 hur

158 1256 162 1264 ι
214 1193 289 1239 surn
319 1178 425 1244 saciat:
455 1184 483 1245 si
513 1185 697 1265 parentibus
727 1183 874 1265 placebit;
905 1185 1017 1266 quaeri
1046 1183 1126 1247 solet
1151 1185 1316 1266 imprimis,
1347 1201 1394 1248 nu

216 1279 311 1362 ficiat,
335 1297 481 1366 parentes
507 1307 572 1352 non
598 1289 823 1371 contradicere,
850 1291 885 1353 rit
911 1292 1074 1372 sponsalia
1099 1291 1236 1369 valeant,
1263 1309 1306 1353 an
1332 1309 1388 1370 req

215 1407 446 1475 praetereaeos
461 1421 611 1482 expresse
635 1403 829 1467 consentire?
872 1402 1035 1483 Sufficere,
1062 1413 1207 1484 parentes
1233 1423 1297 1466 non
1320 1423 1384 1466 cou

215 1522 249 1568 re
261 1505 464 1584 arbitror,uti
475 1510 642 1592 perspicue
653 1510 753 1590 liquet
761 1531 803 1572 ex
814 1521 1004 1592 argumento
1015 1511 1150 1574 canonis
1161 1510 1311 1574 14:0aus.
1327 1509 1381 1571 32.

215 1612 255 1692 2,
272 1613 641 1684 dummodoineoeum
667 1621 822 1684 Romanis
848 1621 1083 1683 Oorrectoribus
1107 1619 1254 1701 legamus
1279 1621 1346 1684 aeti
1374 1639 1384 1682 r

191 1805 194 1810 Ι
215 1733 248 1785 et
262 1725 443 1807 rejiciamus
458 1729 603 1792 Gratiani
618 1730 809 1812 scripturam
822 1729 925 1793 veluti
935 1729 1091 1808 vitiatam,
1101 1729 1154 1793 ibi:
1176 1751 1242 1794 non
1256 1749 1314 1794 rea
1328 1729 1381 1791 eri

216 1847 291 1892 sum
303 1833 418 1896 suadet
433 1835 503 1918 ipsa
517 1853 709 1917 sponsorum
723 1837 883 1918 voluntas,
898 1838 954 1919 qui
970 1838 1003 1900 in
1018 1857 1058 1900 ea
1078 1836 1259 1921 adjicienda
1272 1837 1382 1899 condit

217 1933 262 1998 hil
279 1935 369 1999 aliud
384 1940 564 2022 voluerunt,
581 1963 681 2024 quam
695 1943 800 2008 officio
825 1965 884 2008 suo
898 1965 975 2028 erga
989 1955 1135 2027 parentes
1150 1965 1214 2009 non
1231 1945 1356 2025 deesse,
1373 1965 1377 1974 ’

216 2047 453 2130 nequidquam,
469 2051 556 2132 quod
571 2065 655 2116 esset
669 2066 779 2118 contra
794 2055 921 2120 illorum
935 2055 1157 2120 voluntatem„
1188 2057 1293 2120 Immo
1314 2056 1374 2140 etir¹

216 2153 328 2221 haberi
343 2177 399 2240 pro
414 2160 546 2244 impleta
559 2161 708 2225 eamdem
733 2163 958 2242 conditionem,
975 2164 1001 2226 si
1017 2175 1172 2244 parentes,
1195 2159 1374 2246 arrtequam]

217 2262 298 2330 lium
315 2269 462 2332 notitiam
476 2270 673 2350 habuissent,
690 2271 757 2334 vita
767 2271 870 2336 functi
895 2281 1151 2354 proponerentur.
1195 2270 1289 2340 Quid
1312 2261 1375 2330 eni?

217 2378 329 2442 obesse
357 2389 458 2461 potest
483 2379 687 2462 sponsalibus
712 2380 783 2461 illis,
810 2399 894 2464 quae
918 2381 1028 2464 sponsi
1050 2379 1111 2463 ipsi
1127 2377 1274 2444 nondum
1297 2377 1375 2440 ideo

217 2486 439 2570 probaverant,
455 2489 532 2568 quia
547 2487 746 2566 verebantur,
773 2507 814 2551 ne
836 2487 1020 2570 parentibus
1035 2505 1100 2550 nou
1114 2481 1343 2569 probarentur?
1374 2493 1378 2580 '3

217 2595 410 2658 contrariam
426 2594 546 2658 adferri
567 2595 672 2676 legem
695 2597 766 2658 101.
790 2596 888 2678 princ.
912 2595 944 2660 ffi
966 2595 1006 2660 de
1027 2594 1199 2660 condition.
1213 2607 1246 2657 et
1259 2595 1379 2676 demo-j

217 2703 351 2766 observo
367 2704 486 2767 ibidem
501 2705 699 2788 singularem
714 2707 861 2789 speciem,
877 2727 944 2788 qua
966 2709 1111 2790 inspecta
1135 2691 1383 2800 necessarium}

218 2812 385 2874 verianam
401 2812 571 2876 Proculam
587 2811 763 2895 designatis
778 2819 898 2896 apatre
914 2815 1033 2897 nuptiis
1046 2813 1219 2891 consistere
1230 2827 1388 2906 express,

218 2939 263 3002 se,
281 2920 329 2982 vel
345 2939 494 3004 expresse
509 2921 685 3001 dissentire,
702 2943 743 2986 ex
759 2943 796 2986 eo
808 2923 901 3004 qnod·
911 2923 1195 2988 fideicommissum
1212 2923 1316 3004 gratia
1336 2903 1397 3006 ee',

219 3033 406 3114 nuptiarum
433 3032 578 3096 relictum
600 3031 711 3112 fuerat,
736 3049 926 3113 mortuaque
951 3044 1035 3096 esset
1060 3031 1177 3113 puella,
1200 3001 1387 3128 autequarpl

220 3155 291 3207 tens
306 3155 397 3223 esset,
415 3144 609 3226 proindeque
624 3163 689 3226 quo
714 3155 854 3225 tempore
869 3163 934 3207 nou
960 3143 1065 3206 solum
1079 3161 1139 3205 uec
1155 3133 1381 3230 dissenserant

220 3265 371 3334 senserat,
399 3255 456 3316 sed
480 3275 540 3318 nec
564 3254 731 3318 dissentire
752 3263 882 3336 poterat,
909 3271 969 3314 nec
991 3253 1179 3314 consentire.
1223 3253 1297 3316 Scio
1320 3231 1380 3384 ἰῐξ

221 3381 256 3424 se
270 3374 391 3427 certam
406 3365 559 3446 regulam,
575 3383 642 3445 qua
657 3363 798 3442 traditur,
815 3362 1014 3426 conditiones
1037 3381 1107 3425 esse
1122 3364 1154 3425 iu
1179 3363 1282 3426 forma
1296 3377 1357 3446 spe

222 3467 367 3551 pleudas,
392 3481 581 3552 argumento
607 3472 626 3534 l.
652 3471 703 3534 44.
730 3470 762 3534 ff.
786 3469 827 3534 de
852 3471 1023 3536 condition.
1050 3483 1082 3535 et
1102 3473 1308 3536 demonstrat.
1337 3467 1357 3503 ¹

221 3581 333 3664 regula
349 3581 456 3644 locum
471 3583 575 3662 habet,
603 3581 747 3670 quandev
760 3583 833 3663 quis
859 3582 892 3644 in
918 3581 1100 3645 conditione
1121 3581 1278 3664 expressit
1292 3595 1351 3644 cat

223 3692 402 3756 voluntatis
417 3711 483 3754 non
506 3703 614 3755 tamen
644 3689 776 3773 quando
798 3690 871 3772 quis
897 3687 1115 3752 conditionem
1136 3687 1293 3770 adposuit,
1310 3701 1352 3748 u·-

222 3797 471 3862 commodiorem
496 3811 622 3881 pararet
636 3798 679 3860 ad
702 3798 967 3880 consequendum
993 3797 1101 3877 finem,
1125 3815 1224 3878 quem
1246 3797 1351 3878 peries

224 3908 383 3986 tendebat,
407 3921 596 3990 argumento
622 3907 641 3970 l.
673 3909 721 3971 15.
752 3906 784 3970 ff.
815 3905 957 3989 quamdo
986 3904 1056 3967 dies
1082 3903 1268 3985 legatorum.
1314 3897 1347 3964 P

222 4022 329 4104 specie
343 4022 512 4104 proposita,
525 4031 694 4102 parentatu
706 4038 883 4084 consensus
896 4019 929 4083 in
940 4015 1121 4081 conditione
1134 4015 1258 4098 adjectu
1270 4031 1345 4076 non

222 4135 320 4216 cipue
331 4129 542 4194 contrahendi
557 4129 697 4214 conjugii
722 4149 832 4193 causa:
859 4127 965 4211 potius
991 4125 1032 4190 de
1056 4145 1094 4189 eo
1109 4137 1220 4188 actum
1234 4135 1291 4203 est,
1306 4127 1350 4188 ut

223 4237 698 4304 matrimoniumcelebraretur.
742 4239 851 4302 Altera
876 4235 1063 4319 proponitur
1086 4236 1241 4316 quaesito,
1265 4231 1352 4315 quic'

138 4399 140 4402 .
224 4349 252 4412 si
266 4347 407 4430 parentis
422 4347 531 4412 statim
546 4347 678 4430 quidem
692 4346 804 4411 habite
819 4343 1020 4427 sponsalium
1033 4343 1146 4406 notitia
1158 4343 1355 4408 contradica

224 4473 300 4520 vero
315 4457 485 4522 maturiore
498 4457 610 4524 habita
625 4455 851 4522 deliberatione
865 4451 1100 4522 consenserint
1142 4449 1217 4518 Non
1239 4464 1328 4536 puto,
