3146 4980
367 409 414 456 ns
427 409 593 456 contueri
612 409 701 454 stra
717 407 925 456 secessuri
943 409 1175 454 ersacrreus.
1353 385 1416 471 307Ι

129 533 228 600 eadem
242 533 376 618 epistola
388 546 577 618 persecutus
592 543 649 613 est,
666 531 771 598 verbis
785 551 864 596 sane
879 533 922 597 ad
937 529 1138 611 modestiam,
1160 529 1415 614 gravitatemque

125 648 301 730 compositis,
316 647 360 712 ed
375 667 460 730 quae
477 649 701 731 unusquisque
716 647 889 730 confugero
904 647 1072 712 commode
1088 648 1209 730 poterit,
1236 647 1291 710 ubi
1307 647 1339 710 in
1356 646 1416 710 lnt-

121 755 166 836 jus
178 755 297 836 generis
323 757 566 836 quaestiouibus
581 765 771 820 versaretur.
814 755 867 822 Ad
882 731 966 820 dues
987 757 1153 840 generales
1177 757 1415 839 praeceptiones

126 859 256 926 rcsheec
280 863 432 926 universa
457 863 628 946 redimitum
655 884 796 946 quarum
822 865 925 948 prime
950 875 1007 943 est,
1035 875 1069 927 ut
1093 864 1235 943 honeste,
1256 863 1364 942 altera,
1381 873 1417 924 ut

125 981 322 1054 temperanter
337 973 489 1056 conjuges
505 971 709 1036 matrimonio
727 983 866 1036 utentur.
903 973 1047 1038 Honeste
1063 973 1229 1056 imprimis,
1245 989 1311 1056 quo
1325 991 1414 1054 spec

124 1088 168 1158 tat,
183 1091 215 1144 ut
229 1080 377 1144 noverint
393 1081 462 1164 ipsi,
489 1099 524 1142 se
539 1081 608 1144 sine
623 1081 721 1162 culpe
736 1059 802 1144 elio
815 1093 960 1165 spectare
986 1103 1051 1148 non
1068 1079 1169 1166 posse,
1185 1101 1287 1164 quam
1301 1081 1342 1146 ad
1359 1081 1413 1144 bu·

123 1205 193 1252 uum
207 1189 388 1254 nasciturae
412 1189 518 1274 prolis,
544 1192 639 1274 cujus
654 1189 682 1254 si
709 1190 860 1254 voltmtas
887 1190 977 1272 desit,
1004 1198 1134 1256 nemos
1151 1191 1267 1256 delicto
1281 1191 1422 1284 penitus·

124 1294 264 1362 immunis
290 1295 462 1362 habendus
488 1310 545 1382 est;
573 1297 690 1364 deindo
719 1307 939 1384 temperanter,
964 1317 1030 1382 quo
1055 1309 1187 1382 spectat,
1214 1307 1250 1362 ut
1270 1297 1416 1362 noverint

123 1401 219 1512 iidem,
233 1416 322 1470 certe
337 1425 407 1470 esse
421 1417 573 1490 tempore,
588 1407 707 1489 quibus
722 1407 765 1470 ab
780 1427 843 1472 usu
858 1409 999 1492 conjugii
1014 1407 1055 1471 sit
1070 1406 1309 1472 abstinendum.
1339 1404 1416 1470 Non

122 1532 185 1578 mea
188 1491 278 1579 haec
293 1527 349 1598 est,
376 1515 433 1579 sed
449 1515 545 1580 Pauli
568 1515 722 1599 Apostoli,
750 1515 1008 1598 sanctorumque
1032 1515 1166 1582 Petrum
1188 1515 1415 1600 Apostolorum

124 1626 277 1689 communi
302 1625 514 1688 consensione
529 1625 735 1708 sequentium
759 1609 940 1706 doctrina,
933 1643 967 1686 in
982 1625 1075 1706 cujus
1088 1632 1262 1706 conspectu
1284 1621 1340 1704 qui
1356 1633 1405 1684 tra

124 1730 259 1812 diderint,
275 1733 447 1798 consilium
462 1733 496 1796 in
511 1731 575 1796 lrac
591 1751 623 1796 re
637 1733 753 1818 potius,
779 1753 879 1816 quam
895 1745 1101 1818 praeceptum
1118 1733 1237 1796 versari
1252 1731 1312 1814 ipsi
1328 1730 1415 1796 vidc-

122 1840 185 1920 rint;
200 1861 258 1924 ego
281 1841 370 1908 enirn
385 1840 562 1925 plurimum
587 1861 708 1924 vereor,
734 1862 774 1906 ne
790 1842 869 1908 sorte
886 1845 1024 1909 nimium
1037 1843 1229 1926 conjugibus
1246 1839 1414 1907 blandien-

123 1957 175 2014 tur.
215 1949 291 2014 Nou
306 1950 453 2014 omittam
465 1949 628 2034 quasdem
643 1953 838 2016 Sanctorum
853 1952 995 2016 virorum
1020 1951 1196 2016 sententias
1210 1949 1282 2015 heic
1297 1949 1414 2014 descri·
1445 1931 1447 1936 ¹

122 2057 195 2138 bere,
209 2079 250 2122 ex
265 2059 383 2142 quibus
399 2059 478 2144 quid
492 2059 716 2145 judicandum
731 2039 780 2144 sit,
806 2061 989 2126 studiosum
1004 2061 1154 2126 lectorem
1169 2063 1301 2126 omnino
1316 2059 1414 2127 latere

121 2183 179 2232 non
193 2168 299 2250 possit.
343 2169 400 2232 Ait
424 2169 599 2252 Apostolus
614 2169 647 2234 in
663 2190 713 2254 ep.
740 2171 768 2234 1.
784 2169 826 2236 ad
843 2171 914 2236 Gor.
940 2191 1010 2256 cap.
1026 2173 1065 2252 7.,
1092 2171 1253 2236 allocutus
1269 2174 1423 2252 uxorem,

121 2277 272 2342 etrirum:
289 2277 398 2343 Nolite
412 2281 584 2364 fraudare
610 2281 758 2360 invicem,
785 2281 952 2367 nisisorte
975 2304 1015 2348 ea
1029 2304 1188 2350 cortseusu
1214 2284 1260 2348 ad
1273 2291 1413 2368 tempus,

121 2387 154 2444 ut
166 2386 286 2448 vacetis
299 2388 459 2470 oratioui;
485 2400 521 2451 ut
536 2387 663 2469 indicet,
679 2389 819 2474 conjugii
846 2407 944 2454 usum
959 2391 1122 2474 impedire,
1138 2410 1179 2456 ne
1194 2393 1324 2458 animus
1340 2393 1416 2459 libe·

121 2516 150 2560 re
163 2497 193 2558 in
207 2497 325 2578 Deum,
342 2509 374 2561 et
398 2519 448 2564 res
463 2499 593 2564 divinas
617 2501 774 2584 intendat,
799 2501 887 2586 qnod
902 2513 1012 2570 antem
1038 2505 1116 2571 dicit
1141 2527 1361 2588 ercomenon,
1377 2527 1416 2570 eo

121 2604 249 2688 refertur,
265 2615 302 2672 ut
318 2615 388 2672 tum
409 2627 588 2674 consensus
615 2610 783 2692 utriusque
799 2613 945 2695 coniugis
962 2593 1149 2693 requiratur,
1169 2631 1271 2694 quum
1286 2632 1328 2676 ex
1343 2632 1417 2676 con·

122 2735 208 2784 sensu
225 2705 354 2804 tempu's
380 2719 421 2784 sit
435 2719 631 2804 eligendum,
658 2741 723 2804 quo
739 2721 871 2792 liberius
897 2723 1030 2788 orationi
1058 2733 1198 2788 vacetur.
1243 2723 1416 2790 Caeterum

122 2826 171 2890 ubi
183 2837 326 2912 tempore
340 2827 422 2914 haec
436 2829 495 2892 abs
505 2829 577 2916 jure
589 2831 779 2914 praestituta
793 2841 878 2912 sunt,
893 2829 1011 2894 frustra
1025 2851 1203 2896 consensus
1218 2833 1416 2916 privatorum

122 2939 298 3022 exquiritur.
343 2937 394 3002 lta
408 2949 551 3002 mentem
576 2937 669 3004 Pauli
687 2939 884 3022 interpretati
909 2939 1045 3005 fuorunt
1061 2939 1227 3004 Ecclesiae
1248 2939 1369 3019 Patres,
1384 2951 1417 3004 et

121 3039 284 3108 Pontifices
299 3043 445 3108 Maximi
476 3045 685 3132 Innocentius
700 3047 726 3110 t.
742 3047 775 3110 in
791 3066 862 3110 can.
878 3047 908 3112 2·
926 3045 999 3110 dist
1015 3047 1066 3110 82.
1082 3047 1128 3110 ite
1143 3045 1235 3110 docet
1249 3047 1331 3121 inter
1345 3065 1416 3110 cee-

123 3159 191 3216 tere:
205 3151 247 3216 B.
264 3153 400 3220 Paulus
425 3153 603 3239 Apostolus
619 3155 665 3220 act
683 3153 874 3220 Corinthios
888 3155 1010 3236 scribit,
1038 3157 1162 3222 diceus:
1179 3155 1345 3222 Abstiuete
1359 3176 1416 3220 vos

122 3262 163 3326 ed
174 3273 310 3352 ternpus,
337 3273 375 3330 ut
389 3265 511 3330 vocetis
526 3265 676 3346 orationi,
693 3271 722 3330 et
737 3265 924 3352 locutique
944 3267 1041 3332 laicis
1052 3267 1228 3352 praecipit.
1272 3265 1416 3328 Exhibe-

122 3381 167 3436 tur
180 3373 211 3438 iu
226 3393 298 3440 cen.
326 3375 354 3437 1.
370 3393 458 3440 caus.
474 3373 525 3438 33.
549 3395 580 3457 q.
597 3373 627 3438 4.
644 3373 760 3438 similis
786 3371 978 3458 Hieronymi
993 3375 1152 3440 sententia
1171 3373 1359 3458 deprompta
1373 3393 1416 3438 ex

120 3482 254 3564 quodam
268 3501 415 3548 sermone
440 3481 481 3546 de
495 3502 554 3548 esu
568 3483 666 3568 Agui,
680 3484 774 3566 cujus
789 3483 870 3546 haec
886 3483 983 3546 verba
997 3493 1082 3547 sunt:
1117 3481 1160 3546 Ut
1174 3490 1285 3546 autem
1299 3481 1416 3545 sciatis

113 3597 235 3678 fratres
249 3595 448 3682 charissimi,
475 3597 633 3681 quoniam
656 3595 851 3680 quicumque
873 3596 970 3660 riseri
984 3595 1130 3660 deditum
1154 3593 1271 3672 reddit,
1297 3611 1416 3660 vocure

120 3723 179 3769 nou
188 3715 299 3790 potest·
310 3705 461 3785 orationi,
485 3727 543 3770 uec
557 3705 597 3768 tle
612 3703 768 3768 carnibus
783 3703 877 3786 rigui
892 3703 1097 3782 commedere,
1128 3702 1242 3788 Mopsi
1253 3702 1420 3788 praecipi-

121 3818 179 3896 tur,
193 3823 230 3878 ut
240 3814 398 3900 populus,
426 3815 484 3899 qui
499 3811 722 3878 adscensurus
737 3819 809 3878 erat
823 3811 869 3876 ud
884 3811 1032 3876 Mentem
1051 3811 1144 3894 Oreb,
1172 3821 1248 3878 ante
1264 3822 1330 3878 tres
1346 3812 1416 3875 dies

118 3919 313 4006 purificetur,
329 3929 360 3984 et
374 3919 493 3986 David
506 3941 582 3986 cum
596 3922 737 3986 uenisset
751 3922 797 3986 ad
812 3921 973 3988 Alimelec
989 3920 1203 4004 Smerdotm,
1229 3925 1413 4010 iuterroga-

122 4034 178 4110 tus,
192 4031 222 4094 si
234 4029 356 4094 muudi
366 4037 473 4094 esseut
483 4031 592 4116 pueri,
606 4031 786 4114 respoudit,
799 4029 1001 4115 purificatus
1016 4049 1084 4094 esse
1098 4031 1138 4094 ab
1149 4031 1228 4110 lteri,
1244 4039 1275 4094 et
1289 4027 1415 4093 rzrrdius

124 4140 240 4210 tertiare.
283 4137 326 4204 Si
340 4145 452 4202 autem
462 4158 571 4224 partes
582 4140 821 4225 propositionis
835 4159 901 4202 uou
913 4143 1065 4222 poteraut
1081 4137 1120 4200 ub
1135 4137 1197 4214 liis,
1221 4137 1279 4220 qui
1295 4156 1415 4198 risores

124 4233 395 4336 suos'tetigeraut,
421 4248 552 4328 coruedi,
579 4256 702 4334 querito
717 4249 832 4330 magis
843 4247 947 4331 penis
962 4247 1025 4326 itte,
1050 4245 1160 4330 quide
1179 4243 1272 4310 Coelo
1288 4245 1415 4310 dercen-

125 4356 175 4437 dtr,
189 4382 250 4426 uon
260 4369 369 4448 potest
383 4361 424 4426 ab
437 4361 500 4442 leis,
516 4361 574 4448 qui
588 4358 821 4444 conjugatum
832 4359 937 4443 paulo
949 4367 1025 4422 oute
1039 4357 1171 4422 ltaesere
1183 4357 1413 4442 acceptoribus,

125 4467 240 4552 nutari,
266 4479 365 4558 atque
379 4469 548 4554 contirrgri?
592 4467 667 4536 Non
681 4467 770 4554 quid
794 4469 933 4566 nuptips
957 4465 1221 4544 carduenorum
1244 4464 1301 4530 ltoc
1325 4463 1414 4564 enim

355 4687 373 4716 l
