3120 4980
267 423 271 432 ·
305 395 1160 460 turdesertarentur-,arciaarscsreurrrcrs.
1341 379 1386 446 95

28 597 29 602 ἵ
105 521 290 588 mitisiuerat
313 541 354 586 ea
368 528 507 606 poenae
533 521 747 584 Constantino
772 519 902 598 indicta,
928 519 1098 604 sirequod
1120 521 1193 604 pius
1208 521 1386 606 Imperator

105 633 151 696 virt
162 632 305 698 absoluta
319 632 465 698 Nicaeae
481 629 627 697 concine
640 627 735 692 facile
750 629 898 710 sperabat
912 625 1068 708 futurum,
1093 639 1174 694 utet
1189 629 1384 695 Asianorum

102 733 236 816 hecar,
248 749 281 802 et
295 737 541 802 Meletianorum
557 737 699 799 schisma
714 735 862 814 interiret,
879 737 947 798 sive
962 736 1050 818 qued
1065 737 1097 801 in
1114 758 1234 821 magna
1250 741 1385 804 Ariana

100 867 171 926 arar,
182 847 474 914 etMeletianorum
496 847 704 914 multitudine
719 847 825 912 lenius
839 847 1004 930 agendum
1020 849 1188 929 videretur,
1212 853 1281 915 sive
1295 853 1383 934 quod

96 978 153 1024 aaa
167 961 324 1027 rideretur
337 973 554 1044 opportunum
569 979 608 1022 ea
623 970 736 1038 aetate,
753 978 818 1040 qua
835 960 975 1041 primurn
1001 961 1149 1026 Ecclesia
1164 983 1243 1046 pace
1258 963 1321 1028 frui
1337 967 1383 1031 vi·

97 1087 126 1134 ta
139 1080 190 1148 est,
204 1070 357 1134 intestina
371 1074 547 1132 certamina
564 1067 630 1130 fieri
647 1069 729 1132 inter
743 1065 937 1146 Catholicos,
962 1079 994 1130 et
1009 1067 1185 1132 haereticos
1201 1069 1232 1132 in
1250 1069 1382 1148 Brevin-

95 1179 143 1240 eiis
157 1177 347 1245 Christianis
368 1178 578 1252 intermixtos,
594 1176 713 1258 quibus
730 1193 905 1258 poenarum
920 1175 1072 1256 gravitas,
1100 1187 1157 1240 aut
1172 1189 1277 1240 metus
1292 1198 1381 1242 occa·

93 1283 203 1348 amnem
228 1284 402 1368 praeberet.
446 1283 654 1347 Successores
674 1283 888 1363 Imperatores
903 1281 1065 1364 graviores
1092 1282 1291 1348 induxerunt
1312 1285 1383 1366 poe·

92 1407 150 1470 nee,
165 1411 229 1460 nott
255 1391 388 1474 quidem
403 1409 528 1472 semper
552 1390 730 1472 generatim
744 1390 779 1454 in
804 1390 983 1453 haereticos
999 1391 1176 1468 universos,
1202 1387 1259 1452 sed
1275 1403 1331 1454 aut
1346 1391 1380 1456 in

89 1505 157 1582 illos,
173 1505 229 1588 qui
245 1503 326 1568 olim
346 1503 492 1566 damnati
508 1502 669 1566 renovatis
684 1501 810 1564 disidiis
825 1503 935 1564 turbas
950 1503 1076 1578 cierent,
1100 1513 1157 1562 aut
1173 1501 1206 1564 in
1221 1501 1300 1582 illos,
1324 1506 1381 1587 qui

89 1613 242 1696 publicam
257 1631 371 1696 pacem
395 1628 528 1692 qttoqrro
544 1609 639 1672 niodo
655 1609 826 1689 turbarent,
854 1621 885 1672 et
901 1629 956 1692 pro
972 1610 1067 1672 modo
1089 1612 1188 1674 irritae
1204 1611 1378 1678 seditionis.

88 1719 171 1802 Hinc,
187 1739 266 1786 curn
282 1719 477 1786 Arianorum
499 1737 616 1784 nomen
632 1719 819 1808 probrosum
834 1739 905 1782 esse
920 1722 1077 1802 coepisset
1094 1721 1156 1784 sub
1171 1719 1270 1784 finem
1285 1743 1379 1804 quar·

85 1829 106 1892 tt
128 1829 254 1908 saeculi,
281 1839 314 1892 et
338 1827 452 1890 Ariani
478 1845 563 1889 novo
588 1836 754 1908 assumpto
781 1825 1064 1890 Eunomiauorum
1090 1831 1220 1892 nomine
1239 1843 1379 1900 retorem

84 1937 232 2004 haereeim
248 1947 423 2015 tuerentur,
449 1934 658 2000 Theodosius
676 1935 821 2017 Magnus
847 1937 880 1996 iu
897 1934 916 1996 l.
932 1935 961 1998 8.
977 1933 1046 1996 cod.
1063 1935 1226 1998 Tlreodos.
1248 1936 1288 1997 de
1304 1937 1380 2000 hae-

82 2057 130 2110 ret
145 2047 222 2112 anni
237 2047 313 2110 381.
327 2045 446 2123 sanxit,
474 2056 509 2108 ut
523 2044 642 2124 Ariani,
660 2043 869 2122 Eunorniani,
885 2057 942 2108 aut
957 2045 1105 2108 Aeetiani
1128 2045 1321 2110 abstinerent
1337 2047 1380 2111 ab

84 2151 229 2220 llmlesiis
255 2152 478 2234 aedificandis,
502 2151 612 2232 fondo,
629 2154 683 2216 ubi
700 2153 848 2216 Ecclesia
862 2153 1033 2218 aedificata
1048 2153 1170 2230 suisset,
1194 2155 1273 2218 fisco
1289 2157 1379 2222 Prin-

79 2266 152 2350 cipis
166 2264 360 2330 addicendo.
399 2263 493 2328 Initio
508 2275 617 2330 autem
633 2266 778 2348 ejusdem
793 2267 872 2330 anui
888 2281 1043 2331 statuerat
1058 2268 1143 2334 idem
1159 2271 1379 2354 Theodosius,

76 2387 110 2440 ut
126 2378 244 2460 ubique
260 2377 407 2441 Nicaeae
429 2375 510 2440 fides
525 2375 745 2454 sustineretur,
761 2379 891 2442 Arianis
905 2381 1174 2464 quibuscumque,
1203 2385 1376 2449 Eunomia·

76 2483 129 2560 ttis,
144 2503 183 2546 ec
199 2482 407 2548 photinianis
429 2501 469 2544 ea
484 2483 554 2566 lege
570 2486 729 2566 imposita,
745 2497 780 2548 ut
794 2488 821 2548 si
839 2489 921 2552 intra
935 2489 1053 2570 oppida
1076 2491 1224 2558 haeretici
1241 2494 1286 2557 illi
1303 2517 1376 2562 con-

74 2593 275 2671 gregationes
299 2589 459 2668 iecissent,
475 2592 518 2654 ab
532 2595 610 2676 ipsis
634 2595 732 2658 etiam
750 2595 876 2660 urbium
903 2601 1070 2662 moenibus
1093 2601 1338 2684 expellerentur,
1354 2607 1374 2670 1.

73 2699 100 2760 t.
113 2699 182 2762 cod.
199 2699 369 2764 Theodos.
385 2698 425 2764 da
440 2700 559 2764 haeret.
596 2703 748 2786 Amplius
763 2705 843 2768 itum
859 2717 907 2768 est
924 2708 956 2770 in
972 2708 992 2770 l.
1011 2711 1057 2774 16.
1074 2711 1144 2773 eod.
1162 2713 1288 2776 'llreod
1304 2718 1374 2780 eod.

72 2809 112 2872 tit.
129 2813 209 2874 anni
225 2811 311 2890 389,
326 2830 393 2892 qna
407 2825 549 2890 cautum,
568 2824 603 2878 ut
617 2815 816 2880 Eunomiani
831 2837 894 2882 non
909 2831 1136 2886 testamcutum
1152 2827 1289 2888 condere
1304 2849 1373 2910 pos-

70 2935 142 3000 sent,
159 2941 229 2988 non
256 2943 299 2988 ex
315 2924 421 2988 alieno
436 2936 626 2986 testamento
651 2945 771 3008 capere,
799 2941 831 2990 et
853 2935 972 3009 omnia,
996 2953 1080 3017 quae
1107 2936 1234 3000 illorum
1257 2953 1372 3018 essent,

69 3043 120 3094 eut
135 3033 249 3098 futura
266 3041 476 3114 sperarentur,
502 3031 600 3096 veluti
618 3035 744 3104 caduca
766 3037 845 3099 fisco
861 3039 1110 3106 vindicarentur:
1134 3045 1180 3106 sic
1194 3046 1281 3106 enirn
1299 3045 1373 3127 glis-

67 3153 139 3200 cens
165 3139 301 3202 iil-dies
328 3139 523 3204 Ariarrcrum
549 3142 683 3222 pertidia
710 3148 922 3212 coercebatur.
966 3151 1075 3216 Refert
1092 3166 1199 3218 tamen
1226 3157 1376 3220 Sozousa-

65 3261 123 3310 true
140 3249 211 3312 libr.
229 3251 260 3312 7.
277 3267 347 3330 cap.
365 3251 422 3327 ta,
449 3250 673 3314 'l'lreotlosiurrr
690 3255 848 3336 Magnum
865 3259 907 3320 ad
923 3271 1072 3324 terrorem
1087 3267 1193 3346 potius
1216 3266 1372 3332 incutien-

63 3351 138 3416 dnm
155 3355 247 3418 hane
261 3353 365 3436 legem
379 3356 537 3420 adversus
554 3359 775 3426 ldruronrianos
790 3365 936 3446 edidisse,
953 3389 1053 3450 quarn
1069 3375 1109 3436 ad
1123 3391 1195 3438 earn
1211 3397 1373 3458 exequen-

62 3455 144 3522 dam.
193 3461 284 3524 Eam
300 3462 341 3524 ob
366 3482 433 3524 rem
460 3464 563 3547 legem
587 3470 737 3534 eamdem
765 3474 840 3536 inde
867 3481 1029 3542 revocavit
1045 3501 1131 3545 anno
1146 3487 1226 3564 395,
1257 3487 1372 3551 tradita

61 3565 285 3634 Euttotaianis
308 3568 464 3636 facultate
479 3593 537 3652 seu
561 3589 754 3643 restaurante
780 3586 950 3666 condendi,
978 3609 1034 3652 seu
1052 3595 1200 3674 capiendi
1220 3617 1261 3660 cx
1279 3611 1371 3662 testa·

60 3687 177 3746 mento,
194 3677 216 3738 l.
233 3676 286 3738 23.
312 3678 382 3740 cod.
398 3679 561 3777 Theodos.
577 3684 646 3746 eod.
665 3688 709 3748 tit.
752 3689 849 3754 Anno
865 3711 1019 3776 sequente
1036 3702 1194 3764 Arcadius
1216 3717 1247 3768 et
1264 3707 1370 3770 Hono·

57 3779 121 3840 rius
137 3781 302 3862 abrogata
325 3797 459 3864 paterna
475 3788 650 3856 'l'neodosr'i
678 3796 748 3878 lege
764 3801 879 3864 iterum
899 3804 1121 3873 liunmnienoe
1143 3804 1370 3881 atestamento

56 3891 243 3967 condendo,
270 3903 303 3954 et
324 3901 345 3956 a
370 3898 527 3978 capiendo
552 3921 594 3964 ex
621 3911 819 3970 restaurantis
843 3911 958 3974 alianis
981 3919 1165 3998 rejecerunt,
1195 3922 1213 3982 l.
1230 3923 1367 3988 aaron.

55 3995 183 4062 Theod.
201 4001 276 4062 eod.
304 4003 359 4080 rit,
374 4004 431 4066 sed
449 4007 588 4072 necdum
614 4027 752 4092 quatuor
766 4023 932 4086 mensibus
954 4025 1073 4108 elapsis
1088 4031 1202 4096 iterum
1229 4033 1368 4100 facultas

55 4101 113 4170 iuit
128 4121 161 4170 et
178 4111 334 4186 testandi,
349 4125 381 4174 et
395 4133 436 4176 err
452 4115 558 4180 alieno
574 4129 765 4188 testamento
779 4133 937 4211 capiendi,
955 4134 972 4195 l.
988 4135 1039 4198 ⁶27.
1055 4137 1125 4198 cod.
1150 4139 1219 4200 eod.
1237 4142 1282 4204 tit.
1300 4141 1364 4205 lata

53 4217 235 4282 rn110395.
263 4231 378 4282 octavo
395 4224 529 4290 Oalcnd.
545 4227 634 4294 Julii.
681 4234 765 4298 Hine
780 4240 969 4306 audaciores
991 4245 1065 4309 lacti
1084 4248 1280 4316 Eunomiani
1304 4267 1365 4320 tur·

51 4317 117 4402 ᾖδε,
134 4325 383 4413 se<llll⁰¹¹tl⁸tltte
398 4335 580 4418 movebant,
609 4341 695 4434 untia
712 4347 810 4412 iidem
825 4351 1036 4435 Imperatores
1052 4379 1139 4423 anuo
1154 4362 1224 4426 396.
1242 4370 1368 4433 sancire

48 4431 124 4498 tour
139 4435 272 4520 publici
287 4457 388 4504 causa
402 4442 591 4532 debuerunt,
619 4465 654 4516 ut
669 4453 951 4534 Eunomianorum
966 4478 1120 4552 auctores,
1147 4473 1364 4562 doctoresque,
