3216 4988
99 427 141 472 mr
156 421 254 470 (ΜΕ.
271 417 417 466 cotem
431 413 604 462 centetum
620 413 696 461 sim
712 399 920 458 MNDA'PUM
942 407 1270 456 DELlNQUEN'PlBUS.
1329 383 1392 448 227

135 542 193 609 His
207 541 328 625 positis,
352 535 593 608 observandum
607 547 665 616 est,
691 533 831 618 duplicis
845 531 973 616 generis
988 530 1088 598 fuisse
1116 547 1269 594 numeros
1284 527 1318 590 iu
1334 524 1393 590 sor·
1439 586 1442 594 .

96 652 188 714 metis
211 649 364 734 epistolis,
389 647 446 732 qui
472 648 506 712 in
531 643 808 728 computationem
829 641 1024 706 veniebant
1056 640 1120 706 Alii
1136 651 1225 704 erarrt
1248 637 1393 702 formatis

94 759 242 836 omnibus
256 775 455 838 communem
483 755 538 820 elii
555 754 730 836 unlctuque
753 751 908 816 formatae
924 739 1114 834 singulares,
1135 751 1312 832 exquibus
1328 768 1396 813 una

95 866 136 930 ab
148 865 249 930 altere
273 864 533 948 distingueretur.
576 853 777 954 Communes
791 871 883 922 eraut
900 860 1007 924 literae
1023 859 1161 924 initiales
1184 859 1294 938 Petris,
1310 858 1396 936 Filii,

95 987 125 1038 et
138 975 172 1040 S.
186 975 339 1058 Spiritus,
362 992 448 1056 quae
461 982 554 1036 eraut
568 983 656 1053 uun,
682 969 890 1056 redduntque
912 985 1064 1032 numeros
1079 967 1129 1032 80.
1145 966 1216 1030 400.
1236 968 1263 1028 l.
1290 963 1398 1028 Adde-

96 1079 254 1163 baturbis
280 1080 383 1144 littere
408 1080 541 1146 initialis
566 1079 712 1162 Apostoli
738 1079 823 1142 Petri
838 1089 873 1156 11,
889 1075 1027 1141 reddens
1043 1075 1293 1158 urtmerum80.;
1321 1075 1399 1138 iteur

92 1187 303 1272 adjiciebatur
316 1189 459 1268 AMHN,
484 1189 590 1270 idest,
605 1207 711 1270 dunen,
726 1187 814 1272 quod
829 1187 983 1252 reddebat
1002 1203 1153 1250 numeros
1169 1187 1208 1248 iis
1224 1185 1321 1248 literis
1337 1203 1399 1248 res

93 1297 276 1382 pendentes
301 1299 330 1362 l.
345 1297 395 1362 40.
410 1298 440 1362 8.
457 1299 508 1362 50.
551 1297 643 1364 Haec
657 1297 798 1362 invicem
820 1307 1008 1378 computate
1022 1293 1200 1358 conficiunt
1227 1309 1399 1356 numerum

92 1407 168 1474 eut).
192 1405 484 1474 Erectetnurneri
509 1405 691 1490 singulares
716 1405 925 1488 depromendi
950 1423 993 1470 er
1012 1403 1110 1468 literis
1136 1403 1276 1486 primum
1302 1401 1399 1480 iilius,

21 1581 41 1598 ..
92 1514 148 1596 qui
166 1514 324 1594 scriberet,
349 1513 469 1578 deinde
490 1513 587 1594 illius,
613 1514 657 1580 ed
682 1533 783 1598 quem
808 1514 1004 1594 scriberetur,
1031 1514 1122 1577 tertio
1137 1511 1234 1592 illius,
1259 1531 1401 1596 proquo

93 1623 295 1704 scriberetur,
320 1624 553 1716 quartourbrs
574 1630 676 1707 equa
691 1623 890 1703 scriberetur,
906 1635 1065 1708 postremo
1087 1615 1275 1688 nectebatur
1290 1643 1402 1690 ntrme·

93 1750 147 1796 rus
173 1731 369 1800 indictionis.
413 1731 515 1812 Illius,
540 1734 599 1816 qui
624 1731 782 1814 scriberet,
806 1735 978 1800 notabatur
1004 1735 1108 1817 prima
1124 1733 1223 1818 literu3
1248 1734 1343 1816 illius,
1358 1735 1402 1800 ad
1469 1789 1473 1797 .

91 1859 194 1924 quern
219 1831 417 1921 scriberetur,
444 1841 600 1924 mouudru
627 1841 724 1924 illius,
750 1862 808 1926 pro
830 1863 895 1928 quo
918 1843 1117 1922 scriberetur,
1143 1841 1244 1924 tertia;
1270 1841 1403 1920 urbica

92 1970 163 2033 qua
176 1950 375 2028 scriberetur,
398 1962 523 2032 qunrta
568 1951 644 2016 Duo
658 1963 738 2016 sunt
751 1951 841 2036 apud
867 1951 1071 2034 Reginonern
1095 1947 1248 2032 exempla
1268 1945 1338 2009 loco
1353 1965 1405 2010 su·

92 2077 151 2142 pra
168 2069 433 2144 commemorator
454 2059 550 2124 Prius
564 2059 753 2144 exemplum
767 2073 858 2124 extat
872 2049 1012 2126 Retbodi
1028 2057 1233 2124 Trevireusis
1248 2056 1290 2120 ad
1306 2057 1406 2120 Roth-

95 2168 228 2230 berturn
242 2167 423 2247 Metensem
437 2185 494 2254 pro
509 2168 690 2233 Gislemero
703 2170 881 2236 scribentis.
915 2171 1005 2234 Prior
1019 2169 1109 2234 litera
1126 2169 1161 2234 R
1176 2167 1316 2232 nominis
1331 2167 1407 2231 Rat-

92 2279 172 2344 bodl
185 2276 347 2344 efficiebar
362 2295 536 2344 numerum
553 2279 636 2360 1uu.;
663 2278 809 2344 secunda
825 2279 917 2344 litera
931 2279 1098 2344 Rothberti
1130 2279 1160 2342 O
1174 2277 1333 2342 efficiebat
1348 2297 1406 2362 nu-

91 2405 226 2455 merum
241 2387 303 2468 lu,
329 2387 529 2454 tertie'litera
553 2388 726 2454 Gislernari
750 2389 788 2453 S.
803 2385 962 2454 efficiebat
988 2406 1162 2452 numerum
1184 2387 1266 2466 200,
1290 2399 1407 2470 quarta

91 2499 193 2572 litere
209 2499 414 2566 Trevirensis
428 2491 578 2580 civitatis,
595 2507 615 2566 d
630 2519 697 2584 qua
711 2501 917 2580 scribebatur,
941 2501 978 2580 U,
995 2519 1079 2584 quae
1094 2503 1114 2564 d
1130 2499 1261 2562 Graecis
1277 2499 1409 2564 notaba-

92 2621 147 2676 tur
165 2629 225 2692 per
239 2609 366 2682 literam
380 2610 459 2691 Piri,
486 2597 654 2674 efficiebat
670 2627 844 2674 numanum
860 2611 931 2675 500.
975 2609 1098 2674 Addita
1124 2610 1297 2674 indictione
1313 2629 1408 2690 nona,

90 2716 231 2782 numeri
242 2716 298 2778 isti
313 2715 624 2784 omnes-efficiebant
637 2735 812 2804 numerum
826 2719 909 2798 879,
925 2719 981 2800 qui
997 2735 1153 2782 numerus
1170 2719 1239 2802 ejus
1255 2715 1410 2780 formatae

93 2823 277 2908 singularis
300 2825 433 2892 auduus
456 2845 592 2892 numero
614 2824 761 2890 formatis
784 2827 935 2912 omnibus
959 2830 1127 2908 communi
1152 2829 1310 2892 efficiebat
1332 2829 1410 2890 iute-

90 2953 199 3018 grum
213 2949 387 2998 numerum
405 2935 497 3000 1539.
541 2934 708 3022 Posterius
719 2933 910 3016 exemplum
925 2947 1016 3000 extat
1031 2933 1180 3000 Dedouis
1199 2933 1411 2997 virdunensis

91 3041 139 3104 ad
159 3039 353 3106 Retbodum
375 3041 617 3122 Trerueusem,
644 3039 862 3124 prcArduino
887 3041 1065 3105 scribentis.
1109 3041 1219 3104 Prima
1234 3041 1325 3104 litera
1347 3041 1410 3104 Da·

90 3148 199 3214 donis
214 3149 253 3212 D
268 3149 401 3212 notabat
425 3167 598 3214 numerum
613 3148 653 3228 d,
680 3149 825 3212 secema
841 3149 933 3212 litera
946 3149 1086 3213 Ratbodi
1103 3151 1128 3214 Α
1156 3148 1284 3214 redebet
1299 3169 1411 3214 nurne-

91 3279 175 3327 rum
193 3261 232 3338 L,
259 3261 351 3327 tertia
365 3260 456 3324 litera
470 3259 608 3346 Arduini
625 3260 670 3324 R:
684 3261 877 3327 conficiebat
904 3249 1413 3346 numerum100.,quartalitera
1505 3285 1508 3294 ·

93 3368 202 3434 Urbis
218 3366 431 3430 Virduueusis
446 3367 483 3432 D
498 3365 651 3432 reddebat
665 3385 841 3434 nttmerum
854 3368 885 3432 4.
929 3369 1050 3434 Addito
1065 3389 1201 3436 numero
1228 3371 1412 3436 indictionis

92 3495 222 3554 nonae,
236 3475 468 3541 conficiebatur
480 3495 635 3542 numerus
649 3477 825 3562 singularis
836 3480 916 3559 118,
927 3481 987 3562 qui
999 3499 1065 3546 une
1076 3499 1153 3546 cum
1168 3483 1312 3546 numeris
1327 3501 1412 3548 eom·

90 3582 262 3666 munibus
285 3581 498 3648 formatarum
523 3581 716 3650 conficiebat
742 3604 917 3664 numerum
943 3588 1014 3652 778.
1059 3588 1150 3652 Haec
1176 3589 1257 3652 ratio
1282 3600 1340 3670 est,
1370 3590 1414 3653 ed

91 3676 207 3778 quem
221 3689 287 3756 duo
301 3691 401 3758 etium
426 3693 626 3779 exemplaria
640 3693 852 3760 formatarum
878 3697 981 3778 exigit
993 3709 1107 3760 scotor
1125 3699 1260 3764 canonis
1284 3701 1322 3780 l.,
1337 3711 1369 3764 et
1383 3701 1413 3762 2.

91 3807 177 3872 dist.
194 3803 247 3868 73.
272 3803 363 3888 apud
380 3805 583 3870 Gratianum.
616 3806 786 3870 Tribuitur
812 3807 935 3890 primus
955 3827 1065 3876 certon
1079 3809 1245 3876 Nicoenee
1270 3812 1413 3895 Synodo,

89 3917 315 4000 depromptus
340 3925 450 3992 etitem
464 3933 507 3978 ex
532 3913 724 3978 Burchardo
740 3915 809 3980 libr.
835 3916 865 3980 2.
881 3935 953 3999 cup.
968 3917 1042 3982 227.
1061 3918 1106 3981 uti
1133 3919 1241 3982 statim
1258 3919 1358 4002 liquet
1371 3936 1413 3982 ex

91 4020 254 4108 ejusdem
269 4021 405 4084 canorus
421 4020 567 4106 iectiotre3
584 4034 618 4086 et
633 4023 844 4088 Burcbardus
856 4025 1022 4109 professus
1036 4039 1094 4108 est,
1107 4048 1145 4091 se
1161 4029 1281 4092 eruisse
1297 4029 1416 4096 surmu-

92 4135 172 4206 lam,
186 4131 389 4214 exuteoeno
404 4131 561 4214 concilim
578 4151 644 4198 nou
660 4141 739 4198 'sane
758 4127 896 4222 quodie
911 4135 1071 4222 Nicoena
1082 4137 1227 4200 Concilio
1243 4158 1281 4200 ee
1297 4137 1414 4202 sonuu-

90 4245 132 4306 la
149 4252 288 4316 exarata
302 4240 426 4324 suisset,
452 4243 509 4312 sed
526 4225 613 4328 quod
629 4223 662 4308 i'n
678 4243 793 4308 eodem
817 4243 963 4309 Concilio
979 4265 1102 4312 canone
1119 4247 1178 4326 15,
1202 4260 1233 4310 et
1251 4249 1298 4311 16.
1315 4259 1416 4312 statu-

90 4357 179 4420 tum
195 4349 309 4434 fueret,
335 4373 377 4420 ne
392 4354 462 4420 sine
486 4373 657 4436 consensu,
683 4369 714 4418 et
733 4356 833 4438 petite
857 4356 952 4430 venie
978 4355 1029 4419 sui
1055 4357 1214 4420 Antistitis
1239 4359 1414 4442 quisquam

91 4471 255 4540 Clericus
268 4471 304 4536 in
330 4470 430 4536 aliam
446 4469 619 4534 dioecesim
635 4470 795 4553 migraret.
840 4469 878 4534 iu
896 4467 960 4533 line
976 4471 1045 4554 ejus
1060 4469 1416 4544 canonisadnotentnr
