3134 4984
190 413 252 482 125
418 433 510 482 rans
525 433 653 498 nurus,
671 435 918 484 nrssnnnenre
931 434 1107 499 6666666,
1121 437 1200 486 cen.
1215 415 1261 484 11.

191 567 319 644 quaest.
333 559 374 639 7.,
388 559 552 626 ret-sereret
567 566 639 626 tum
648 559 786 624 demum
801 568 951 644 potemur
963 558 1083 644 adepta
1101 557 1312 640 66661666,
1328 568 1383 632 atti
1393 560 1474 629 bene·

191 669 269 736 licia
282 687 479 754 recuperare,
504 669 558 734 rel
572 669 615 734 erl
641 669 708 734 alin
721 668 910 753 promereri,
923 687 1003 736 cnm
1027 667 1124 736 feerit
1137 687 1214 736 cnm
1228 670 1307 752 ipsis
1328 687 1369 737 cx
1383 668 1474 734 indul·

191 779 302 860 gentle
315 777 549 862 dispensatum,
575 779 684 872 rgab
707 795 797 842 caus.
811 778 841 842 9.
856 787 980 862 quaest.
998 781 1035 860 1.,
1050 797 1122 864 erp
1147 781 1177 844 5.
1202 777 1245 844 rle
1258 777 1359 860 elect,
1372 781 1472 864 capi·

191 883 422 968 decoration,
447 885 535 952 diere
548 903 620 970 eep.
643 885 676 950 a
691 884 732 952 de
746 885 923 968 schismnt,
947 895 1074 954 extrav.
1089 905 1146 952 66.
1169 885 1243 952 eod·
1257 887 1310 952 nc
1324 886 1382 954 int.
1402 901 1474 954 cena

191 1009 322 1060 muner.

728 1363 880 1432 CAPUT
900 1365 961 1432 111.

571 1593 626 1664 De
640 1585 871 1683 blasplrnemie,
894 1603 926 1660 et
938 1577 1117 1688 6661116ξί6.

442 1823 517 1890 Huc
539 1819 696 1891 referendi
719 1833 797 1890 suut
821 1823 902 1890 tituli
926 1823 988 1906 21,
1003 1831 1036 1888 et
1054 1821 1110 1888 26.
1125 1819 1194 1888 libr.
1212 1819 1242 1884 6.

196 2075 379 2292 OMNES
403 2215 536 2300 quidem
552 2214 713 2299 baeretici,
738 2218 783 2282 rei
798 2215 1021 2302 blasphemiae
1045 2215 1110 2280 diei
1125 2213 1238 2279 merito
1259 2221 1482 2296 pessunteen.

190 2331 243 2396 70.
258 2347 345 2393 cans
365 2328 392 2390 l.
408 2334 532 2411 quaest.
551 2327 589 2406 1.,
604 2345 671 2391 non
687 2328 831 2392 lemene
845 2321 1345 2416 couverscemnesblaspheemi
1361 2319 1484 2386 haereti·

189 2456 303 2506 eorum
317 2441 449 2505 nomine
464 2437 628 2524 appellari:
644 2447 694 2502 est
707 2439 794 2504 enirn
810 2439 1034 2523 blasphaemln
1048 2439 1232 2528 convicium
1246 2433 1425 2520 quoddam,
1437 2429 1482 2504 rel

186 2549 407 2627 maledictum,
432 2547 501 2610 sive
515 2545 636 2610 directo
650 2545 684 2609 16
701 2543 818 2626 Deum,
841 2557 899 2610 aut
914 2544 1089 2628 Christum,
1110 2543 1179 2608 sive
1195 2543 1228 2608 16
1243 2542 1368 2608 Christi
1384 2543 1487 2609 Serere

153 2678 154 2681 ¹
185 2669 305 2739 menta,
332 2657 479 2736 Crucem,
506 2652 696 2738 Evangelia,
724 2653 830 2719 aliare
855 2655 1100 2740 Redemptlenis
1125 2651 1348 2735 monumenta,
1376 2649 1487 2718 sivein

187 2763 365 2848 Deiparem
379 2763 554 2852 Virginem,
581 2763 651 2826 eive
666 2765 699 2829 in
715 2763 841 2845 Beatos,
857 2773 915 2830 aut
929 2780 1038 2830 sacras
1053 2763 1221 2847 imagines,
1248 2763 1318 2844 sine
1333 2763 1369 2826 16
1385 2757 1487 2826 Eccle

188 2875 281 2957 siam,
297 2873 466 2939 ordinesve
492 2869 738 2955 ecclesiasticos,
752 2891 865 2937 eorum
881 2872 1075 2956 praesertim,
1101 2875 1214 2956 quiex
1239 2871 1355 2936 diviua
1371 2869 1489 2936 institn-

188 2983 274 3046 tione
290 2979 461 3074 uniuersae
476 2979 645 3044 Ecclesiae
659 2993 821 3065 praesunt,
835 3001 906 3066 cap.
924 2983 962 3062 1.,
977 2993 1009 3046 et
1022 2979 1051 3045 2.
1068 2981 1109 3046 de
1123 2979 1301 3061 maledicis,
1323 2999 1396 3064 cap.
1411 2980 1439 3042 2
1453 2975 1489 3040 rle

188 3083 675 3178 6166166.6661666,]’666161.
691 3093 729 3175 6.,
746 3103 779 3158 et
792 3094 813 3159 7
816 3144 823 3160 .
839 3093 910 3158 ced.
926 3081 968 3158 ad
985 3093 1046 3177 leg.
1072 3095 1092 3158 J
1096 3095 1136 3160 ul
1154 3095 1287 3178 majest,
1303 3101 1491 3178 argumente

189 3201 270 3286 legis
295 3201 496 3267 uuieaeeod.
524 3205 647 3267 nemini
676 3197 769 3268 licere
795 3205 926 3289 siguum
950 3205 1136 3271 salvatoris.
1182 3205 1405 3288 Quadruplex
1425 3217 1490 3264 esse

183 3309 289 3398 'vulgo
314 3309 449 3374 traditur
474 3309 697 3402 blasphemiae
723 3331 836 3396 genus:
863 3313 1009 3380 Primum
1035 3323 1092 3396 est,
1117 3333 1222 3398 quum
1239 3312 1310 3378 Deo
1336 3315 1490 3390 tribuitur,

55 3512 59 3518 Ι
188 3419 276 3504 quod
293 3419 355 3484 Dei
370 3439 436 3484 nou
451 3431 509 3504 666
536 3420 623 3503 qnod
641 3432 750 3486 tamen
766 3423 811 3486 ita
826 3423 976 3508 intellige,
1000 3433 1115 3489 utnon
1131 3423 1351 3506 improbemus
1366 3421 1494 3508 symbo·

190 3531 224 3598 16
238 3531 401 3615 quaedem
416 3531 451 3596 ln
466 3528 616 3596 Ecclesia
625 3531 753 3617 jamdiu
769 3533 910 3616 probata,
936 3534 1037 3598 veluti
1052 3553 1128 3598 cum
1142 3533 1300 3617 Spiritum
1316 3531 1379 3598 Dei
1396 3527 1493 3615 pingi-

188 3665 264 3712 mus
280 3647 340 3711 snb
366 3644 471 3732 specie
486 3645 581 3731 iguis,
605 3643 657 3710 vel
673 3641 853 3726 columbae,
877 3657 934 3712 aut
948 3647 1091 3712 Verbum
1114 3647 1176 3710 Dei
1193 3645 1254 3710 sub
1276 3646 1385 3728 specie
1407 3641 1492 3727 ngui3

189 3755 272 3821 haec
287 3757 375 3818 enlm
401 3755 473 3819 ideo
487 3757 689 3836 exhibemus,
714 3774 781 3820 non
798 3763 832 3818 ut
848 3753 1037 3836 iudicemus,
1063 3771 1158 3817 veras
1173 3753 1246 3818 11166
1271 3771 1343 3816 esse
1356 3751 1422 3818 Dei
1437 3748 1492 3811 ser·

189 3881 270 3944 mas,
286 3861 343 3926 sed
359 3863 437 3945 quia
447 3881 523 3927 cum
538 3865 599 3928 sub
611 3863 720 3930 formis
735 3863 941 3945 sensibilibus
952 3862 1081 3927 facilius
1096 3862 1315 3946 suspiciamus
1326 3863 1360 3928 in
1378 3861 1494 3936 Deum,

189 3975 263 4044 11166
278 3975 384 4060 potius
409 3975 532 4060 figuras
557 3978 774 4060 proponimus,
802 3973 997 4059 subquibus
1020 3973 1178 4059 singulari
1203 3975 1379 4040 clementia
1409 3973 1496 4041 11666

190 4087 398 4154 manifestere
413 4105 447 4150 se
461 4084 648 4153 hominibus
663 4089 774 4154 veluit
818 4089 869 4154 De
884 4090 960 4172 agui
979 4087 1090 4174 figura,
1107 4089 1168 4153 sub
1190 4109 1257 4172 qua
1271 4087 1429 4154 Christus
1443 4103 1495 4149 ex·

189 4195 326 4276 bibam,
351 4207 520 4278 tamquam
543 4195 632 4279 apud
657 4208 780 4262 veteres
807 4214 869 4264 666
887 4211 1020 4282 recepta,
1047 4209 1221 4282 conceptus
1246 4195 1495 4264 6616666682.

191 4307 330 4370 Concllli
344 4301 506 4386 'Prullairi
529 4322 595 4389 quo
610 4317 768 4371 statutum
784 4319 841 4390 est,
859 4317 893 4372 ut
915 4305 1068 4394 deinceps
1082 4299 1329 4374 conuenientius
1342 4308 1378 4371 in
1395 4303 1496 4369 sacris

190 4415 327 4482 cedibus
352 4404 428 4500 prae
443 4431 528 4498 agno
553 4415 702 4481 Christus
716 4418 814 4483 homo
839 4419 1031 4502 pingeretur,
1057 4419 1152 4502 quasi
1167 4419 1211 4484 rei
1236 4417 1362 4498 veritas,
1388 4413 1497 4500 qualis

193 4535 262 4592 erat
276 4525 310 4592 in
324 4525 427 4592 torma
440 4525 597 4611 humane,
623 4535 709 4614 typo,
725 4538 757 4595 et
770 4529 928 4614 symbolo,
943 4527 1051 4616 qualis
1072 4540 1141 4598 eret
1155 4549 1270 4617 agnus,
1286 4521 1498 4616 praeferenda
