3216 4988
412 448 460 494 na
478 445 614 506 sunta,
632 445 677 489 ar
695 443 820 488 nanno
839 435 984 486 rurum
1002 437 1103 482 nuru.
1131 509 1133 514 Ι
1346 409 1412 476 253

104 577 186 638 lium
202 571 361 655 gaudium
376 566 548 634 eferendis
560 562 952 630 excommunicationibus
967 559 1197 624 abstinendum
1212 565 1270 636 est,
1286 575 1327 619 ne
1343 567 1412 620 tan·

103 685 126 746 ti
141 681 212 744 dies
227 697 351 762 poenae
366 678 576 759 grauissimae
599 667 743 736 illatione
759 669 970 732 funestentur.
1010 667 1159 747 nouique
1174 673 1321 746 respectu
1335 683 1410 726 ean-

103 807 159 853 sae
175 787 264 862 illud,
283 797 318 848 ut
342 785 537 860 dictumest,
553 779 793 844 observandum
818 779 886 854 erit,
903 788 939 838 ut
954 776 1125 838 monitoria
1151 785 1279 836 tantum
1301 791 1412 836 conce·
1472 805 1475 812 v

103 901 225 962 dautur
240 894 282 956 ed
298 892 469 956 indemnes
485 890 740 965 servandorum,
756 887 812 967 qui
830 883 1001 966 postulant,
1022 899 1087 944 non
1102 879 1145 942 ad
1161 879 1260 942 finem
1277 879 1412 942 inseren-

105 1007 168 1070 dae
184 1005 218 1068 iu
231 999 394 1074 criminali
405 999 529 1082 judicio
551 1013 673 1079 poenam
688 993 863 1076 corporalis
880 991 1036 1054 aduersus
1052 1004 1129 1068 reos,
1153 1007 1193 1051 nc
1209 989 1290 1050 alias
1308 989 1414 1050 virloa·

105 1127 158 1178 tur
175 1111 345 1175 Eocel'esia
361 1111 516 1170 acriorem
531 1106 572 1168 de
588 1107 651 1168 reis
660 1104 785 1187 judicio
800 1101 930 1185 publico
943 1099 1137 1184 sumendam
1152 1099 1330 1162 vindictum
1347 1115 1416 1179 pro·

103 1239 245 1299 movere,
261 1229 294 1282 et
310 1235 430 1300 urgere.

148 1331 246 1392 Duae
259 1339 336 1390 suar
362 1324 533 1409 generales
544 1322 788 1402 tnonitcriprum
812 1320 945 1402 species3
973 1318 1039 1381 alic
1053 1318 1140 1382 enim
1158 1327 1255 1380 testes
1271 1317 1312 1380 ad
1330 1337 1414 1380 rove-

105 1437 254 1513 landum,
281 1435 348 1498 alia
362 1451 431 1496 reos
447 1435 533 1514 ipsos
549 1431 591 1493 ad
613 1431 775 1493 damnum
791 1426 1034 1492 resarciendum
1056 1427 1273 1509 adstringunt.
1316 1427 1415 1496 Quae

104 1547 280 1624 hucusque
305 1543 392 1604 dicte
417 1542 661 1620 suucutrique
686 1539 856 1602 murone
880 1549 959 1601 sunt
979 1537 1186 1602 communia.
1231 1539 1415 1602 Commune

104 1655 206 1716 etiem
221 1661 278 1730 ast,
300 1643 392 1731 ctiori
408 1649 590 1729 frequenter
617 1647 778 1721 usttrenit,
806 1645 958 1707 nimirum
975 1655 1011 1708 ut
1039 1655 1211 1724 utrumque
1234 1643 1265 1706 in
1281 1644 1417 1706 monito·

105 1760 277 1824 riumeiue
293 1757 451 1819 adversus
466 1771 544 1833 reos,
561 1753 613 1816 vel
628 1767 798 1818 consortes
808 1752 962 1830 criminis,
985 1752 1056 1814 aive
1070 1750 1227 1812 aduersus
1243 1757 1346 1828 testes,
1365 1749 1420 1810 vel

105 1865 256 1928 notitiam
270 1864 438 1939 habentes,
464 1878 528 1926 unc
543 1862 720 1924 sententiae
742 1871 898 1922 contextu
909 1862 1074 1942 jungatur.
1120 1861 1303 1922 Commune
1318 1859 1417 1920 etiam

106 1985 163 2046 cst,
181 1971 214 2032 in
233 1979 368 2049 utraque
384 1968 489 2048 specie
507 1965 635 2030 lethalis
651 1969 772 2049 pcccati
791 1984 860 2032 reor
877 1967 953 2046 r'reri,
978 1967 1036 2048 qui
1052 1967 1260 2030 monitionem
1276 1969 1416 2030 c'ontern-

107 2091 200 2158 nunt,
216 2093 249 2142 er
263 2079 370 2142 edicto
384 2097 449 2141 non
467 2089 587 2159 parent,
604 2079 667 2141 uisi
684 2079 824 2160 legitime
839 2079 1065 2161 impediantur,
1087 2079 1231 2160 nequod
1248 2079 1417 2142 monitorio

108 2191 300 2268 errutiuetur,
316 2197 530 2269 enuntiantur,
546 2187 728 2270 eujusmodi
744 2198 822 2250 sunt
843 2187 1003 2266 absentes,
1021 2187 1119 2272 modp
1132 2187 1278 2250 absentia
1295 2205 1360 2250 non
1376 2200 1418 2250 ert
1521 2167 1534 2190 ”

108 2297 270 2376 affectata,
285 2314 355 2378 cap.
386 2295 470 2362 lde
484 2296 646 2360 constitut.
664 2296 696 2358 in
711 2297 751 2373 6.,
767 2305 827 2358 aut
839 2285 1036 2376 ignorantes,
1059 2306 1117 2358 aut
1132 2296 1188 2376 qul
1205 2295 1256 2357 rel
1271 2297 1416 2360 restitue-

108 2426 149 2484 re,
167 2405 220 2468 vel
235 2400 378 2468 revolare
404 2405 476 2474 sinc
491 2403 576 2466 vitae
590 2418 669 2466 suae
684 2403 879 2484 discrimine,
902 2403 954 2466 vel
970 2401 1087 2466 salutis
1100 2403 1243 2486 periculo
1268 2423 1332 2468 uon
1349 2425 1418 2488 pos-

109 2526 189 2594 sent,
208 2524 400 2596 argumento
415 2531 485 2594 cap.
503 2513 552 2576 60.
569 2511 610 2573 ele
626 2531 689 2592 reg.
701 2512 763 2595 jin.
781 2511 813 2575 in
830 2512 860 2574 6.
903 2511 989 2576 Situt
1001 2521 1108 2576 tamen
1125 2511 1304 2596 singularia
1319 2533 1417 2595 quac-

106 2625 188 2690 dant
205 2625 373 2706 inquibus
401 2633 537 2702 utraque
555 2621 724 2684 monitoria
748 2620 888 2684 invicem
904 2617 1064 2684 differunt.
1109 2617 1152 2682 Et
1168 2619 1419 2701 primoquidem

108 2737 309 2811 observatur,
327 2733 360 2796 iu
376 2733 545 2796 monitorio
567 2730 609 2792 ud
627 2729 724 2792 linem
740 2729 951 2811 reparationis
965 2729 1077 2792 damni
1101 2729 1187 2791 edito
1201 2747 1312 2792 contra
1327 2749 1417 2794 reum

61 2856 65 2864 '
107 2865 283 2922 censuram
300 2845 403 2925 infligi
427 2843 468 2906 ob
483 2843 549 2905 duo
574 2841 700 2920 delicta,
729 2833 885 2924 imprimis
911 2841 955 2904 ob
967 2839 1126 2904 damnum
1151 2841 1269 2924 injurie
1293 2839 1415 2918 datum,

107 2953 229 3018 deinde
244 2953 285 3016 ob
300 2951 550 3040 inobedientiam
568 2949 609 3012 ab
624 2939 863 3030 co‘acmrssam,
882 2949 938 3032 qui
955 2951 1124 3014 monitorio
1139 2969 1205 3014 nou
1220 2953 1415 3034 obsequituu

107 3075 141 3126 at
157 3063 193 3126 in
209 3061 379 3124 monitorio
392 3057 478 3122 edito
493 3057 652 3120 adversus
666 3075 728 3134 eos,
752 3059 809 3140 qui
826 3058 973 3121 notitiam
987 3058 1118 3138 babent,
1136 3069 1171 3123 ut
1186 3057 1261 3123 sacti
1278 3059 1418 3122 testimo·

107 3171 204 3233 nium
220 3167 332 3246 ierant,
359 3147 543 3243 tantuinob
569 3166 820 3230 inobedientiam
843 3185 1014 3232 censuram
1035 3167 1159 3236 inferri.¹
1196 3169 1348 3234 Secundo
1363 3145 1415 3234 ob·

107 3289 263 3357 servatur,
281 3277 488 3340 monitorium
511 3277 614 3340 latum
630 3276 664 3339 in
680 3286 785 3353 testes,
801 3295 866 3338 non
882 3275 1010 3340 afficere
1032 3279 1212 3360 nosipsos,
1232 3291 1340 3363 utpote
1357 3282 1414 3362 qui

90 3373 316 3462 'excusantur
341 3385 368 3446 si
394 3385 583 3465 semetipsos
610 3384 743 3448 minime
769 3383 970 3464 denuntient,
992 3386 1273 3468 quemadmodum
1297 3409 1355 3454 nec
1371 3409 1417 3456 re·

108 3491 263 3578 gulariter
289 3491 493 3572 allicere'eoS,
521 3481 660 3574 quorum
684 3493 868 3557 testimonia
893 3494 1052 3558 incensis
1079 3497 1301 3560 criminalibus
1321 3501 1418 3582 juxta

108 3603 277 3686 generales
288 3605 369 3686 juris
396 3603 525 3694 regulas
541 3622 607 3698 non
633 3603 856 3686 admittuntur,
871 3616 937 3689 naut
952 3625 1018 3670 neu
1035 3607 1114 3670 satis
1140 3609 1324 3690 probantur:
1340 3629 1417 3692 quo-

110 3712 210 3776 rnodo
236 3714 323 3776 enirn
350 3713 392 3775 ad
409 3716 628 3776 testimonium
654 3707 823 3776 furandum
840 3713 972 3796 adjectis
993 3735 1172 3796 poenarum
1195 3717 1336 3781 stimulis
1351 3718 1418 3780 adi·
1527 3725 1531 3736 “

109 3829 231 3902 gantur
246 3819 276 3900 ii,
303 3820 359 3900 qui
375 3839 480 3901 neque
496 3819 749 3898 admitterentur,
777 3820 804 3882 si
819 3832 932 3902 sponte
958 3821 1165 3888 accederent?
1208 3825 1321 3888 Tertio
1337 3825 1418 3888 illud
1476 3825 1479 3832 '

110 3929 277 4014 singulare
293 3931 479 3992 observatur
497 3927 528 3992 iu
546 3929 715 3993 monitorio
729 3939 841 4017 contra
857 3939 961 4008 testae,
988 3941 1020 3994 ut
1037 3929 1064 3994 si
1080 3921 1263 3996 testimonia
1278 3933 1320 3993 ad
1337 3931 1434 4022 inia-⁸

110 4037 211 4098 mium
229 4035 348 4113 tendat,
376 4037 575 4118 exemplario
585 4039 750 4120 judicibus
766 4039 903 4121 publicis
927 4059 991 4102 non
1009 4039 1102 4104 facile
1116 4040 1343 4117 concedantur,
1360 4043 1417 4104 sed

112 4157 239 4208 tantum
257 4145 439 4208 indicentur
455 4147 587 4210 nomina
603 4148 742 4224 testium,
758 4167 840 4229 quos
855 4147 964 4212 Judex
982 4150 1131 4231 publicus
1141 4149 1183 4212 cd
1200 4149 1303 4212 sorum
1319 4169 1418 4214 suum
1521 4145 1523 4150 ’

112 4261 213 4326 vocet,
227 4261 259 4312 et
273 4251 316 4313 cb
331 4252 404 4330 illis,
420 4254 506 4332 <ruod
519 4257 672 4334 prodituri
688 4267 772 4334 sunt,
790 4257 858 4338 ipsa
874 4258 1020 4340 accipiat.
1048 4259 1215 4320 Praeterea
1231 4261 1264 4320 in
1277 4257 1336 4322 lroc
1353 4281 1418 4322 ruo-

111 4363 225 4424 nitorio
240 4359 397 4424 adversus
414 4373 511 4426 testes
532 4365 578 4426 its
594 4366 781 4446 proceditur,
800 4379 835 4430 ut
848 4387 928 4433 cum
943 4381 1040 4432 testas
1056 4369 1223 4447 accedunt,
1242 4387 1304 4431 non
1321 4385 1419 4432 orete-

110 4491 173 4536 nus
187 4465 318 4536 tautum
332 4473 545 4540 admittentur
572 4475 851 4558 admallandum,
880 4479 968 4562 quod
996 4480 1151 4560 truserint,
1175 4479 1231 4543 sed
1257 4481 1418 4568 omniu-in
