3146 4980
218 486 1227 552 canraaaramprssonaauaremineusoasnnvnuna.
1311 469 1373 552 att

97 611 168 682 um
180 615 207 684 ti
220 626 366 698 ageretur
380 614 420 678 de
435 611 580 693 divortio,
594 611 682 696 quod
697 611 792 677 certis
806 611 840 678 in
856 612 987 676 casibus
1001 629 1044 676 ex
1053 611 1135 694 juris
1155 611 1259 676 divini
1273 621 1382 676 aucto·

98 720 175 786 ritate
194 719 378 788 iaciendum
402 731 637 803 proponeretur,
663 720 783 804 majore
809 720 979 804 prudentia
1004 737 1085 802 opus
1111 717 1292 802 eritjudici,
1307 737 1384 802 que-

97 829 291 904 madmodum
305 832 404 904 etiam
417 829 548 904 carrtius
562 827 729 912 agendum
745 829 813 908 erit,
829 828 885 892 ubi
900 839 1015 910 agatur
1028 826 1069 893 de
1084 826 1293 892 dissolvendo
1307 845 1384 894 con·

91 935 160 1018 jugii
173 935 310 1016 annulo,
336 939 492 1020 quamde
507 937 699 1022 conjugibus
725 947 855 1002 tantum
872 933 1096 1000 dissociandia
1139 935 1214 1000 Non
1229 945 1278 1000 est
1292 937 1384 1002 omit·
1407 931 1410 938 ’

95 1039 214 1124 tendum
226 1054 389 1128 postremo
414 1045 723 1126 lacunariorum
738 1043 828 1109 XIV.
854 1043 888 1108 iu
903 1061 965 1109 sua
980 1043 1218 1110 Constitutione
1240 1045 1309 1110 Dei
1322 1047 1383 1112 mi-

94 1147 240 1212 seratione
254 1151 335 1227 anni
350 1151 450 1234 1⁷41„
467 1152 497 1217 ἃ
512 1153 705 1218 Novembris
720 1153 880 1233 statuisse,
907 1162 944 1216 ut
958 1153 992 1218 in
1007 1153 1145 1236 siugulis
1170 1153 1383 1222 Dioecesibus

94 1255 325 1342 designarentur
349 1263 592 1358 matrimonium
617 1265 810 1330 defensores.
852 1263 1145 1338 Quemadmodum
1168 1243 1383 1352 enim'judex

92 1383 129 1432 ex
140 1368 241 1436 officie
254 1370 424 1454 procedere
438 1383 543 1457 potest
557 1373 601 1440 ad
614 1373 796 1440 dirimenda
810 1375 968 1460 conjugia,
987 1387 1102 1440 contra
1115 1393 1199 1458 quae
1214 1375 1385 1443 denuntia·

93 1476 130 1541 tio
151 1479 427 1562 propositafnerit,
453 1481 551 1552 etiam
565 1483 635 1550 sine
662 1483 877 1564 accusatione,
904 1481 959 1546 ubi
974 1481 1118 1566 legitima
1143 1481 1185 1546 sit
1210 1481 1384 1548 dirimendi

92 1587 219 1671 conjugii
232 1607 343 1670 cause,
358 1590 404 1654 ita
417 1597 438 1656 e
451 1609 607 1662 converso
621 1591 847 1678 adjuvandum
860 1599 909 1654 est
919 1587 1040 1674 Judicis
1060 1587 1204 1652 officium
1218 1587 1294 1652 dato
1308 1605 1384 1654 eon·

90 1693 161 1778 jogli
175 1695 351 1777 defensore,
377 1699 433 1768 ubi
448 1699 528 1765 forte
541 1703 697 1786 conjuges
721 1701 784 1785 ipsi
798 1698 1045 1764 dissolvendum
1068 1697 1256 1782 eonjugium
1271 1715 1383 1782 propo-

93 1813 171 1886 nant,
196 1815 356 1874 necertas
377 1827 504 1890 causas,
530 1807 608 1876 forte
631 1811 755 1891 inanes,
780 1809 879 1874 etiam
902 1805 1097 1876 colludendo
1121 1816 1319 1890 praetexant,
1345 1815 1383 1872 ut

92 1915 268 2001 maissiam
281 1916 342 1986 rite
355 1927 559 1988 muttactum
572 1917 752 1992 defensoris
763 1937 867 2003 opere,
882 1917 939 1986 nbi
952 1934 1036 2002 opus
1049 1915 1099 1998 sit,
1114 1915 1332 1988 mnfirmerur.

621 2317 776 2392 capul*
798 2319 841 2385 11.

234 2537 535 2620 Dedmmcictione
547 2539 739 2626 conjugum,
754 2531 806 2604 ced
819 2538 928 2623 quood
941 2537 1074 2606 thorum
1087 2543 1228 2622 tonitam

498 2647 552 2716 eet
563 2647 673 2753 quood
688 2646 966 2714 cohabitationem

95 2869 317 3118 QUOTIES
341 3017 470 3082 tantum
494 3019 610 3094 agatur
635 3009 677 3077 de
691 3005 774 3073 thori
797 3007 1007 3092 separatione,
1030 3007 1124 3074 nulla
1148 3005 1306 3076 dubitatio
1327 3017 1384 3090 eat,

91 3124 162 3204 quin
176 3143 218 3193 ex
232 3133 349 3190 mutuo
357 3141 524 3192 consensu
539 3131 652 3206 sponte
667 3122 819 3205 conjuges
835 3119 878 3184 ad
893 3140 966 3186 eam
981 3117 1132 3186 devenire
1146 3121 1279 3205 possint,
1297 3117 1387 3206 quod

90 3233 138 3300 rel
150 3233 217 3318 ipse
231 3233 359 3298 Paulus
373 3233 547 3318 Apostolus
568 3231 765 3316 quandoque
780 3249 931 3313 expresse
946 3231 1049 3298 suasit
1063 3233 1094 3298 in
1117 3253 1189 3320 cap.
1204 3233 1233 3297 6.
1248 3233 1341 3320 epist.
1358 3234 1387 3298 1.

92 3339 129 3404 ad
142 3339 296 3422 Corinth„
310 3352 343 3408 et
356 3343 457 3422 certis,
484 3340 640 3424 statisque
655 3339 854 3424 temporibus
863 3341 976 3426 jubere
991 3340 1053 3406 visi
1074 3351 1151 3408 sunt
1165 3341 1388 3410 Ecclesiastiei

90 3447 201 3534 Patres,
216 3471 356 3537 quorum
372 3460 581 3518 monumenta
594 3449 736 3533 plurime
750 3459 865 3514 extant
878 3449 914 3514 in
928 3467 1017 3514 caus.
1034 3445 1085 3512 33.
1101 3457 1225 3530 quaest.
1240 3447 1280 3530 4.,
1296 3453 1386 3516 ame

91 3556 166 3622 aliae
187 3544 339 3642 eppefius
353 3557 524 3642 explicate.
566 3559 650 3624 Item
662 3557 747 3626 thori
772 3559 930 3648 separatio
946 3559 991 3637 fit,
1016 3557 1142 3640 quoties
1167 3557 1318 3626 alteruter
1342 3577 1386 3626 ex

87 3665 272 3749 conjugrbas
287 3665 365 3736 vitio
379 3665 501 3733 laboret
524 3666 741 3752 impotentiae
767 3669 919 3752 reiquae
935 3669 976 3732 ab
991 3667 1081 3735 initio
1095 3663 1166 3748 fuit
1185 3665 1243 3734 sed
1258 3669 1387 3753 utrique

90 3777 210 3862 conjugi
224 3777 364 3860 cognita,
384 3777 482 3862 juxta
496 3775 678 3860 capitulum
702 3777 734 3842 4.
749 3775 789 3845 de
803 3775 918 3860 frigid,
933 3785 966 3840 et
980 3773 1127 3858 malefic,
1148 3775 1201 3843 vel
1216 3796 1301 3861 quae
1314 3788 1388 3866 post

90 3879 200 3950 initum
214 3883 459 3954 matrimonium
484 3887 713 3968 supervenerit,
737 3905 809 3954 can.
835 3887 886 3951 25.
910 3903 1000 3952 caus.
1022 3884 1074 3950 32.
1090 3895 1214 3969 quaest
1230 3887 1260 3952 7.
1303 3887 1388 3952 ltetn

90 3995 263 4060 necessario
277 3993 362 4060 thori
375 3995 535 4078 separatio
550 3995 751 4080 injungenda
765 4006 823 4077 est,
836 3998 963 4080 quoties
977 3995 1151 4077 dubitetur,
1166 4015 1211 4066 en
1226 3995 1389 4062 matrimo-

90 4103 175 4172 nium
184 4107 256 4192 jore
271 4115 474 4176 contractum
487 4106 558 4188 suit,
573 4117 654 4194 puta
668 4108 746 4190 quie
759 4107 900 4193 suspicio
915 4119 964 4175 est
977 4108 1202 4176 intercedentis
1217 4109 1299 4177 inter
1312 4127 1387 4176 corr·

82 4209 173 4294 juges
195 4211 386 4296 adfinitatis,
414 4226 512 4299 atque
541 4215 673 4282 alterius
698 4218 895 4302 cujusquam
924 4217 1156 4302 impedimenti
1183 4229 1281 4304 atque
1297 4239 1387 4308 cum

87 4319 190 4386 oculta
203 4321 314 4390 adhuc
340 4325 456 4406 respit,
476 4325 625 4396 noudum
640 4325 856 4392 dissocientur
880 4327 1033 4412 conjuges
1047 4323 1157 4409 quoad
1179 4325 1387 4398 cohabitatio·

86 4447 170 4518 nem;
183 4435 269 4520 item,
293 4437 420 4522 quoties
433 4447 557 4506 certum
571 4447 629 4518 est,
656 4439 809 4526 conjuges
824 4437 990 4522 illegitime
1004 4439 1106 4506 luisse
1127 4439 1325 4524 conjunctos,
1341 4449 1387 4504 at-

76 4545 388 4634 -qmobprivatum,
411 4567 469 4632 peu
483 4546 694 4634 noupubliee
709 4555 824 4634 patens
832 4547 1106 4633 impedimentum
1127 4553 1227 4635 petita
1240 4559 1298 4631 est,
1312 4565 1388 4624 aas·
