3276 4984
204 389 247 454 28
551 419 793 464 nrssaa'rnuro
816 420 941 482 sarus,
964 419 1111 469 attaas‘r.
1133 399 1159 466 1.

205 543 242 596 ut
257 535 309 598 vel
323 536 366 600 ad
380 539 525 621 primam,
542 542 593 604 vel
609 541 651 606 ad
666 543 845 606 secundnm
859 544 1001 628 conjugii
1016 545 1230 608 substantiam
1244 542 1401 608 reseratur.
1425 543 1501 608 AE-

204 661 268 724 que
282 645 426 710 conditor
455 647 545 714 Deus
560 660 730 733 utramque
755 653 900 734 probavit
927 653 961 716 in
976 671 1045 734 cap.
1063 653 1089 714 1.
1106 661 1137 714 et
1151 651 1180 714 2.
1210 652 1381 714 Geneseos:
1396 671 1500 732 quum

203 768 279 812 vero
294 749 448 817 seminam
462 755 650 822 conditurus
664 779 738 822 eam
752 761 824 824 ideo
839 761 1006 824 sociaverit
1023 761 1121 842 Adae,
1138 773 1173 826 ut
1188 761 1279 826 Adae
1294 763 1398 826 simile
1413 763 1503 848 adju·

204 860 321 924 tarium
335 861 473 946 dalmtun
486 885 525 928 ac
540 877 610 930 tum
625 867 759 932 demum
781 873 903 937 bonum
919 871 1014 956 prolis
1039 893 1109 936 esse
1125 874 1270 956 voluerit,
1285 894 1360 938 curn
1371 876 1440 960 jarn
1455 875 1503 938 in-

204 977 251 1031 ter
266 980 439 1054 utrumque
455 973 582 1038 firmata
597 975 732 1042 societas
745 993 837 1059 esset,
859 979 954 1046 facile
968 983 1135 1066 colligitur,
1162 985 1310 1070 adjutorii
1324 987 1412 1050 illius
1427 1005 1502 1050 cau-

203 1095 275 1140 sam
303 1089 459 1162 tanquam
488 1084 695 1167 praecipuam
710 1088 855 1154 habitam
884 1097 906 1156 a
934 1091 1004 1154 Deo
1032 1093 1172 1176 conjugii
1197 1093 1376 1157 institutore
1390 1093 1499 1158 fuisse.

204 1183 358 1250 Notanda
373 1209 452 1254 sane
481 1194 579 1256 verba
594 1194 658 1260 illa:
688 1199 903 1284 Arij'utorium
929 1202 1051 1264 simile:
1081 1204 1288 1284 nequeenim
1310 1203 1405 1286 quasi
1419 1203 1503 1268 duos

203 1303 361 1376 potestate
375 1315 467 1378 pares
482 1300 633 1382 condidit,
648 1304 823 1387 junxitque
837 1307 955 1372 animis
982 1307 1080 1387 Deus,
1106 1327 1148 1372 ne
1173 1307 1252 1372 forte
1276 1329 1502 1394 quaecumque

204 1405 348 1486 societas,
370 1417 468 1490 atque
483 1411 665 1477 animorum
690 1415 859 1490 consensio
874 1417 1116 1483 matrimonium
1130 1417 1309 1499 haberetur,
1324 1419 1382 1482 sed
1397 1437 1502 1486 unum

205 1515 384 1599 adjutorem
398 1519 536 1601 alterius,
552 1521 689 1588 alterum
704 1525 913 1608 praecipuum
942 1524 1085 1590 familiae
1113 1528 1256 1610 regimen
1270 1527 1502 1614 vindicantem,

205 1621 263 1684 sed
297 1643 401 1688 unum
431 1627 521 1692 alteri
550 1631 698 1712 similem,
733 1651 799 1696 non
833 1633 1014 1714 aequalem,
1044 1644 1081 1698 ut
1109 1633 1190 1698 alter
1217 1634 1308 1698 alteri
1337 1636 1503 1720 subjicere·

206 1741 266 1812 tur,
282 1753 364 1816 quas
394 1738 560 1822 utriusque
575 1750 668 1804 notas
697 1751 816 1806 natura
831 1743 902 1825 ipsa
931 1744 965 1806 in
994 1741 1132 1806 difformi
1162 1760 1244 1806 sexu
1273 1741 1502 1808 constituisset.

206 1843 252 1908 Et
280 1865 391 1910 revera
404 1867 482 1914 cum
496 1870 538 1915 ex
552 1851 666 1916 divina
680 1852 881 1917 ordinatione
909 1854 1216 1932 constantissimum,
1246 1871 1284 1916 ac
1314 1865 1505 1938 perpetuum

206 1955 347 2038 coniugii
362 1957 531 2024 vinculum
547 1972 729 2046 necteretur,
747 1963 941 2028 matrimonii
969 1963 1003 2026 in
1018 1961 1117 2027 eundi
1141 1964 1322 2028 substantia
1335 1976 1403 2028 erat
1416 1965 1451 2030 in
1465 1985 1505 2030 ea

206 2081 307 2130 causa
334 2067 539 2148 potissimum
566 2071 764 2154 collocanda,
800 2093 885 2156 quae
922 2085 1072 2158 perpetuo
1101 2075 1199 2138 edam
1229 2077 1422 2156 consisteret,
1451 2095 1506 2142 cu·

202 2174 346 2258 jusmodi
361 2199 431 2242 esse
445 2199 511 2246 non
526 2194 649 2266 poterat
662 2186 781 2250 sobolis
790 2186 971 2270 procreatio,
984 2188 1037 2250 cul
1049 2207 1120 2251 sera
1131 2189 1306 2272 conjugum
1318 2199 1406 2252 aetas
1418 2187 1506 2270 inep-

208 2291 242 2344 ta
256 2281 378 2368 fuisset3
396 2297 550 2370 potetate
578 2311 733 2356 converso
747 2295 928 2358 arctissima
956 2291 1120 2377 quaedam
1148 2295 1283 2358 societas
1312 2295 1507 2374 animorum,

207 2405 240 2460 et
253 2396 423 2462 individua
437 2403 623 2468 communio
651 2405 747 2487 vitae3
764 2407 864 2470 immo
892 2425 968 2472 cum
998 2407 1121 2472 isthaec
1135 2407 1306 2472 universae
1321 2407 1407 2472 vitae
1421 2427 1507 2474 com·

208 2509 328 2588 munio,
345 2509 515 2576 hominum
544 2514 785 2598 conjunctiones
814 2521 836 2581 a
864 2515 1143 2599 conjunctionibus
1173 2514 1338 2578 brutorum
1364 2515 1507 2578 maxime

207 2616 425 2702 distingueret,
455 2621 587 2706 quando
602 2623 636 2688 in
665 2625 880 2708 procreatione
910 2623 1027 2688 sobolis
1055 2622 1254 2688 omniafere
1280 2633 1357 2685 sunt
1370 2622 1508 2686 homini·

208 2723 277 2806 bus,
307 2727 472 2810 brutisque
487 2731 684 2809 communia,
701 2743 790 2796 tanto
819 2734 926 2816 aptius
951 2744 1020 2796 erat
1048 2732 1185 2796 humani
1199 2731 1340 2818 conjugii
1361 2735 1507 2802 substan·

208 2831 288 2894 tianr
303 2853 420 2915 ponere
435 2856 500 2900 non
515 2838 549 2902 in
564 2839 634 2922 ipsa
649 2840 864 2923 procreatione
880 2839 1006 2920 sobolis,
1019 2839 1076 2903 sed
1092 2840 1198 2922 potius
1210 2840 1242 2902 in
1256 2839 1427 2902 individua
1438 2841 1509 2906 uni·

208 2959 321 3004 versae
337 2943 423 3006 uitae
447 2947 684 3026 communione,
700 2959 822 3030 quanto
848 2947 975 3029 dignior
988 2949 1170 3030 conjunctio
1184 2946 1355 3012 hominum
1370 2945 1509 3010 esseda

208 3051 296 3115 beret
309 3056 533 3153 conjunctione
556 3057 732 3120 brutorum.
775 3056 870 3120 Adde
898 3057 958 3136 his,
974 3057 1129 3140 pertinere
1144 3055 1187 3118 ad
1202 3057 1323 3120 bonnm
1339 3056 1509 3138 praecipue

209 3167 437 3248 universitatis,
453 3167 540 3252 quod
565 3188 646 3232 uxor
671 3168 768 3252 prolis
782 3187 883 3232 causa
898 3166 1046 3248 ducatur;
1072 3166 1228 3249 pertinere
1257 3177 1367 3230 autem
1382 3164 1424 3228 ad
1439 3185 1510 3230 mu-

209 3283 266 3338 tua
276 3275 386 3366 ,officia
408 3277 547 3343 invicem
563 3277 644 3340 inter
672 3279 825 3362 conjuges
854 3278 940 3360 ipsos
955 3277 1158 3359 praestanda,
1184 3273 1411 3358 qnodducatur
1427 3291 1508 3338 uxor

210 3401 311 3445 causa
325 3383 480 3468 adjutorii,
496 3383 530 3448 id
545 3395 601 3466 cst,
630 3387 718 3468 quod
733 3387 781 3451 uti
795 3387 923 3470 ajebant
951 3386 1092 3450 Romani
1121 3395 1252 3464 veteres,
1269 3381 1327 3448 fiat
1341 3384 1422 3448 inter
1436 3402 1511 3450 cou-

204 3492 301 3576 juges
330 3494 501 3559 individua
528 3495 729 3560 consuetudo
757 3495 853 3578 vitae,
883 3507 980 3578 atque
1009 3495 1114 3558 omnis
1138 3493 1221 3579 juris
1250 3493 1509 3564 communicatio.

210 3602 254 3666 At
269 3603 390 3668 bonum
420 3603 502 3667 illud
531 3605 760 3686 universitatis,
789 3605 879 3688 quod
893 3625 936 3668 ex
965 3605 1082 3670 sobolis
1111 3606 1328 3688 procreatione
1356 3603 1512 3686 dimanat,

210 3715 285 3782 licet
299 3715 475 3797 aliquando
498 3727 704 3800 praeceptum
732 3715 836 3798 suerit,
866 3728 903 3782 ut
930 3727 1102 3796 curaretur,
1132 3717 1258 3798 quoties
1272 3717 1426 3782 nimirum
1441 3715 1512 3780 uni-

210 3826 347 3888 versitas
361 3826 443 3888 alias
458 3826 493 3890 in
507 3826 671 3892 interitum
697 3837 849 3913 vergeret,
878 3825 1076 3910 quandoque
1102 3837 1221 3904 tamen,
1251 3825 1351 3888 immo
1367 3833 1402 3886 ut
1415 3821 1512 3905 pluri·

211 3950 312 4010 mum,
329 3943 501 4014 postquam
516 3933 672 3998 latissime
700 3945 916 4020 propagatum
945 3945 993 3998 est
1022 3953 1127 4017 genus
1155 3933 1331 4012 humanus,
1349 3949 1415 3995 non
1431 3930 1512 3994 adeo

211 4061 371 4124 magnum
384 4055 441 4122 est,
457 4053 495 4106 ut
507 4043 555 4108 illi
582 4061 649 4108 non
663 4055 802 4128 praestet
828 4042 1045 4108 continentiae
1073 4039 1206 4118 bonuin,
1219 4037 1307 4121 quod
1330 4037 1393 4122 ipsi
1406 4037 1512 4121 conju.

212 4163 529 4236 gesconsequantur.
572 4153 639 4218 Sed
653 4152 767 4220 foedus
796 4151 1027 4218 sanctissimae
1049 4149 1216 4228 sacietatis,
1246 4165 1286 4210 ac
1314 4144 1514 4210 communio·

212 4259 264 4322 nis
279 4261 377 4322 semel
393 4261 474 4324 inter
487 4261 642 4346 conjuges
657 4261 789 4326 initium
816 4235 958 4326 invicem
988 4279 1042 4324 eos
1056 4261 1102 4324 ita
1116 4256 1267 4336 devincit,
1285 4265 1321 4318 ut
1335 4243 1393 4318 vix
1406 4271 1515 4339 praes-

212 4367 333 4432 tantius
348 4366 514 4449 quoddam
528 4369 652 4435 bonum
667 4369 800 4455 pmponi
815 4371 924 4453 possit,
939 4371 1032 4454 cujus
1048 4364 1249 4447 adsequendi
1265 4365 1369 4448 gratia
1383 4382 1515 4448 quoquo

212 4476 308 4542 modo
323 4480 364 4544 sit
379 4477 421 4544 ad
435 4479 550 4548 eodem
560 4481 687 4548 foedare
702 4481 927 4548 recedendum.
971 4481 1010 4546 ln
1024 4481 1088 4546 hac
1113 4478 1282 4563 utriusque
1296 4495 1416 4544 causae
1430 4494 1516 4542 com·
