3216 4988
207 361 270 425 226
436 385 543 432 raas
560 387 685 446 rarus,
710 387 953 434 nissaararro
968 389 1125 449 actara,
1148 392 1224 436 car.
1240 373 1266 436 1.

159 581 163 588 1
207 503 249 569 de
264 504 332 568 istis
348 505 380 568 in
398 489 580 588 praesentia
605 528 785 574 sermonem
802 510 979 590 instituam,
1005 523 1179 595 postquam
1195 514 1298 578 multa
1323 513 1494 578 tradiderim
1584 591 1585 594 Ἴ

145 649 148 654 -
207 611 240 674 iu
256 613 449 678 tractatione
466 613 506 676 de
522 615 687 686 beneficiis
710 619 947 684 aeclesiasticis.
990 621 1139 689 Tantum
1154 619 1272 701 dicam,
1293 641 1496 706 unumquem·
1584 637 1585 682 r

205 739 269 808 que
284 741 327 786 ex
352 723 486 788 Clericis
501 743 566 790 uon
593 737 721 792 tautum
739 729 769 790 ri
794 727 951 809 beneficii,
977 727 1105 810 siquod
1123 727 1254 809 habent,
1280 731 1338 810 sed
1358 732 1496 796 'etiamsi
1584 777 1585 784 .

177 861 181 868 ·
205 829 416 896 ordinationis
431 851 510 896 suae
525 833 569 897 ad
593 818 803 900 residendum
815 837 849 898 in
861 835 1025 914 maresia,
1038 837 1092 903 cui
1107 837 1261 921 adscripti
1284 837 1408 918 suerint,
1424 851 1498 904 tena-

206 937 241 1020 ri;
258 951 488 1024 proptereaque
502 944 624 1007 nemini
639 943 734 1006 licere
749 945 818 1008 siue
833 957 933 1008 causa
948 947 991 1010 ab
1005 945 1177 1011 Ordinatio
1192 949 1326 1030 probata
1340 949 1384 1012 ab
1400 949 1497 1013 Eccle

205 1045 255 1110 aia
268 1047 325 1110 diu
349 1049 471 1130 abessa,
493 1051 591 1138 etiam
618 1051 646 1114 si
661 1065 809 1136 ageretur
823 1051 865 1115 de
888 1053 1013 1117 Glauco
1028 1053 1122 1116 titulo
1146 1057 1329 1138 patrimonii
1351 1055 1497 1138 ordinata

203 1159 391 1242 praesertim
417 1170 590 1242 postquam
616 1161 649 1224 iu
675 1161 821 1224 Concilio
846 1159 1041 1226 Tridentino
1066 1173 1225 1228 statutum
1249 1163 1320 1245 fuit,
1346 1167 1497 1234 neminem

203 1267 303 1332 etiam
318 1269 411 1334 titulo
427 1271 610 1352 patrimonii
625 1267 843 1336 ordinandum
858 1290 939 1351 essa,
954 1271 1016 1334 uisi
1032 1271 1164 1352 utilitas,
1188 1271 1241 1336 vel
1257 1275 1433 1338 necessitas
1446 1275 1498 1338 Eo

203 1381 321 1445 clasiae
337 1381 369 1445 id
394 1381 586 1466 expostulat,
611 1402 690 1446 sess.
704 1381 756 1444 21.
772 1380 812 1444 da
837 1381 980 1468 Reform.
1003 1401 1074 1466 cap.
1098 1384 1138 1462 2.,
1155 1394 1187 1446 et
1202 1402 1280 1446 sass:
1306 1384 1359 1447 23.
1382 1383 1499 1450 dallei.

203 1507 274 1572 cap.
291 1489 350 1568 lb,
365 1489 420 1553 ubi
435 1489 598 1573 adjectum
612 1487 683 1567 fuit,
706 1499 742 1552 ut
756 1487 889 1554 Clericis
904 1481 1144 1556 interdiceretur
1165 1509 1330 1554 sacrorum
1345 1492 1500 1554 exercitio

203 1614 253 1676 ue,
268 1596 296 1660 si
321 1596 427 1660 locum
438 1595 626 1660 inconsulto
651 1595 814 1680 Episcopo
839 1595 1082 1662 deseruissent..
1110 1597 1198 1664 Hruc
1212 1597 1259 1678 fit,
1284 1609 1322 1662 ut
1334 1599 1501 1664 discessuri

202 1707 245 1772 ab
260 1705 407 1770 Ecclesia
423 1725 484 1769 sua
498 1703 660 1784 formatas,
676 1707 746 1774 sive
759 1704 1041 1770 commendatitias
1063 1707 1106 1770 ab
1121 1703 1294 1769 Ordinario
1308 1704 1420 1768 literas
1432 1707 1501 1798 obti·

201 1834 276 1878 aare
291 1815 441 1892 debeant,
453 1815 582 1906 facilius
597 1810 781 1897 caeteroqui
796 1813 1022 1908 concedendas
1036 1813 1194 1878 ordinatis
1208 1813 1303 1876 titulo
1316 1814 1500 1908 patrimoni,

201 1945 302 2008 quarn
317 1926 472 1990 ordinaris
489 1924 580 1988 titulo
596 1921 752 2002 beneficii,
768 1923 838 1986 siue
852 1921 972 2004 quibus
997 1923 1030 1986 iu
1052 1922 1125 1988 aliis
1150 1919 1353 1986 dioecesibus
1381 1922 1425 1986 ad
1450 1923 1500 1986 Sa·

201 2049 367 2101 eramenta
388 2033 647 2101 administranda
671 2055 726 2098 eos
741 2034 869 2098 admitti
892 2050 959 2097 non
975 2033 1078 2114 liceat,
1106 2023 1195 2098 dicto
1217 2052 1288 2116 cap.
1316 2031 1367 2098 16.
1385 2035 1422 2099 in
1444 2031 1502 2100 lino

201 2163 281 2208 sess.
307 2145 357 2208 23.
401 2143 567 2228 Exempla
589 2155 736 2209 ueterum
761 2143 973 2208 formatarum
998 2153 1113 2208 extant
1137 2143 1226 2226 apud
1251 2145 1450 2209 Gratianum
1472 2145 1501 2208 in

201 2273 273 2318 cau.
290 2255 328 2332 1.,
344 2263 374 2317 et
396 2253 425 2317 2
442 2253 514 2317 dist.
530 2253 590 2332 73.,
613 2269 816 2336 quamquam
830 2251 951 2334 ibidem
967 2269 1133 2335 perperam
1149 2251 1286 2316 tributae
1308 2253 1380 2316 sint
1400 2253 1503 2317 Niooe

89 2404 93 2413 -
201 2361 413 2441 tro-Concilio,
428 2373 460 2442 ct
480 2361 588 2426 Attico
609 2359 772 2442 Episcopo
798 2357 1165 2446 Constantinopolitano
1209 2355 1366 2421 Solebam
1391 2370 1502 2421 veterat

200 2470 366 2535 nonnuliis
381 2471 513 2536 Graecis
537 2469 636 2534 literis
651 2467 877 2534 numeralibus
904 2452 946 2532 e'x
963 2467 1169 2550 alphabetico
1191 2466 1438 2548 computatione
1451 2465 1502 2530 ior·

199 2587 305 2641 maras
329 2577 438 2642 literas
460 2577 659 2661 consignare¹
684 2595 724 2642 ne
746 2575 853 2640 facilis
867 2585 977 2642 essent
1002 2575 1201 2640 imitationis.
1229 2575 1358 2658 *Atque
1381 2573 1504 2640 camob

199 2707 268 2753 rem
283 2690 457 2756 utebantur
471 2701 594 2775 septam
620 2709 718 2774 supra
735 2689 850 2772 viginti
865 2688 976 2769 literis,
1000 2685 1280 2772 quamadmodum
1306 2683 1405 2750 docet
1419 2685 1504 2768 aas

199 2817 245 2867 uo
267 2801 302 2866 in
316 2802 385 2868 libr.
409 2805 437 2866 1.
453 2801 494 2866 de
517 2802 742 2866 ecclesiasticis
764 2799 945 2883 disciplinis
960 2819 1030 2883 cap.
1045 2799 1119 2864 tar.
1144 2799 1187 2866 ad
1209 2797 1436 2884 designandos
1450 2815 1505 2868 uu·

200 2933 306 2980 meros
319 2933 424 3000 usqua
439 2913 483 2980 ad
498 2925 688 2999 nongentos,
711 2913 774 2981 hac
790 2911 940 2978 uidelicet
960 2913 1093 2976 ratione:

201 3270 261 3332 Aa
364 3265 714 3344 teagnotornamrrm
825 3265 918 3329 rat
961 3302 1441 3324 ..........
1470 3259 1509 3322 rt

200 3341 918 3406 Bt..........200
963 3383 1440 3404 ..........
1468 3341 1508 3402 70
