3250 4976
76 437 83 446 “
154 427 217 494 306
379 447 469 492 eras
486 445 657 511 account,
677 447 921 495 oresunourro
936 449 1084 524 Teucri,
1101 450 1178 495 cro.
1194 425 1237 496 11.

154 593 226 640 sam
242 583 327 658 partu,
344 537 530 652 lurjurmodi
545 573 735 646 facultatem
750 572 944 658 denegatam
960 574 1143 654 Garrmiets,
1159 573 1200 638 de
1215 573 1335 658 quihus
1350 574 1446 658 agitur

153 687 188 757 iu
202 704 274 768 can
289 685 319 748 2.
329 683 376 822 due
390 681 451 761 bis,
466 703 551 765 quae
567 683 650 748 fiunt
665 689 684 750 a
700 684 776 766 maj
793 695 882 764 parte
895 683 1001 766 capit,
1028 685 1090 750 nist
1083 684 1192 767 'qrrod
1208 683 1301 750 nullo
1315 684 1442 768 sinoda-

151 791 264 840 nrum
383 791 434 826 u„-
453 791 531 836 ιιιιι
514 787 663 856 mfflbr
678 804 858 866 competere
872 793 1099 856 ostendissent

194 791 326 932 Positis
329 803 389 934 his
404 875 609 956 gotteralibus
626 881 752 961 regulis,
780 881 883 973 mrrlta
898 885 1008 952 fluunt
1032 893 1239 958 consectaria.
1284 895 1328 960 Bt
1352 899 1444 980 primu

150 977 342 1061 colligimus,
372 993 494 1046 attento
514 986 586 1068 jure
608 966 838 1070 Decretalium,
867 965 1049 1080 Episcopus
1078 1011 1153 1064 ante
1182 1007 1445 1074 consecrationem

112 1092 114 1096 ’
150 1081 341 1152 confirmata
357 1087 511 1155 electione
535 1113 628 1176 posse
643 1117 796 1164 censuras
813 1099 935 1182 inferre,
958 1125 1029 1188 cap.
1048 1111 1096 1172 l5.
1113 1107 1154 1174 de
1165 1111 1258 1179 elect
1303 1115 1391 1188 Dico,
1405 1128 1447 1182 at

149 1199 318 1280 tentnjure
348 1197 574 1280 Decretalium,
601 1207 677 1288 quia
704 1207 792 1272 aliud
820 1210 958 1276 obtinuit
973 1227 1044 1296 post
1068 1229 1338 1302 extravagantem
1366 1225 1391 1286 l.
1407 1222 1445 1286 dc

149 1304 239 1370 elect.
256 1309 311 1372 int.
327 1327 455 1388 comm,
481 1313 601 1394 qrribus
617 1315 649 1378 in
668 1316 843 1398 l'rouinciis
869 1341 907 1384 ea
923 1336 1049 1406 recepta
1065 1339 1122 1391 est.
1166 1329 1319 1396 Secuudn
1334 1333 1446 1416 colligi

147 1433 229 1495 mira,
255 1418 286 1480 iu
304 1419 466 1482 nerninem
495 1441 588 1502 nosce
602 1441 676 1488 eam
703 1439 891 1508 potestatem
907 1434 1056 1514 exerceri,
1085 1437 1145 1500 nisi
1168 1441 1222 1520 qui
1234 1441 1445 1526 jurisdictioni

146 1531 343 1615 subjiciatur,
360 1529 502 1614 ejusdem
514 1533 749 1616 jurisdictionis
764 1539 861 1602 niodo
874 1555 1010 1622 serrano,
1036 1565 1106 1630 cap.
1125 1549 1174 1612 ll.
1189 1549 1241 1613 29.
1256 1549 1298 1614 de
1310 1551 1403 1632 offic,
1416 1565 1445 1615 et

145 1653 258 1730 puteat.
268 1641 335 1724 jud.
353 1643 467 1726 deteg,
483 1663 553 1728 cap.
569 1647 598 1710 7.
615 1641 656 1710 de
671 1645 753 1723 offic,
771 1648 875 1732 legati,
891 1653 1031 1750 croniti..
1048 1657 1096 1718 11.
1111 1657 1153 1720 de
1168 1661 1286 1742 maior,
1302 1673 1337 1726 et
1350 1659 1445 1739 obed,

145 1761 215 1838 dap.
241 1755 292 1820 21.
308 1753 347 1818 de
374 1767 510 1818 sentent.
534 1773 693 1818 excomm.
739 1757 860 1836 Tertia,
888 1762 1033 1828 vicarios
1056 1763 1232 1832 Gerrerales
1256 1757 1444 1842 §Praelatio

146 1861 217 1926 eam
234 1863 421 1928 lacttltatem
445 1863 641 1930 habentibus
654 1865 854 1942 constitutos,
870 1865 930 1930 etsi
944 1865 1279 1944 Sacerdotiuminime
1297 1869 1445 1948 initiales,

142 1967 220 2032 item
236 1969 434 2048 Cardinales,
447 2023 451 2030 .
462 1983 559 2054 atque
573 1974 717 2042 rlbbates
733 1991 797 2039 uon
822 1973 1029 2056 Pmsbytcroa
1042 1995 1098 2040 seu
1116 1977 1306 2057 saeculares,
1332 1995 1388 2042 seu
1405 1998 1445 2040 re·

143 2079 275 2162 gularesi
294 2079 327 2144 iu
355 2080 521 2160 Ecclesiis,
548 2083 580 2146 in
607 2083 728 2165 quibus
755 2080 981 2164 Episcopalem
1006 2083 1262 2167 jurisdictionem
1287 2097 1446 2166 exercent,

142 2206 295 2254 oensutas
316 2193 387 2275 jure
413 2189 535 2255 inferre.
581 2173 711 2264 Quarto
735 2193 928 2280 colligimus,
955 2193 1036 2262 nibil
1056 2211 1245 2278 repugnate,
1266 2199 1446 2280 qrurmiuus

142 2301 288 2384 superior
308 2299 538 2384 jurisdictione,
555 2301 629 2366 licet
643 2305 755 2367 urdine
770 2305 873 2370 mium
888 2303 938 2385 sit,
955 2314 1041 2366 notet
1055 2321 1130 2366 eitra
1146 2317 1297 2384 cendum,
1317 2305 1377 2386 qui
1392 2303 1446 2366 mi-

97 2399 102 2408 ’
140 2425 199 2472 nor
213 2410 253 2473 sit
274 2409 506 2492 jurisdictione,
529 2411 831 2496 ctordinenrajor,
857 2411 1309 2494 qurematlorodumcontingit
1336 2411 1370 2476 iu
1396 2410 1445 2474 Vi

140 2517 227 2582 cirtio
241 2515 382 2600 getremli
409 2518 647 2602 Archiepiscopi
659 2519 916 2604 jurisdictionem
941 2532 1110 2586 exercente
1122 2521 1159 2608 iu
1185 2519 1369 2606 Europos
1382 2519 1447 2589 rus·

138 2625 317 2709 stagaueos,
343 2639 535 2709 argumento
549 2630 683 2692 canonia
711 2631 739 2692 l.
754 2629 825 2692 dist.
842 2629 902 2708 34,
918 2647 989 2692 ean.
1017 2629 1046 2693 3.
1060 2649 1150 2722 caris.
1166 2632 1195 2693 6.
1210 2642 1338 2713 qtmest.
1362 2631 1406 2709 1.,
1418 2639 1448 2692 et

139 2743 210 2821 can.
225 2739 276 2802 52.
293 2737 334 2802 de
355 2748 435 2802 serat.
452 2757 611 2804 excomm.
636 2758 838 2822 qttamquam
855 2751 962 2804 tornea
979 2738 1212 2820 fatendumst,
1228 2743 1340 2823 uragis
1356 2747 1448 2816 deco·

140 2865 220 2924 rum,
236 2855 267 2910 et
284 2845 455 2912 honestum
483 2850 626 2926 existere,
644 2850 669 2910 si
687 2849 718 2912 in
745 2859 972 2912 eo'cartsarum
989 2867 1104 2930 genere
1132 2849 1376 2936 Archiepiscnpr
1393 2869 1448 2934 per

138 2973 173 3016 se
186 2956 380 3018 senteutiam
408 2953 519 3033 serant,
536 2947 726 3040 argumento
752 2959 886 3024 cationis
900 2958 930 3026 4.
947 2962 976 3022 5.
992 2961 1021 3031 6.
1037 2961 1067 3022 7.
1088 2962 1118 3026 6.
1133 2961 1164 3024 9.
1179 2959 1253 3024 dist.
1277 2961 1343 3038 21,
1361 2979 1446 3024 eant-

137 3066 257 3147 queob
284 3087 348 3130 rem
366 3067 541 3132 Pontifices
568 3067 704 3134 Maximi
721 3069 897 3152 aliquando
923 3071 1122 3153 qttibusdam
1144 3071 1375 3156 suffraganeis
1402 3077 1447 3138 iu·

137 3175 315 3256 misorum,
344 3179 434 3240 utab
451 3179 649 3244 Olliciolibus
675 3180 995 3263 Metropolitanourm
1011 3197 1147 3242 certonia
1172 3182 1276 3248 notari
1291 3199 1449 3264 nou-pns-

136 3297 216 3362 sout,
232 3285 407 3366 cap.1ur
426 3283 489 3347 fine
504 3285 544 3346 dc
559 3284 641 3348 ullu
662 3285 863 3368 Judrcrsord
881 3288 959 3354 iub.
1004 3287 1329 3365 Quiutn‚censuram
1354 3303 1449 3353 extra

125 3398 328 3460 ,territurium
344 3409 443 3462 etiam
468 3399 499 3463 in
517 3397 663 3462 subditos
679 3399 779 3464 latam
805 3400 933 3464 nullum
949 3399 1100 3469 effectum
1117 3399 1245 3478 hebere,
1268 3421 1343 3484 cap.
1360 3401 1392 3466 2.
1408 3399 1450 3465 de

134 3519 235 3575 minat.
253 3528 286 3572 rn
300 3509 340 3587 6
368 3509 442 3572 licet
456 3527 593 3572 censura
610 3509 807 3590 perennalis
800 3527 834 3572 ut
849 3509 1002 3573 territorio
1029 3510 1095 3574 lata
1110 3508 1256 3572 subditos
1270 3510 1375 3574 semel
1394 3527 1450 3572 no-

135 3621 1001 3706 tatosdeindequocumqueaberiutesafficerepergat,
1018 3641 1089 3688 cati.
1103 3621 1152 3686 24.
1166 3639 1255 3684 caus,
1271 3623 1302 3684 7.
1316 3633 1451 3704 quaest.
1518 3711 1521 3716 ,

137 3739 174 3816 1.,
190 3753 260 3818 cap.
291 3732 513 3816 Idicraptnn,
540 3751 610 3814 cap.
628 3729 733 3794 lli-de
759 3742 1013 3800 sentaexcoturn.
1037 3730 1116 3792 iuli.
1162 3726 1322 3808 Exceptio
1346 3728 1448 3790 eratin

134 3865 180 3928 co,
196 3849 251 3930 qui
267 3853 287 3911 a
302 3845 440 3908 dioecesi
454 3845 556 3906 ¹abeat
570 3841 729 3904 adversus
743 3840 935 3904 residentiae
951 3840 1046 3922 lugete
1068 3838 1189 3902 etenim
1205 3839 1237 3900 in
1253 3853 1359 3900 curma
1376 3839 1449 3918 ipse
1467 3847 1471 3857 ·

96 3989 100 3996 ·
134 3957 276 4024 uiolatae
292 3954 490 4030 residentiae,
519 3951 592 4014 licet
606 3951 733 4029 absens,
749 3967 887 4013 censura
902 3952 1003 4012 notari
1020 3949 1142 4032 poterit,
1155 3946 1450 4027 cum-inspiciatur

134 4077 211 4131 tunc
227 4087 290 4130 uon
310 4069 411 4143 locus,
435 4065 548 4144 inquo
564 4077 701 4145 perunna
727 4059 897 4138 inuenitur,
924 4057 981 4122 sed
998 4059 1088 4122 locus
1101 4057 1220 4135 delicti,
1237 4057 1307 4118 siva
1323 4053 1448 4119 deserti

121 4175 245 4258 *contra
260 4175 347 4257 leges
362 4171 467 4249 officii,
483 4189 554 4251 cap.
572 4172 621 4232 ll.
637 4167 678 4232 de
694 4169 777 4232 Oler.
794 4187 858 4232 uon
875 4167 968 4232 tenid.
1014 4167 1186 4236 Enatrtem
1202 4171 1310 4228 miuus
1328 4165 1451 4250 poterit

133 4285 207 4366 quis
223 4275 366 4347 alienum
383 4281 551 4344 subditum
568 4295 706 4340 cerasum
719 4290 1044 4370 troanie,mgttmerrtn
1056 4278 1193 4342 cationis
1210 4279 1248 4354 1.,
1261 4275 1336 4338 ot2,
1354 4293 1450 4340 caus.

132 4393 162 4461 6
178 4405 302 4474 qrtaest.
315 4395 353 4470 3.,
367 4393 429 4454 nist
443 4392 505 4454 iste
516 4389 687 4470 deliquerit
699 4388 730 4452 iu
744 4387 832 4450 illius
842 4386 987 4458 diumeoi
999 4403 1071 4450 oen.
1083 4387 1113 4458 4
1126 4389 1156 4453 5.
1169 4403 1258 4450 carra
1269 4386 1300 4449 6
1311 4397 1450 4466 quaeest.

137 4496 178 4580 2.,
195 4500 246 4562 rel
272 4500 334 4580 nini
360 4499 572 4562 dioecesanus
597 4496 785 4574 eotrsctrtiat,
812 4509 883 4557 can.
899 4495 928 4558 7.
955 4513 1044 4558 caue.
1069 4495 1098 4559 9.
1124 4505 1248 4578 quaeat.
1264 4491 1293 4555 3.
1340 4493 1452 4560 Sexto
