3276 4984
209 415 251 482 88
543 421 784 474 orssaarsrro
806 415 980 476 sueonos,
1003 411 1079 459 cra.
1101 387 1155 457 Π.

206 567 292 646 quet,
307 573 459 642 sponsam
474 550 585 617 audita
600 547 710 632 sponsi
724 543 857 607 saevitia
881 559 946 604 non
960 537 1051 602 aliter
1064 534 1124 599 sibi
1138 531 1271 609 cavisse,
1286 543 1388 610 quant
1401 522 1505 588 couti-
1615 551 1616 556 κ

207 669 352 737 nentiam
367 659 553 748 profitend03
569 647 879 742 praeterquamquod
894 647 989 725 enirn,
1005 641 1092 726 quod
1106 637 1225 705 ibidem
1239 635 1362 711 dicitur,
1378 629 1420 694 ad
1433 629 1505 704 sao-

207 789 278 842 tum
293 772 396 856 potius
411 767 553 852 pertinet,
579 781 646 826 non
656 762 710 846 jus
724 757 897 838 constituit3
913 755 1055 829 observo,
1081 765 1154 812 eam
1170 759 1330 827 sponsam,
1345 757 1431 822 quae
1445 755 1502 800 ve-

207 888 341 962 rebatur,
357 901 398 943 ne
413 875 540 941 terribili
556 889 673 956 sponso
694 869 814 932 nubere
828 876 993 949 cogeretur
1007 879 1072 924 non
1087 857 1282 939 compertam
1295 849 1427 915 omnino
1441 847 1502 910 he-

204 995 312 1061 buisse
337 987 446 1072 sponsi
460 981 637 1060 saevitiam,
664 977 720 1041 sed
735 987 861 1040 tantum
876 971 970 1056 plura
994 970 1036 1033 de
1049 969 1118 1054 eJ'us
1133 964 1301 1030 serentate
1324 958 1501 1024 audivisse.

246 1099 384 1181 Quoties
398 1095 474 1182 ‘fato
489 1089 631 1176 quodam
655 1083 828 1150 miserabili
842 1083 960 1146 vitium
981 1078 1120 1162 corporis
1141 1091 1286 1158 sponsus,
1312 1069 1364 1132 vol
1377 1085 1502 1151 sponsa
1615 1107 1616 1112 η

205 1208 429 1286 contraxerint,
444 1199 477 1267 et
489 1201 561 1282 tale,
576 1219 619 1262 ex
632 1215 698 1279 quo
722 1191 992 1279 prudentissimus
1011 1187 1149 1270 quisque
1160 1181 1288 1267 judicet,
1303 1187 1361 1244 aut
1376 1179 1501 1242 tristem

206 1317 385 1388 admodum
397 1313 541 1378 suturam
561 1303 756 1372 matrimonii
770 1301 1022 1378 celebrationem,
1044 1307 1101 1360 aut
1115 1293 1301 1358 alterutrum
1315 1309 1359 1354 ex
1371 1287 1502 1372 sponsis
1615 1305 1616 1380 ᾗ

205 1429 299 1496 facile
313 1425 430 1502 statim,
454 1431 486 1485 et
511 1420 580 1504 ipso
605 1412 805 1500 sponsalium
826 1421 967 1492 tempore
989 1425 1054 1472 uon
1076 1412 1315 1470 contracturum
1336 1398 1447 1476 luisse,
1470 1396 1501 1460 si
1615 1421 1616 1468 5

205 1539 293 1624 quod
317 1535 498 1600 infaustum
512 1525 636 1607 accidit,
662 1519 879 1608 praevidisset,
894 1515 1058 1602 sponsalia
1082 1523 1210 1596 petente
1224 1529 1302 1576 sano
1323 1506 1501 1572 dissolven-
1615 1491 1616 1572 l

204 1659 265 1714 tur.
308 1641 401 1716 uuio
415 1641 502 1705 enim
517 1657 567 1701 arc
583 1655 639 1719 gr,
655 1633 682 1696 si
708 1648 827 1716 sponsa
852 1628 920 1692 vim
949 1645 1045 1710 paese
1073 1625 1115 1688 ab
1137 1621 1200 1688 elio
1226 1617 1353 1684 inisset?
1395 1615 1500 1698 uuirt,
1615 1703 1616 1730 1

204 1759 233 1824 ei
261 1755 373 1821 morbo
400 1747 598 1835 gravissimo,
628 1741 823 1826 praesertim*
843 1737 974 1817 sontico,
995 1735 1047 1799 vel
1062 1733 1126 1798 alio
1140 1748 1343 1815 quocumque
1371 1728 1503 1793 insons·
1615 1739 1616 1798 t

203 1863 261 1927 bili
274 1854 495 1942 corriperetur?
537 1851 600 1916 His
615 1867 703 1928 sane,
729 1867 767 1910 ec
794 1845 953 1910 similibus
980 1841 1202 1906 evenientibus
1229 1839 1358 1903 casibus
1386 1835 1503 1902 dissol-

206 1973 241 2036 vi
270 1967 435 2054 sponsalia
458 1981 559 2048 posse,
588 1957 716 2022 videtur
742 1954 960 2019 insinuavisse
983 1945 1189 2016 Innocentius
1203 1949 1263 2014 ill.
1278 1949 1313 2012 in
1327 1946 1414 2012 dieto
1427 1963 1500 2030 cept

205 2081 256 2146 25.
271 2079 312 2142 de
322 2069 537 2162 jurejurando,
553 2067 713 2134 versiculo
749 2064 900 2142 Quodsi,
915 2059 969 2126 oui
994 2059 1072 2125 eddi
1095 2069 1206 2143 potest
1220 2057 1401 2142 capitulum
1413 2055 1443 2120 3.
1457 2054 1502 2118 de
1615 2057 1616 2136 J

206 2191 332 2274 conjug.
348 2187 552 2268 leprosorum.

247 2287 321 2363 Non
349 2292 514 2358 dissimilis
542 2301 595 2354 est
619 2297 780 2372 postrema
807 2283 996 2348 mutationis
1024 2299 1133 2362 caum,
1163 2295 1246 2362 quae
1267 2274 1320 2339 vel
1343 2269 1503 2354 emutuit
1615 2325 1616 2376 ᾗ

209 2405 244 2468 in
258 2401 475 2478 facultatibus,
486 2397 539 2461 vel
553 2395 760 2480 inadjunotis
774 2393 820 2456 rei
835 2379 1008 2456 familiaris.
1051 2389 1138 2454 Hicn
1152 2381 1504 2471 sponsaliedissclven·
1615 2427 1616 2468 ,

206 2524 266 2588 mr,
282 2508 410 2590 quoties
421 2505 574 2568 alteruter
586 2521 627 2567 ex
643 2501 770 2586 sponsis
788 2511 929 2582 tempore
944 2495 1144 2581 sponaenum
1170 2492 1262 2560 dives
1291 2492 1325 2556 in
1352 2489 1506 2574 gravissi·
1615 2481 1616 2564 ξ

204 2635 296 2682 mam
324 2611 441 2678 deinde
470 2609 591 2674 ineidat
606 2618 837 2693 paupertatem,
853 2623 947 2670 secus
975 2615 1085 2668 tamen
1100 2619 1139 2664 ec
1153 2599 1320 2681 continget
1331 2598 1366 2661 in
1380 2615 1427 2677 eo,
1444 2597 1504 2679 qui
1615 2613 1616 2686 j

210 2743 286 2791 cum
301 2735 441 2807 ternpore
466 2719 666 2806 sponsalium
680 2735 803 2802 pauper
829 2724 921 2796 esset,
937 2713 1082 2796 ingentes
1111 2709 1227 2774 deinde
1254 2727 1332 2792 opes
1361 2706 1505 2790 adquisi-
1615 2767 1616 2790 ξ

207 2834 263 2914 vit;
294 2849 370 2894 cum
391 2829 481 2899 aliud
510 2829 560 2908 sit,
588 2845 787 2910 quemquam
816 2825 849 2888 in
872 2823 1002 2888 meliore
1027 2820 1156 2885 fortuna
1170 2815 1432 2898 collocari,·aliud
1447 2835 1505 2880 no·

206 2959 266 3004 vas
294 2959 454 3022 emergere
481 2937 545 3000 odii
560 2955 677 3000 causas
699 2937 734 2998 in
748 2953 794 3014 eo,
818 2935 910 3017 cujus
939 2932 1038 2996 fidem
1066 2929 1232 3013 quondam
1260 2928 1503 2993 obstrinximns.
1615 2909 1616 2920 ἵ

207 3052 306 3121 Quae
320 3046 490 3110 tamen'ita
505 3063 629 3126 semper
658 3041 866 3125 intelligenda
894 3041 1001 3116 velim,
1028 3048 1064 3101 ut
1078 3039 1116 3116 is,
1139 3037 1253 3118 inquo
1268 3034 1359 3098 nulla
1386 3033 1505 3099 imunt-

209 3157 286 3219 tetio
301 3153 464 3236 contingit,
480 3153 599 3216 resilire
614 3153 723 3235 possit,
739 3151 767 3214 si
780 3149 865 3230 velit,
895 3165 961 3212 non
976 3167 1051 3210 vero
1079 3146 1176 3210 etiam
1204 3145 1324 3208 resilire
1338 3144 1445 3207 velent
1460 3143 1508 3208 al·
1615 3185 1616 3222 ,

209 3265 334 3346 ter,¹qui
348 3263 612 3342 immutationem,
643 3260 711 3323 slve
733 3257 943 3322 infortunium
968 3275 1084 3339 passus
1108 3268 1164 3319 est
1208 3254 1260 3318 Ad
1286 3255 1438 3338 adjuncta
1458 3255 1507 3318 rei
1615 3235 1616 3318 ἶ

209 3369 383 3450 familiaris,
398 3371 516 3453 quibus
537 3371 718 3433 immutatis
747 3367 909 3450 sponsalia
929 3365 1062 3430 dissolvi
1090 3377 1234 3450 possunt,
1263 3365 1344 3430 illud
1374 3375 1507 3448 spectat,
1615 3353 1616 3428 ]

211 3481 297 3564 quod
324 3481 407 3544 tradi
436 3481 525 3560 solet,
554 3480 741 3544 alterutrum
756 3497 797 3540 ex
813 3475 940 3559 sponsis
960 3477 1115 3555 excusari,
1131 3477 1158 3540 si
1174 3473 1272 3538 fidem
1301 3475 1431 3558 implere
1459 3495 1508 3538 re-
1615 3473 1616 3514 ³

209 3601 308 3670 cuset,
324 3591 448 3672 quoties
464 3591 545 3652 inter
574 3605 717 3672 sponsos,
739 3587 792 3648 vel
821 3601 1011 3668 sponsorum
1036 3593 1191 3666 parentes,
1220 3580 1376 3664 capitales
1403 3580 1507 3643 inimi·
1615 3603 1616 3620 ¹

213 3703 307 3765 ciriae
321 3703 468 3764 subortae
483 3701 608 3780 fuerint,
624 3719 683 3764 nec
698 3697 792 3762 facile
807 3709 949 3780 speretur
969 3696 1189 3774 reconciliatio,
1206 3711 1246 3757 ue
1261 3693 1381 3756 scilicet
1394 3690 1509 3756 infelix
1615 3695 1616 3764 ξ

214 3811 255 3873 sit
269 3809 454 3893 hujusmodi
479 3809 700 3891 conjugiorum
714 3801 933 3886 exitus,'.quod
958 3823 1084 3886 semper
1108 3799 1321 3866 avertendum
1336 3799 1418 3862 sacri
1448 3799 1510 3862 Ga·
1615 3805 1616 3860 ζ

214 3935 315 3979 nones
347 3915 522 3996 voluerunt,
552 3932 623 3977 cun.
653 3915 682 3977 3.
712 3933 799 3976 caus.
830 3913 881 3977 31.
911 3923 1033 3995 quaest.
1059 3913 1099 3993 2,
1114 3929 1183 3993 cap.
1199 3911 1238 3990 2,
1253 3919 1285 3973 et
1299 3910 1345 3972 17.
1361 3905 1402 3970 d'e
1417 3925 1512 3990 spon-

216 4023 348 4085 salibus.

257 4131 422 4195 Postrema
435 4149 543 4210 causa,
567 4149 631 4213 qua
646 4151 687 4194 ex
713 4143 801 4213 parte
816 4130 999 4193 alterutrius
1028 4127 1136 4210 sponsi
1147 4124 1313 4208 'sponsalia
1328 4123 1512 4188 dtssolvun·
1615 4197 1616 4200 Ἴ

216 4236 276 4318 tur,
292 4249 350 4318 est,
363 4257 465 4319 qnum
481 4257 567 4302 unus
582 4259 623 4302 ex
638 4239 716 4321 ipsis
730 4241 853 4304 obicem
883 4239 982 4321 ponit,
998 4257 1038 4300 ne
1053 4235 1196 4318 legitimo
1224 4245 1365 4317 tempore
1379 4251 1512 4316 sporus·

217 4349 262 4412 lie
275 4350 512 4430 contrahantur,
542 4353 620 4433 quin
636 4349 731 4416 nullu
759 4352 902 4432 legitima
917 4349 1019 4413 subsit
1047 4347 1188 4431 ponendi
1213 4347 1318 4409 obicis·
1340 4347 1429 4409 ratio.
1473 4345 1513 4408 Id
1615 4401 1616 4408 ,

219 4475 270 4518 er.
284 4475 330 4538 gr.
345 4457 509 4542 contingit,
524 4459 925 4543 quotiessponsaliadiem
945 4457 1068 4521 hebent
1094 4455 1263 4542 adjectam,
1292 4455 1416 4538 dieque
1439 4471 1516 4520 era·
1615 4489 1616 4518 ;
