<?xml version="1.0" encoding="UTF-8"?>
<!DOCTYPE html PUBLIC "-//W3C//DTD XHTML 1.0 Transitional//EN"
    "http://www.w3.org/TR/xhtml1/DTD/xhtml1-transitional.dtd">
<html xmlns="http://www.w3.org/1999/xhtml" xml:lang="en" lang="en">
 <head>
  <title>
</title>
<meta http-equiv="Content-Type" content="text/html;charset=utf-8" />
  <meta name='ocr-system' content='tesseract 3.04.00' />
  <meta name='ocr-capabilities' content='ocr_page ocr_carea ocr_par ocr_line ocrx_word'/>
</head>
<body>
  <div class='ocr_page' id='page_1' title='image "./carolisebastian00beragoog_0320.png"; bbox 0 0 3146 4980; ppageno 0'>
   <div class='ocr_carea' id='block_1_1' title="bbox 307 445 1432 538">
    <p class='ocr_par' dir='ltr' id='par_1_1' title="bbox 307 445 1432 538">
     <span class='ocr_line' id='line_1_1' title="bbox 307 445 1432 538; baseline 0.015 -41"><span class='ocrx_word' id='word_1_1' title='bbox 307 453 356 498; x_wconf 79' lang='lat' dir='ltr'>sn</span> <span class='ocrx_word' id='word_1_2' title='bbox 370 451 544 518; x_wconf 73' lang='lat' dir='ltr'>crunnus,</span> <span class='ocrx_word' id='word_1_3' title='bbox 559 453 623 506; x_wconf 78' lang='lat' dir='ltr'>ent</span> <span class='ocrx_word' id='word_1_4' title='bbox 640 455 732 503; x_wconf 79' lang='lat' dir='ltr'>stntr</span> <span class='ocrx_word' id='word_1_5' title='bbox 750 459 837 504; x_wconf 82' lang='lat' dir='ltr'>stuc</span> <span class='ocrx_word' id='word_1_6' title='bbox 852 457 1036 508; x_wconf 80' lang='lat' dir='ltr'>ncurrrur.</span> <span class='ocrx_word' id='word_1_7' title='bbox 1260 445 1329 514; x_wconf 79' lang='lat' dir='ltr'>stt</span> <span class='ocrx_word' id='word_1_8' title='bbox 1428 525 1432 538; x_wconf 90' lang='lat'>.</span> 
     </span>
    </p>
   </div>
   <div class='ocr_carea' id='block_1_2' title="bbox 56 573 1446 1108">
    <p class='ocr_par' dir='ltr' id='par_1_2' title="bbox 56 573 1446 1108">
     <span class='ocr_line' id='line_1_2' title="bbox 59 573 1326 667; baseline 0.016 -31"><span class='ocrx_word' id='word_1_9' title='bbox 59 573 126 656; x_wconf 89' lang='lat' dir='ltr'>giurn</span> <span class='ocrx_word' id='word_1_10' title='bbox 138 573 314 639; x_wconf 90' lang='lat' dir='ltr'>sttstinetur.</span> <span class='ocrx_word' id='word_1_11' title='bbox 358 577 446 650; x_wconf 87' lang='lat' dir='ltr'>Hinc</span> <span class='ocrx_word' id='word_1_12' title='bbox 460 577 550 644; x_wconf 88' lang='lat' dir='ltr'>liberi</span> <span class='ocrx_word' id='word_1_13' title='bbox 565 580 664 663; x_wconf 87' lang='lat' dir='ltr'>geniti</span> <span class='ocrx_word' id='word_1_14' title='bbox 679 601 722 646; x_wconf 83' lang='lat' dir='ltr'>ex</span> <span class='ocrx_word' id='word_1_15' title='bbox 736 583 886 667; x_wconf 86' lang='lat' dir='ltr'>conjugio</span> <span class='ocrx_word' id='word_1_16' title='bbox 900 595 1064 650; x_wconf 86' lang='lat' dir='ltr'>contracto</span> <span class='ocrx_word' id='word_1_17' title='bbox 1082 593 1102 654; x_wconf 77' lang='lat' dir='ltr'>a</span> <span class='ocrx_word' id='word_1_18' title='bbox 1118 587 1326 656; x_wconf 79' lang='lat' dir='ltr'>filiofamilias</span> 
     </span>
     <span class='ocr_line' id='line_1_3' title="bbox 57 685 1324 784; baseline 0.019 -42"><span class='ocrx_word' id='word_1_19' title='bbox 57 685 265 748; x_wconf 86' lang='lat' dir='ltr'>siueconsensu</span> <span class='ocrx_word' id='word_1_20' title='bbox 281 687 389 767; x_wconf 89' lang='lat' dir='ltr'>patris,</span> <span class='ocrx_word' id='word_1_21' title='bbox 416 686 506 751; x_wconf 84' lang='lat' dir='ltr'>liberi</span> <span class='ocrx_word' id='word_1_22' title='bbox 520 709 562 752; x_wconf 87' lang='lat' dir='ltr'>ex</span> <span class='ocrx_word' id='word_1_23' title='bbox 577 689 684 754; x_wconf 88' lang='lat' dir='ltr'>aliena</span> <span class='ocrx_word' id='word_1_24' title='bbox 699 709 817 774; x_wconf 88' lang='lat' dir='ltr'>sponsa</span> <span class='ocrx_word' id='word_1_25' title='bbox 833 693 930 758; x_wconf 89' lang='lat' dir='ltr'>ducta</span> <span class='ocrx_word' id='word_1_26' title='bbox 947 715 1047 760; x_wconf 83' lang='lat' dir='ltr'>uxore</span> <span class='ocrx_word' id='word_1_27' title='bbox 1062 703 1212 784; x_wconf 79' lang='lat' dir='ltr'>suscepti,</span> <span class='ocrx_word' id='word_1_28' title='bbox 1234 701 1324 766; x_wconf 89' lang='lat' dir='ltr'>liberi</span> 
     </span>
     <span class='ocr_line' id='line_1_4' title="bbox 57 794 1323 893; baseline 0.015 -39"><span class='ocrx_word' id='word_1_29' title='bbox 57 794 178 872; x_wconf 87' lang='lat' dir='ltr'>procreati</span> <span class='ocrx_word' id='word_1_30' title='bbox 192 813 233 857; x_wconf 81' lang='lat' dir='ltr'>ex</span> <span class='ocrx_word' id='word_1_31' title='bbox 246 796 395 879; x_wconf 90' lang='lat' dir='ltr'>conjugio</span> <span class='ocrx_word' id='word_1_32' title='bbox 418 807 476 860; x_wconf 89' lang='lat' dir='ltr'>aut</span> <span class='ocrx_word' id='word_1_33' title='bbox 488 798 618 862; x_wconf 87' lang='lat' dir='ltr'>omissis</span> <span class='ocrx_word' id='word_1_34' title='bbox 633 799 673 862; x_wconf 88' lang='lat' dir='ltr'>de</span> <span class='ocrx_word' id='word_1_35' title='bbox 689 802 953 884; x_wconf 73' lang='lat' dir='ltr'>nuntiationibus,</span> <span class='ocrx_word' id='word_1_36' title='bbox 970 817 1027 870; x_wconf 91' lang='lat' dir='ltr'>aut</span> <span class='ocrx_word' id='word_1_37' title='bbox 1042 806 1153 871; x_wconf 84' lang='lat' dir='ltr'>t&#39;eriatc</span> <span class='ocrx_word' id='word_1_38' title='bbox 1173 821 1323 893; x_wconf 87' lang='lat' dir='ltr'>tempore,</span> 
     </span>
     <span class='ocr_line' id='line_1_5' title="bbox 56 902 1322 996; baseline 0.018 -37"><span class='ocrx_word' id='word_1_39' title='bbox 56 910 94 960; x_wconf 86' lang='lat' dir='ltr'>aut</span> <span class='ocrx_word' id='word_1_40' title='bbox 112 912 212 964; x_wconf 87' lang='lat' dir='ltr'>contra</span> <span class='ocrx_word' id='word_1_41' title='bbox 227 902 433 969; x_wconf 86' lang='lat' dir='ltr'>interdictum</span> <span class='ocrx_word' id='word_1_42' title='bbox 459 904 627 969; x_wconf 82' lang='lat' dir='ltr'>Ecclesiae</span> <span class='ocrx_word' id='word_1_43' title='bbox 652 907 819 996; x_wconf 82' lang='lat' dir='ltr'>celebrato,</span> <span class='ocrx_word' id='word_1_44' title='bbox 847 920 879 972; x_wconf 88' lang='lat' dir='ltr'>ot</span> <span class='ocrx_word' id='word_1_45' title='bbox 894 909 946 973; x_wconf 87' lang='lat' dir='ltr'>his</span> <span class='ocrx_word' id='word_1_46' title='bbox 961 929 1026 976; x_wconf 90' lang='lat' dir='ltr'>non</span> <span class='ocrx_word' id='word_1_47' title='bbox 1042 913 1214 996; x_wconf 79' lang='lat' dir='ltr'>absimiles,</span> <span class='ocrx_word' id='word_1_48' title='bbox 1230 917 1322 982; x_wconf 88' lang='lat' dir='ltr'>dum·</span> 
     </span>
     <span class='ocr_line' id='line_1_6' title="bbox 57 1005 1446 1108; baseline 0.02 -42"><span class='ocrx_word' id='word_1_49' title='bbox 57 1005 126 1069; x_wconf 90' lang='lat' dir='ltr'>nodo</span> <span class='ocrx_word' id='word_1_50' title='bbox 139 1005 213 1072; x_wconf 89' lang='lat' dir='ltr'>nihil</span> <span class='ocrx_word' id='word_1_51' title='bbox 228 1008 319 1074; x_wconf 84' lang='lat' dir='ltr'>aliud</span> <span class='ocrx_word' id='word_1_52' title='bbox 335 1011 426 1091; x_wconf 90' lang='lat' dir='ltr'>obsit,</span> <span class='ocrx_word' id='word_1_53' title='bbox 451 1029 565 1076; x_wconf 87' lang='lat' dir='ltr'>omues</span> <span class='ocrx_word' id='word_1_54' title='bbox 581 1013 652 1076; x_wconf 80' lang='lat' dir='ltr'>siste</span> <span class='ocrx_word' id='word_1_55' title='bbox 676 1014 862 1080; x_wconf 80' lang='lat' dir='ltr'>discrimine</span> <span class='ocrx_word' id='word_1_56' title='bbox 878 1005 1012 1100; x_wconf 82' lang='lat' dir='ltr'>legitimi</span> <span class='ocrx_word' id='word_1_57' title='bbox 1027 1021 1180 1102; x_wconf 87' lang='lat' dir='ltr'>existunt,</span> <span class='ocrx_word' id='word_1_58' title='bbox 1205 1043 1275 1108; x_wconf 90' lang='lat' dir='ltr'>cap.</span> <span class='ocrx_word' id='word_1_59' title='bbox 1291 1025 1322 1088; x_wconf 83' lang='lat'>9.</span> <span class='ocrx_word' id='word_1_60' title='bbox 1440 1069 1446 1094; x_wconf 84' lang='lat'><strong>.</strong></span> 
     </span>
    </p>
   </div>
   <div class='ocr_carea' id='block_1_3' title="bbox 17 1115 1385 4596">
    <p class='ocr_par' dir='ltr' id='par_1_3' title="bbox 17 1115 1385 2517">
     <span class='ocr_line' id='line_1_7' title="bbox 56 1115 1323 1216; baseline 0.017 -39"><span class='ocrx_word' id='word_1_61' title='bbox 56 1115 98 1178; x_wconf 90' lang='lat' dir='ltr'>hoc</span> <span class='ocrx_word' id='word_1_62' title='bbox 109 1118 147 1180; x_wconf 86' lang='lat' dir='ltr'>tit</span> <span class='ocrx_word' id='word_1_63' title='bbox 187 1119 320 1204; x_wconf 81' lang='lat' dir='ltr'>Adjicio,</span> <span class='ocrx_word' id='word_1_64' title='bbox 335 1123 433 1184; x_wconf 89' lang='lat' dir='ltr'>ctiam</span> <span class='ocrx_word' id='word_1_65' title='bbox 449 1121 647 1206; x_wconf 83' lang='lat' dir='ltr'>quandoque</span> <span class='ocrx_word' id='word_1_66' title='bbox 671 1125 698 1187; x_wconf 90' lang='lat' dir='ltr'>si</span> <span class='ocrx_word' id='word_1_67' title='bbox 713 1126 899 1209; x_wconf 91' lang='lat' dir='ltr'>conjuginm</span> <span class='ocrx_word' id='word_1_68' title='bbox 926 1129 1033 1212; x_wconf 86' lang='lat' dir='ltr'>ipsum</span> <span class='ocrx_word' id='word_1_69' title='bbox 1049 1130 1082 1192; x_wconf 90' lang='lat' dir='ltr'>in</span> <span class='ocrx_word' id='word_1_70' title='bbox 1098 1131 1185 1215; x_wconf 81' lang='lat' dir='ltr'>leges</span> <span class='ocrx_word' id='word_1_71' title='bbox 1207 1133 1323 1216; x_wconf 91' lang='lat' dir='ltr'>impin·</span> 
     </span>
     <span class='ocr_line' id='line_1_8' title="bbox 55 1225 1385 1323; baseline 0.015 -33"><span class='ocrx_word' id='word_1_72' title='bbox 55 1239 97 1305; x_wconf 82' lang='lat' dir='ltr'>gat,</span> <span class='ocrx_word' id='word_1_73' title='bbox 109 1225 214 1292; x_wconf 86' lang='lat' dir='ltr'>liberos</span> <span class='ocrx_word' id='word_1_74' title='bbox 230 1229 389 1314; x_wconf 83' lang='lat' dir='ltr'>legitimos</span> <span class='ocrx_word' id='word_1_75' title='bbox 404 1232 504 1312; x_wconf 82' lang='lat' dir='ltr'>nasci,</span> <span class='ocrx_word' id='word_1_76' title='bbox 520 1241 590 1297; x_wconf 90' lang='lat' dir='ltr'>tum</span> <span class='ocrx_word' id='word_1_77' title='bbox 605 1233 768 1313; x_wconf 88' lang='lat' dir='ltr'>nimirum,</span> <span class='ocrx_word' id='word_1_78' title='bbox 784 1253 861 1299; x_wconf 87' lang='lat' dir='ltr'>cnm</span> <span class='ocrx_word' id='word_1_79' title='bbox 876 1238 933 1318; x_wconf 94' lang='lat' dir='ltr'>qni</span> <span class='ocrx_word' id='word_1_80' title='bbox 947 1241 1134 1323; x_wconf 90' lang='lat' dir='ltr'>conjugium</span> <span class='ocrx_word' id='word_1_81' title='bbox 1156 1253 1323 1309; x_wconf 86' lang='lat' dir='ltr'>contraxe·</span> <span class='ocrx_word' id='word_1_82' title='bbox 1381 1311 1385 1320; x_wconf 73' lang='grc'><strong>,</strong></span> 
     </span>
     <span class='ocr_line' id='line_1_9' title="bbox 53 1321 1322 1430; baseline 0.014 -32"><span class='ocrx_word' id='word_1_83' title='bbox 53 1321 211 1414; x_wconf 76' lang='lat' dir='ltr'>rurtcartis</span> <span class='ocrx_word' id='word_1_84' title='bbox 236 1337 409 1404; x_wconf 59' lang='lat' dir='ltr'>delcausis</span> <span class='ocrx_word' id='word_1_85' title='bbox 423 1357 490 1404; x_wconf 92' lang='lat' dir='ltr'>non</span> <span class='ocrx_word' id='word_1_86' title='bbox 513 1339 595 1403; x_wconf 83' lang='lat' dir='ltr'>adeo</span> <span class='ocrx_word' id='word_1_87' title='bbox 620 1342 745 1424; x_wconf 87' lang='lat' dir='ltr'>legibus</span> <span class='ocrx_word' id='word_1_88' title='bbox 770 1343 1020 1428; x_wconf 82' lang='lat' dir='ltr'>obstringanttrr3</span> <span class='ocrx_word' id='word_1_89' title='bbox 1043 1349 1322 1430; x_wconf 83' lang='lat' dir='ltr'>quemadmodum</span> 
     </span>
     <span class='ocr_line' id='line_1_10' title="bbox 52 1447 1322 1538; baseline 0.013 -35"><span class='ocrx_word' id='word_1_90' title='bbox 52 1447 137 1527; x_wconf 78' lang='lat' dir='ltr'>erent,</span> <span class='ocrx_word' id='word_1_91' title='bbox 149 1447 176 1511; x_wconf 89' lang='lat' dir='ltr'>si</span> <span class='ocrx_word' id='word_1_92' title='bbox 190 1447 349 1528; x_wconf 84' lang='lat' dir='ltr'>infideles,</span> <span class='ocrx_word' id='word_1_93' title='bbox 376 1467 434 1513; x_wconf 86' lang='lat' dir='ltr'>sen</span> <span class='ocrx_word' id='word_1_94' title='bbox 448 1467 515 1512; x_wconf 89' lang='lat' dir='ltr'>non</span> <span class='ocrx_word' id='word_1_95' title='bbox 539 1449 702 1532; x_wconf 87' lang='lat' dir='ltr'>baptizati,</span> <span class='ocrx_word' id='word_1_96' title='bbox 728 1453 918 1535; x_wconf 90' lang='lat' dir='ltr'>conjugium</span> <span class='ocrx_word' id='word_1_97' title='bbox 932 1455 1150 1520; x_wconf 87' lang='lat' dir='ltr'>contraxerint</span> <span class='ocrx_word' id='word_1_98' title='bbox 1171 1455 1322 1538; x_wconf 81' lang='lat' dir='ltr'>intortio,</span> 
     </span>
     <span class='ocr_line' id='line_1_11' title="bbox 17 1553 1318 1651; baseline 0.015 -38"><span class='ocrx_word' id='word_1_99' title='bbox 17 1577 26 1594; x_wconf 86' lang='lat'>·</span> <span class='ocrx_word' id='word_1_100' title='bbox 51 1553 182 1620; x_wconf 78' lang='lat' dir='ltr'>ueletiam</span> <span class='ocrx_word' id='word_1_101' title='bbox 196 1557 230 1620; x_wconf 93' lang='lat' dir='ltr'>in</span> <span class='ocrx_word' id='word_1_102' title='bbox 247 1557 393 1621; x_wconf 86' lang='lat' dir='ltr'>secundo</span> <span class='ocrx_word' id='word_1_103' title='bbox 407 1559 700 1642; x_wconf 82' lang='lat' dir='ltr'>consanguinitatis</span> <span class='ocrx_word' id='word_1_104' title='bbox 717 1561 828 1642; x_wconf 88' lang='lat' dir='ltr'>gradu,</span> <span class='ocrx_word' id='word_1_105' title='bbox 844 1573 875 1624; x_wconf 89' lang='lat' dir='ltr'>et</span> <span class='ocrx_word' id='word_1_106' title='bbox 891 1561 1006 1626; x_wconf 88' lang='lat' dir='ltr'>liberos</span> <span class='ocrx_word' id='word_1_107' title='bbox 1021 1561 1097 1628; x_wconf 88' lang='lat' dir='ltr'>inde</span> <span class='ocrx_word' id='word_1_108' title='bbox 1112 1568 1318 1651; x_wconf 87' lang='lat' dir='ltr'>susceperint,</span> 
     </span>
     <span class='ocr_line' id='line_1_12' title="bbox 51 1663 1320 1756; baseline 0.009 -30"><span class='ocrx_word' id='word_1_109' title='bbox 51 1677 180 1745; x_wconf 86' lang='lat' dir='ltr'>propterea</span> <span class='ocrx_word' id='word_1_110' title='bbox 194 1665 284 1749; x_wconf 91' lang='lat' dir='ltr'>quod</span> <span class='ocrx_word' id='word_1_111' title='bbox 298 1663 447 1730; x_wconf 82' lang='lat' dir='ltr'>infideles</span> <span class='ocrx_word' id='word_1_112' title='bbox 463 1667 588 1750; x_wconf 87' lang='lat' dir='ltr'>legibus</span> <span class='ocrx_word' id='word_1_113' title='bbox 603 1667 772 1732; x_wconf 81' lang='lat' dir='ltr'>Ecclesiae</span> <span class='ocrx_word' id='word_1_114' title='bbox 786 1669 902 1734; x_wconf 87' lang='lat' dir='ltr'>cadem</span> <span class='ocrx_word' id='word_1_115' title='bbox 922 1672 1072 1756; x_wconf 82' lang='lat' dir='ltr'>conjugia</span> <span class='ocrx_word' id='word_1_116' title='bbox 1087 1671 1320 1738; x_wconf 80' lang='lat' dir='ltr'>damnantibus</span> 
     </span>
     <span class='ocr_line' id='line_1_13' title="bbox 50 1775 1320 1862; baseline 0.007 -28"><span class='ocrx_word' id='word_1_117' title='bbox 50 1775 151 1839; x_wconf 88' lang='lat' dir='ltr'>uinime</span> <span class='ocrx_word' id='word_1_118' title='bbox 165 1775 302 1856; x_wconf 83' lang='lat' dir='ltr'>subsint,</span> <span class='ocrx_word' id='word_1_119' title='bbox 317 1793 387 1859; x_wconf 90' lang='lat' dir='ltr'>cap.</span> <span class='ocrx_word' id='word_1_120' title='bbox 414 1775 470 1840; x_wconf 93' lang='lat' dir='ltr'>ult.</span> <span class='ocrx_word' id='word_1_121' title='bbox 485 1777 548 1840; x_wconf 90' lang='lat' dir='ltr'>hoc</span> <span class='ocrx_word' id='word_1_122' title='bbox 564 1778 621 1857; x_wconf 87' lang='lat' dir='ltr'>tit,</span> <span class='ocrx_word' id='word_1_123' title='bbox 632 1780 746 1862; x_wconf 77' lang='lat' dir='ltr'>juncto</span> <span class='ocrx_word' id='word_1_124' title='bbox 760 1797 830 1862; x_wconf 91' lang='lat' dir='ltr'>cap.</span> <span class='ocrx_word' id='word_1_125' title='bbox 845 1779 874 1842; x_wconf 80' lang='lat'>8.</span> <span class='ocrx_word' id='word_1_126' title='bbox 891 1777 931 1841; x_wconf 91' lang='lat' dir='ltr'>de</span> <span class='ocrx_word' id='word_1_127' title='bbox 954 1779 1106 1842; x_wconf 90' lang='lat' dir='ltr'>divortiis.</span> <span class='ocrx_word' id='word_1_128' title='bbox 1151 1777 1253 1844; x_wconf 83' lang='lat' dir='ltr'>Plane</span> <span class='ocrx_word' id='word_1_129' title='bbox 1267 1797 1320 1843; x_wconf 85' lang='lat' dir='ltr'>ae·</span> 
     </span>
     <span class='ocr_line' id='line_1_14' title="bbox 50 1885 1318 1970; baseline 0.004 -25"><span class='ocrx_word' id='word_1_130' title='bbox 50 1885 135 1964; x_wconf 72' lang='lat' dir='ltr'>quius,</span> <span class='ocrx_word' id='word_1_131' title='bbox 148 1897 178 1950; x_wconf 85' lang='lat' dir='ltr'>et</span> <span class='ocrx_word' id='word_1_132' title='bbox 191 1885 378 1970; x_wconf 84' lang='lat' dir='ltr'>benignitas</span> <span class='ocrx_word' id='word_1_133' title='bbox 392 1903 430 1950; x_wconf 90' lang='lat' dir='ltr'>eo</span> <span class='ocrx_word' id='word_1_134' title='bbox 445 1905 572 1970; x_wconf 82' lang='lat' dir='ltr'>semper</span> <span class='ocrx_word' id='word_1_135' title='bbox 586 1887 736 1970; x_wconf 87' lang='lat' dir='ltr'>proclivis</span> <span class='ocrx_word' id='word_1_136' title='bbox 751 1907 822 1950; x_wconf 87' lang='lat' dir='ltr'>esse</span> <span class='ocrx_word' id='word_1_137' title='bbox 837 1888 938 1968; x_wconf 85' lang='lat' dir='ltr'>debet,</span> <span class='ocrx_word' id='word_1_138' title='bbox 955 1897 992 1950; x_wconf 91' lang='lat' dir='ltr'>ut</span> <span class='ocrx_word' id='word_1_139' title='bbox 1007 1889 1206 1970; x_wconf 88' lang='lat' dir='ltr'>quicumque</span> <span class='ocrx_word' id='word_1_140' title='bbox 1220 1907 1318 1951; x_wconf 76' lang='lat' dir='ltr'>casus</span> 
     </span>
     <span class='ocr_line' id='line_1_15' title="bbox 48 1995 1318 2080; baseline 0.006 -28"><span class='ocrx_word' id='word_1_141' title='bbox 48 2007 163 2078; x_wconf 85' lang='lat' dir='ltr'>emergat,</span> <span class='ocrx_word' id='word_1_142' title='bbox 178 1997 294 2079; x_wconf 90' lang='lat' dir='ltr'>quoin</span> <span class='ocrx_word' id='word_1_143' title='bbox 309 1995 408 2060; x_wconf 91' lang='lat' dir='ltr'>dubio</span> <span class='ocrx_word' id='word_1_144' title='bbox 423 1997 564 2080; x_wconf 86' lang='lat' dir='ltr'>positum</span> <span class='ocrx_word' id='word_1_145' title='bbox 578 2012 649 2060; x_wconf 84' lang='lat' dir='ltr'>csse</span> <span class='ocrx_word' id='word_1_146' title='bbox 665 1995 812 2060; x_wconf 90' lang='lat' dir='ltr'>videatur</span> <span class='ocrx_word' id='word_1_147' title='bbox 822 1997 990 2080; x_wconf 88' lang='lat' dir='ltr'>judicium,</span> <span class='ocrx_word' id='word_1_148' title='bbox 1018 2015 1143 2080; x_wconf 86' lang='lat' dir='ltr'>semper</span> <span class='ocrx_word' id='word_1_149' title='bbox 1157 1998 1318 2062; x_wconf 85' lang='lat' dir='ltr'>sententia</span> 
     </span>
     <span class='ocr_line' id='line_1_16' title="bbox 46 2101 1318 2191; baseline 0.006 -28"><span class='ocrx_word' id='word_1_150' title='bbox 46 2107 240 2184; x_wconf 86' lang='lat' dir='ltr'>pronunciatur</span> <span class='ocrx_word' id='word_1_151' title='bbox 254 2125 312 2190; x_wconf 90' lang='lat' dir='ltr'>pro</span> <span class='ocrx_word' id='word_1_152' title='bbox 327 2101 470 2191; x_wconf 83' lang='lat' dir='ltr'>legitima</span> <span class='ocrx_word' id='word_1_153' title='bbox 484 2105 543 2170; x_wconf 89' lang='lat' dir='ltr'>lilii</span> <span class='ocrx_word' id='word_1_154' title='bbox 558 2107 736 2188; x_wconf 82' lang='lat' dir='ltr'>nativitate3</span> <span class='ocrx_word' id='word_1_155' title='bbox 753 2125 853 2188; x_wconf 90' lang='lat' dir='ltr'>quam</span> <span class='ocrx_word' id='word_1_156' title='bbox 869 2108 1073 2189; x_wconf 85' lang='lat' dir='ltr'>aequitatem,</span> <span class='ocrx_word' id='word_1_157' title='bbox 1090 2119 1122 2170; x_wconf 91' lang='lat' dir='ltr'>et</span> <span class='ocrx_word' id='word_1_158' title='bbox 1136 2106 1318 2190; x_wconf 82' lang='lat' dir='ltr'>benignita·</span> 
     </span>
     <span class='ocr_line' id='line_1_17' title="bbox 46 2213 1316 2298; baseline 0.006 -26"><span class='ocrx_word' id='word_1_159' title='bbox 46 2213 162 2296; x_wconf 87' lang='lat' dir='ltr'>tenjura</span> <span class='ocrx_word' id='word_1_160' title='bbox 183 2215 266 2298; x_wconf 87' lang='lat' dir='ltr'>ipsa,</span> <span class='ocrx_word' id='word_1_161' title='bbox 293 2215 445 2298; x_wconf 88' lang='lat' dir='ltr'>legesque</span> <span class='ocrx_word' id='word_1_162' title='bbox 471 2225 652 2295; x_wconf 84' lang='lat' dir='ltr'>suaserunt,</span> <span class='ocrx_word' id='word_1_163' title='bbox 679 2215 722 2280; x_wconf 88' lang='lat' dir='ltr'>ad</span> <span class='ocrx_word' id='word_1_164' title='bbox 737 2215 957 2295; x_wconf 79' lang='lat' dir='ltr'>avertendam,</span> <span class='ocrx_word' id='word_1_165' title='bbox 983 2213 1092 2297; x_wconf 86' lang='lat' dir='ltr'>quoad</span> <span class='ocrx_word' id='word_1_166' title='bbox 1119 2215 1187 2280; x_wconf 84' lang='lat' dir='ltr'>ficri</span> <span class='ocrx_word' id='word_1_167' title='bbox 1206 2217 1316 2298; x_wconf 79' lang='lat' dir='ltr'>possit,</span> 
     </span>
     <span class='ocr_line' id='line_1_18' title="bbox 46 2319 1317 2408; baseline 0.005 -24"><span class='ocrx_word' id='word_1_168' title='bbox 46 2328 140 2402; x_wconf 78' lang='lat' dir='ltr'>turpem</span> <span class='ocrx_word' id='word_1_169' title='bbox 153 2329 210 2386; x_wconf 83' lang='lat' dir='ltr'>aut</span> <span class='ocrx_word' id='word_1_170' title='bbox 223 2319 392 2402; x_wconf 85' lang='lat' dir='ltr'>naturalis,</span> <span class='ocrx_word' id='word_1_171' title='bbox 416 2331 474 2387; x_wconf 86' lang='lat' dir='ltr'>ant</span> <span class='ocrx_word' id='word_1_172' title='bbox 488 2323 588 2407; x_wconf 86' lang='lat' dir='ltr'>spurii</span> <span class='ocrx_word' id='word_1_173' title='bbox 604 2323 663 2390; x_wconf 87' lang='lat' dir='ltr'>lilii</span> <span class='ocrx_word' id='word_1_174' title='bbox 677 2333 797 2408; x_wconf 86' lang='lat' dir='ltr'>notam,</span> <span class='ocrx_word' id='word_1_175' title='bbox 813 2323 833 2387; x_wconf 93' lang='lat' dir='ltr'>l.</span> <span class='ocrx_word' id='word_1_176' title='bbox 849 2325 880 2389; x_wconf 83' lang='lat'>6.</span> <span class='ocrx_word' id='word_1_177' title='bbox 902 2323 934 2388; x_wconf 86' lang='lat' dir='ltr'>tt.</span> <span class='ocrx_word' id='word_1_178' title='bbox 950 2324 990 2387; x_wconf 88' lang='lat' dir='ltr'>de</span> <span class='ocrx_word' id='word_1_179' title='bbox 1005 2323 1066 2408; x_wconf 83' lang='lat' dir='ltr'>his,</span> <span class='ocrx_word' id='word_1_180' title='bbox 1091 2325 1150 2407; x_wconf 92' lang='lat' dir='ltr'>qni</span> <span class='ocrx_word' id='word_1_181' title='bbox 1165 2335 1242 2396; x_wconf 84' lang='lat' dir='ltr'>sunt</span> <span class='ocrx_word' id='word_1_182' title='bbox 1256 2325 1317 2408; x_wconf 78' lang='lat' dir='ltr'>sui,</span> 
     </span>
     <span class='ocr_line' id='line_1_19' title="bbox 47 2425 280 2517; baseline 0.056 -33"><span class='ocrx_word' id='word_1_183' title='bbox 47 2425 80 2488; x_wconf 86' lang='lat' dir='ltr'>rel</span> <span class='ocrx_word' id='word_1_184' title='bbox 92 2429 177 2496; x_wconf 85' lang='lat' dir='ltr'>alieni</span> <span class='ocrx_word' id='word_1_185' title='bbox 186 2433 280 2517; x_wconf 87' lang='lat' dir='ltr'>juris.</span> 
     </span>
    </p>

    <p class='ocr_par' dir='ltr' id='par_1_4' title="bbox 28 2535 1317 4596">
     <span class='ocr_line' id='line_1_20' title="bbox 72 2535 1316 2626; baseline 0.001 -24"><span class='ocrx_word' id='word_1_186' title='bbox 72 2535 237 2624; x_wconf 75' lang='lat' dir='ltr'>Fingamus</span> <span class='ocrx_word' id='word_1_187' title='bbox 251 2535 338 2622; x_wconf 87' lang='lat' dir='ltr'>vern&#39;,</span> <span class='ocrx_word' id='word_1_188' title='bbox 363 2541 551 2626; x_wconf 89' lang='lat' dir='ltr'>conjugium</span> <span class='ocrx_word' id='word_1_189' title='bbox 566 2541 700 2623; x_wconf 86' lang='lat' dir='ltr'>quidem</span> <span class='ocrx_word' id='word_1_190' title='bbox 725 2541 833 2625; x_wconf 87' lang='lat' dir='ltr'>ipsum</span> <span class='ocrx_word' id='word_1_191' title='bbox 849 2561 920 2605; x_wconf 87' lang='lat' dir='ltr'>esse</span> <span class='ocrx_word' id='word_1_192' title='bbox 941 2541 1068 2626; x_wconf 86' lang='lat' dir='ltr'>legibus</span> <span class='ocrx_word' id='word_1_193' title='bbox 1090 2539 1316 2624; x_wconf 89' lang='lat' dir='ltr'>improbatum,</span> 
     </span>
     <span class='ocr_line' id='line_1_21' title="bbox 41 2649 1316 2734; baseline 0.005 -26"><span class='ocrx_word' id='word_1_194' title='bbox 41 2655 113 2728; x_wconf 80' lang='lat' dir='ltr'>atque</span> <span class='ocrx_word' id='word_1_195' title='bbox 126 2649 324 2731; x_wconf 81' lang='lat' dir='ltr'>damnatum,</span> <span class='ocrx_word' id='word_1_196' title='bbox 350 2649 407 2713; x_wconf 85' lang='lat' dir='ltr'>sed</span> <span class='ocrx_word' id='word_1_197' title='bbox 422 2651 644 2734; x_wconf 81' lang='lat' dir='ltr'>aparentibus</span> <span class='ocrx_word' id='word_1_198' title='bbox 667 2652 753 2714; x_wconf 89' lang='lat' dir='ltr'>bona</span> <span class='ocrx_word' id='word_1_199' title='bbox 768 2651 841 2731; x_wconf 83' lang='lat' dir='ltr'>tide,</span> <span class='ocrx_word' id='word_1_200' title='bbox 859 2652 1013 2716; x_wconf 90' lang='lat' dir='ltr'>nimirum</span> <span class='ocrx_word' id='word_1_201' title='bbox 1023 2669 1077 2714; x_wconf 79' lang='lat' dir='ltr'>ex</span> <span class='ocrx_word' id='word_1_202' title='bbox 1093 2651 1316 2734; x_wconf 89' lang='lat' dir='ltr'>impedimenti</span> 
     </span>
     <span class='ocr_line' id='line_1_22' title="bbox 40 2751 1315 2842; baseline 0.005 -27"><span class='ocrx_word' id='word_1_203' title='bbox 40 2751 205 2832; x_wconf 81' lang='lat' dir='ltr'>ignoratione</span> <span class='ocrx_word' id='word_1_204' title='bbox 218 2769 433 2840; x_wconf 85' lang='lat' dir='ltr'>contractum,</span> <span class='ocrx_word' id='word_1_205' title='bbox 448 2775 531 2824; x_wconf 90' lang='lat' dir='ltr'>num</span> <span class='ocrx_word' id='word_1_206' title='bbox 547 2759 606 2824; x_wconf 92' lang='lat' dir='ltr'>lilii</span> <span class='ocrx_word' id='word_1_207' title='bbox 617 2758 693 2822; x_wconf 84' lang='lat' dir='ltr'>iude</span> <span class='ocrx_word' id='word_1_208' title='bbox 707 2760 808 2842; x_wconf 87' lang='lat' dir='ltr'>geniti</span> <span class='ocrx_word' id='word_1_209' title='bbox 824 2759 959 2842; x_wconf 88' lang='lat' dir='ltr'>legitimi</span> <span class='ocrx_word' id='word_1_210' title='bbox 973 2759 1205 2823; x_wconf 70' lang='lat' dir='ltr'>censebuntur&lt;l</span> <span class='ocrx_word' id='word_1_211' title='bbox 1229 2757 1315 2822; x_wconf 87' lang='lat' dir='ltr'>Mul·</span> 
     </span>
     <span class='ocr_line' id='line_1_23' title="bbox 41 2851 1317 2954; baseline 0.007 -32"><span class='ocrx_word' id='word_1_212' title='bbox 41 2863 116 2944; x_wconf 83' lang='lat' dir='ltr'>tiplex</span> <span class='ocrx_word' id='word_1_213' title='bbox 129 2887 193 2932; x_wconf 85' lang='lat' dir='ltr'>esse</span> <span class='ocrx_word' id='word_1_214' title='bbox 206 2879 314 2954; x_wconf 86' lang='lat' dir='ltr'>potest</span> <span class='ocrx_word' id='word_1_215' title='bbox 327 2867 550 2952; x_wconf 87' lang='lat' dir='ltr'>impedimenti</span> <span class='ocrx_word' id='word_1_216' title='bbox 565 2869 731 2951; x_wconf 88' lang='lat' dir='ltr'>ignoratio:</span> <span class='ocrx_word' id='word_1_217' title='bbox 748 2868 844 2931; x_wconf 90' lang='lat' dir='ltr'>modo</span> <span class='ocrx_word' id='word_1_218' title='bbox 859 2869 1012 2934; x_wconf 90' lang='lat' dir='ltr'>nimirum</span> <span class='ocrx_word' id='word_1_219' title='bbox 1027 2851 1080 2931; x_wconf 80' lang='lat' dir='ltr'>v&#39;el</span> <span class='ocrx_word' id='word_1_220' title='bbox 1093 2867 1181 2949; x_wconf 82' lang='lat' dir='ltr'>facti,</span> <span class='ocrx_word' id='word_1_221' title='bbox 1200 2868 1254 2931; x_wconf 86' lang='lat' dir='ltr'>vel</span> <span class='ocrx_word' id='word_1_222' title='bbox 1263 2869 1317 2952; x_wconf 73' lang='lat' dir='ltr'>ju,</span> 
     </span>
     <span class='ocr_line' id='line_1_24' title="bbox 40 2975 1313 3064; baseline 0.002 -24"><span class='ocrx_word' id='word_1_223' title='bbox 40 2975 75 3052; x_wconf 77' lang='lat' dir='ltr'>tu,</span> <span class='ocrx_word' id='word_1_224' title='bbox 88 2979 171 3042; x_wconf 89' lang='lat' dir='ltr'>modo</span> <span class='ocrx_word' id='word_1_225' title='bbox 184 2982 319 3064; x_wconf 91' lang='lat' dir='ltr'>insuper</span> <span class='ocrx_word' id='word_1_226' title='bbox 332 2979 543 3044; x_wconf 81' lang='lat' dir='ltr'>excusatione</span> <span class='ocrx_word' id='word_1_227' title='bbox 558 2979 666 3062; x_wconf 84' lang='lat' dir='ltr'>digna,</span> <span class='ocrx_word' id='word_1_228' title='bbox 682 2979 779 3044; x_wconf 90' lang='lat' dir='ltr'>modo</span> <span class='ocrx_word' id='word_1_229' title='bbox 793 2981 1033 3046; x_wconf 83' lang='lat' dir='ltr'>inexcusabilis.</span> <span class='ocrx_word' id='word_1_230' title='bbox 1066 2981 1208 3051; x_wconf 77' lang='lat' dir='ltr'>Quoties</span> <span class='ocrx_word' id='word_1_231' title='bbox 1224 2980 1313 3062; x_wconf 90' lang='lat' dir='ltr'>igno·</span> 
     </span>
     <span class='ocr_line' id='line_1_25' title="bbox 39 3085 1315 3178; baseline 0.006 -34"><span class='ocrx_word' id='word_1_232' title='bbox 39 3085 97 3147; x_wconf 82' lang='lat' dir='ltr'>ratio</span> <span class='ocrx_word' id='word_1_233' title='bbox 109 3091 138 3152; x_wconf 89' lang='lat' dir='ltr'>in</span> <span class='ocrx_word' id='word_1_234' title='bbox 151 3089 237 3154; x_wconf 82' lang='lat' dir='ltr'>iacto</span> <span class='ocrx_word' id='word_1_235' title='bbox 251 3089 415 3170; x_wconf 85' lang='lat' dir='ltr'>consistat,</span> <span class='ocrx_word' id='word_1_236' title='bbox 427 3097 431 3108; x_wconf 94' lang='lat'>&#39;</span> <span class='ocrx_word' id='word_1_237' title='bbox 441 3089 510 3153; x_wconf 84' lang='lat' dir='ltr'>sive</span> <span class='ocrx_word' id='word_1_238' title='bbox 524 3087 567 3178; x_wconf 82' lang='lat' dir='ltr'>ad</span> <span class='ocrx_word' id='word_1_239' title='bbox 582 3087 706 3152; x_wconf 85' lang='lat' dir='ltr'>lactum</span> <span class='ocrx_word' id='word_1_240' title='bbox 732 3087 891 3169; x_wconf 83' lang='lat' dir='ltr'>reseratur,</span> <span class='ocrx_word' id='word_1_241' title='bbox 919 3089 1099 3171; x_wconf 80' lang='lat' dir='ltr'>eademque</span> <span class='ocrx_word' id='word_1_242' title='bbox 1114 3089 1315 3152; x_wconf 81' lang='lat' dir='ltr'>excusabilis</span> 
     </span>
     <span class='ocr_line' id='line_1_26' title="bbox 40 3193 1314 3282; baseline 0.009 -31"><span class='ocrx_word' id='word_1_243' title='bbox 40 3193 245 3272; x_wconf 82' lang='lat' dir='ltr'>sit,detiuitnm</span> <span class='ocrx_word' id='word_1_244' title='bbox 270 3209 327 3280; x_wconf 78' lang='lat' dir='ltr'>est,</span> <span class='ocrx_word' id='word_1_245' title='bbox 343 3199 459 3263; x_wconf 88' lang='lat' dir='ltr'>liberos</span> <span class='ocrx_word' id='word_1_246' title='bbox 485 3197 561 3264; x_wconf 89' lang='lat' dir='ltr'>inde</span> <span class='ocrx_word' id='word_1_247' title='bbox 575 3209 670 3262; x_wconf 85' lang='lat' dir='ltr'>natos</span> <span class='ocrx_word' id='word_1_248' title='bbox 695 3198 855 3281; x_wconf 88' lang='lat' dir='ltr'>legitimos</span> <span class='ocrx_word' id='word_1_249' title='bbox 868 3215 949 3262; x_wconf 88' lang='lat' dir='ltr'>essa.</span> <span class='ocrx_word' id='word_1_250' title='bbox 992 3199 1192 3282; x_wconf 84' lang='lat' dir='ltr'>Exemplum</span> <span class='ocrx_word' id='word_1_251' title='bbox 1216 3199 1314 3262; x_wconf 86' lang='lat' dir='ltr'>estin</span> 
     </span>
     <span class='ocr_line' id='line_1_27' title="bbox 40 3305 1313 3392; baseline -0.002 -22"><span class='ocrx_word' id='word_1_252' title='bbox 40 3323 71 3382; x_wconf 80' lang='lat' dir='ltr'>ec,</span> <span class='ocrx_word' id='word_1_253' title='bbox 83 3311 130 3388; x_wconf 93' lang='lat' dir='ltr'>qni</span> <span class='ocrx_word' id='word_1_254' title='bbox 143 3327 218 3373; x_wconf 89' lang='lat' dir='ltr'>cum</span> <span class='ocrx_word' id='word_1_255' title='bbox 232 3307 487 3392; x_wconf 78' lang='lat' dir='ltr'>consanguinea,</span> <span class='ocrx_word' id='word_1_256' title='bbox 503 3307 556 3372; x_wconf 83' lang='lat' dir='ltr'>vel</span> <span class='ocrx_word' id='word_1_257' title='bbox 570 3307 667 3372; x_wconf 83' lang='lat' dir='ltr'>affine</span> <span class='ocrx_word' id='word_1_258' title='bbox 682 3307 870 3392; x_wconf 91' lang='lat' dir='ltr'>conjugium</span> <span class='ocrx_word' id='word_1_259' title='bbox 885 3307 951 3388; x_wconf 82' lang='lat' dir='ltr'>rite,</span> <span class='ocrx_word' id='word_1_260' title='bbox 967 3325 1005 3370; x_wconf 89' lang='lat' dir='ltr'>ac</span> <span class='ocrx_word' id='word_1_261' title='bbox 1020 3305 1155 3370; x_wconf 85' lang='lat' dir='ltr'>servatis</span> <span class='ocrx_word' id='word_1_262' title='bbox 1166 3305 1252 3389; x_wconf 91' lang='lat' dir='ltr'>juris</span> <span class='ocrx_word' id='word_1_263' title='bbox 1264 3323 1313 3367; x_wconf 85' lang='lat' dir='ltr'>so·</span> 
     </span>
     <span class='ocr_line' id='line_1_28' title="bbox 38 3412 1314 3504; baseline -0.001 -25"><span class='ocrx_word' id='word_1_264' title='bbox 38 3412 226 3485; x_wconf 84' lang='lat' dir='ltr'>lenuitatibus</span> <span class='ocrx_word' id='word_1_265' title='bbox 254 3417 458 3500; x_wconf 84' lang='lat' dir='ltr'>contraxerit,</span> <span class='ocrx_word' id='word_1_266' title='bbox 486 3419 648 3504; x_wconf 83' lang='lat' dir='ltr'>ignorans,</span> <span class='ocrx_word' id='word_1_267' title='bbox 678 3415 966 3500; x_wconf 88' lang='lat' dir='ltr'>consanguineam,</span> <span class='ocrx_word' id='word_1_268' title='bbox 997 3415 1049 3478; x_wconf 91' lang='lat' dir='ltr'>vel</span> <span class='ocrx_word' id='word_1_269' title='bbox 1078 3415 1211 3478; x_wconf 88' lang='lat' dir='ltr'>affinem</span> <span class='ocrx_word' id='word_1_270' title='bbox 1239 3433 1314 3478; x_wconf 84' lang='lat' dir='ltr'>csse</span> 
     </span>
     <span class='ocr_line' id='line_1_29' title="bbox 37 3523 1313 3614; baseline 0.005 -31"><span class='ocrx_word' id='word_1_271' title='bbox 37 3523 110 3610; x_wconf 83' lang='lat' dir='ltr'>illan,</span> <span class='ocrx_word' id='word_1_272' title='bbox 123 3549 221 3614; x_wconf 77' lang='lat' dir='ltr'>quarn</span> <span class='ocrx_word' id='word_1_273' title='bbox 245 3529 385 3594; x_wconf 85' lang='lat' dir='ltr'>ducebat</span> <span class='ocrx_word' id='word_1_274' title='bbox 409 3543 553 3608; x_wconf 80' lang='lat' dir='ltr'>uxorem,</span> <span class='ocrx_word' id='word_1_275' title='bbox 569 3543 640 3610; x_wconf 84' lang='lat' dir='ltr'>cap.</span> <span class='ocrx_word' id='word_1_276' title='bbox 654 3527 685 3589; x_wconf 73' lang='grc'>2.</span> <span class='ocrx_word' id='word_1_277' title='bbox 700 3525 762 3590; x_wconf 89' lang='lat' dir='ltr'>hoc</span> <span class='ocrx_word' id='word_1_278' title='bbox 778 3526 824 3588; x_wconf 75' lang='lat' dir='ltr'>tit„</span> <span class='ocrx_word' id='word_1_279' title='bbox 870 3524 987 3590; x_wconf 80' lang='lat' dir='ltr'>Simile</span> <span class='ocrx_word' id='word_1_280' title='bbox 998 3523 1186 3608; x_wconf 84' lang='lat' dir='ltr'>exemplum</span> <span class='ocrx_word' id='word_1_281' title='bbox 1211 3525 1313 3590; x_wconf 85' lang='lat' dir='ltr'>estin</span> 
     </span>
     <span class='ocr_line' id='line_1_30' title="bbox 36 3632 1313 3724; baseline -0.003 -24"><span class='ocrx_word' id='word_1_282' title='bbox 36 3639 127 3720; x_wconf 78' lang='lat' dir='ltr'>tuqui</span> <span class='ocrx_word' id='word_1_283' title='bbox 148 3651 313 3705; x_wconf 90' lang='lat' dir='ltr'>mortuum</span> <span class='ocrx_word' id='word_1_284' title='bbox 336 3639 506 3724; x_wconf 83' lang='lat' dir='ltr'>conjugem</span> <span class='ocrx_word' id='word_1_285' title='bbox 521 3655 593 3700; x_wconf 82' lang='lat' dir='ltr'>esse</span> <span class='ocrx_word' id='word_1_286' title='bbox 607 3636 701 3702; x_wconf 87' lang='lat' dir='ltr'>cortis</span> <span class='ocrx_word' id='word_1_287' title='bbox 725 3636 925 3718; x_wconf 88' lang='lat' dir='ltr'>argumentis</span> <span class='ocrx_word' id='word_1_288' title='bbox 940 3634 1097 3713; x_wconf 84' lang='lat' dir='ltr'>credebat,</span> <span class='ocrx_word' id='word_1_289' title='bbox 1123 3642 1241 3716; x_wconf 90' lang='lat' dir='ltr'>etpost</span> <span class='ocrx_word' id='word_1_290' title='bbox 1255 3632 1313 3696; x_wconf 81' lang='lat' dir='ltr'>ad-</span> 
     </span>
     <span class='ocr_line' id='line_1_31' title="bbox 35 3735 1314 3829; baseline 0.008 -31"><span class='ocrx_word' id='word_1_291' title='bbox 35 3735 285 3812; x_wconf 87' lang='lat' dir='ltr'>lubitamomnem</span> <span class='ocrx_word' id='word_1_292' title='bbox 310 3743 512 3829; x_wconf 83' lang='lat' dir='ltr'>diligentiam</span> <span class='ocrx_word' id='word_1_293' title='bbox 526 3745 612 3809; x_wconf 83' lang='lat' dir='ltr'>bona</span> <span class='ocrx_word' id='word_1_294' title='bbox 637 3745 703 3808; x_wconf 87' lang='lat' dir='ltr'>lide</span> <span class='ocrx_word' id='word_1_295' title='bbox 728 3744 909 3808; x_wconf 85' lang='lat' dir='ltr'>secundum</span> <span class='ocrx_word' id='word_1_296' title='bbox 935 3743 1122 3827; x_wconf 83' lang='lat' dir='ltr'>conjugium</span> <span class='ocrx_word' id='word_1_297' title='bbox 1148 3743 1314 3808; x_wconf 84' lang='lat' dir='ltr'>contraxit</span> 
     </span>
     <span class='ocr_line' id='line_1_32' title="bbox 34 3848 1307 3940; baseline 0.004 -30"><span class='ocrx_word' id='word_1_298' title='bbox 34 3848 116 3928; x_wconf 82' lang='lat' dir='ltr'>palam</span> <span class='ocrx_word' id='word_1_299' title='bbox 129 3867 159 3918; x_wconf 92' lang='lat' dir='ltr'>et</span> <span class='ocrx_word' id='word_1_300' title='bbox 172 3855 307 3940; x_wconf 79' lang='lat' dir='ltr'>publice,</span> <span class='ocrx_word' id='word_1_301' title='bbox 332 3873 405 3939; x_wconf 90' lang='lat' dir='ltr'>cap.</span> <span class='ocrx_word' id='word_1_302' title='bbox 420 3855 450 3920; x_wconf 83' lang='grc'>8.</span> <span class='ocrx_word' id='word_1_303' title='bbox 475 3853 539 3918; x_wconf 88' lang='lat' dir='ltr'>hcc</span> <span class='ocrx_word' id='word_1_304' title='bbox 553 3855 600 3917; x_wconf 92' lang='lat' dir='ltr'>tit.</span> <span class='ocrx_word' id='word_1_305' title='bbox 643 3853 747 3918; x_wconf 77' lang='lat' dir='ltr'>Sectis</span> <span class='ocrx_word' id='word_1_306' title='bbox 761 3865 870 3917; x_wconf 84' lang='lat' dir='ltr'>tamen</span> <span class='ocrx_word' id='word_1_307' title='bbox 896 3852 1073 3917; x_wconf 89' lang='lat' dir='ltr'>dicandum</span> <span class='ocrx_word' id='word_1_308' title='bbox 1096 3861 1152 3932; x_wconf 89' lang='lat' dir='ltr'>ost,</span> <span class='ocrx_word' id='word_1_309' title='bbox 1179 3853 1307 3934; x_wconf 89' lang='lat' dir='ltr'>quoties</span> 
     </span>
     <span class='ocr_line' id='line_1_33' title="bbox 33 3953 1313 4048; baseline 0.005 -30"><span class='ocrx_word' id='word_1_310' title='bbox 33 3953 195 4030; x_wconf 79' lang='lat' dir='ltr'>tritanum</span> <span class='ocrx_word' id='word_1_311' title='bbox 210 3961 346 4047; x_wconf 82' lang='lat' dir='ltr'>ignorat,</span> <span class='ocrx_word' id='word_1_312' title='bbox 361 3963 548 4048; x_wconf 88' lang='lat' dir='ltr'>conjugium</span> <span class='ocrx_word' id='word_1_313' title='bbox 563 3963 785 4043; x_wconf 82' lang='lat' dir='ltr'>contraxisset,</span> <span class='ocrx_word' id='word_1_314' title='bbox 800 3963 928 4026; x_wconf 85' lang='lat' dir='ltr'>omissis</span> <span class='ocrx_word' id='word_1_315' title='bbox 943 3962 1252 4044; x_wconf 58' lang='lat' dir='ltr'>denuntiationibus</span> <span class='ocrx_word' id='word_1_316' title='bbox 1269 3979 1313 4024; x_wconf 86' lang='lat' dir='ltr'>en</span> 
     </span>
     <span class='ocr_line' id='line_1_34' title="bbox 32 4059 1308 4156; baseline 0.01 -35"><span class='ocrx_word' id='word_1_317' title='bbox 32 4059 96 4125; x_wconf 83' lang='lat' dir='ltr'>cutm</span> <span class='ocrx_word' id='word_1_318' title='bbox 111 4067 182 4150; x_wconf 83' lang='lat' dir='ltr'>ipso,</span> <span class='ocrx_word' id='word_1_319' title='bbox 207 4071 323 4153; x_wconf 88' lang='lat' dir='ltr'>quoin</span> <span class='ocrx_word' id='word_1_320' title='bbox 339 4069 444 4154; x_wconf 80' lang='lat' dir='ltr'>legem</span> <span class='ocrx_word' id='word_1_321' title='bbox 468 4070 752 4136; x_wconf 88' lang='lat' dir='ltr'>denuntiationum</span> <span class='ocrx_word' id='word_1_322' title='bbox 778 4071 925 4156; x_wconf 88' lang='lat' dir='ltr'>deliquit,</span> <span class='ocrx_word' id='word_1_323' title='bbox 940 4071 1150 4136; x_wconf 77' lang='lat' dir='ltr'>excursandus</span> <span class='ocrx_word' id='word_1_324' title='bbox 1168 4090 1236 4136; x_wconf 90' lang='lat' dir='ltr'>nou</span> <span class='ocrx_word' id='word_1_325' title='bbox 1249 4081 1308 4151; x_wconf 86' lang='lat' dir='ltr'>est,</span> 
     </span>
     <span class='ocr_line' id='line_1_35' title="bbox 31 4170 1308 4265; baseline -0.005 -19"><span class='ocrx_word' id='word_1_326' title='bbox 31 4170 72 4246; x_wconf 74' lang='lat' dir='ltr'>lli</span> <span class='ocrx_word' id='word_1_327' title='bbox 84 4173 307 4257; x_wconf 82' lang='lat' dir='ltr'>ignorationem</span> <span class='ocrx_word' id='word_1_328' title='bbox 333 4183 499 4264; x_wconf 72' lang='lat' dir='ltr'>praetexiq</span> <span class='ocrx_word' id='word_1_329' title='bbox 528 4181 763 4265; x_wconf 87' lang='lat' dir='ltr'>ignorationem</span> <span class='ocrx_word' id='word_1_330' title='bbox 778 4184 921 4264; x_wconf 84' lang='lat' dir='ltr'>inquam,</span> <span class='ocrx_word' id='word_1_331' title='bbox 950 4199 1050 4262; x_wconf 87' lang='lat' dir='ltr'>quam</span> <span class='ocrx_word' id='word_1_332' title='bbox 1065 4180 1193 4242; x_wconf 84' lang='lat' dir='ltr'>vincere</span> <span class='ocrx_word' id='word_1_333' title='bbox 1207 4187 1239 4240; x_wconf 92' lang='lat' dir='ltr'>et</span> <span class='ocrx_word' id='word_1_334' title='bbox 1254 4196 1308 4260; x_wconf 91' lang='lat' dir='ltr'>po·</span> 
     </span>
     <span class='ocr_line' id='line_1_36' title="bbox 31 4279 1308 4376; baseline 0.009 -40"><span class='ocrx_word' id='word_1_335' title='bbox 31 4279 127 4366; x_wconf 81' lang='lat' dir='ltr'>ruisset,</span> <span class='ocrx_word' id='word_1_336' title='bbox 153 4301 183 4352; x_wconf 91' lang='lat' dir='ltr'>et</span> <span class='ocrx_word' id='word_1_337' title='bbox 198 4290 369 4372; x_wconf 74' lang='lat' dir='ltr'>debuisset,</span> <span class='ocrx_word' id='word_1_338' title='bbox 394 4301 543 4376; x_wconf 84' lang='lat' dir='ltr'>etquaru</span> <span class='ocrx_word' id='word_1_339' title='bbox 570 4289 676 4356; x_wconf 84' lang='lat' dir='ltr'>fovere</span> <span class='ocrx_word' id='word_1_340' title='bbox 701 4291 807 4375; x_wconf 83' lang='lat' dir='ltr'>potius</span> <span class='ocrx_word' id='word_1_341' title='bbox 824 4289 926 4355; x_wconf 82' lang='lat' dir='ltr'>voluit</span> <span class='ocrx_word' id='word_1_342' title='bbox 941 4289 1145 4372; x_wconf 85' lang='lat' dir='ltr'>negligentia,</span> <span class='ocrx_word' id='word_1_343' title='bbox 1172 4287 1308 4368; x_wconf 85' lang='lat' dir='ltr'>quando</span> 
     </span>
     <span class='ocr_line' id='line_1_37' title="bbox 32 4381 1307 4484; baseline 0.007 -33"><span class='ocrx_word' id='word_1_344' title='bbox 32 4381 184 4458; x_wconf 74' lang='lat' dir='ltr'>declinarit</span> <span class='ocrx_word' id='word_1_345' title='bbox 195 4397 298 4482; x_wconf 85' lang='lat' dir='ltr'>legem</span> <span class='ocrx_word' id='word_1_346' title='bbox 313 4397 375 4464; x_wconf 88' lang='lat' dir='ltr'>sibi</span> <span class='ocrx_word' id='word_1_347' title='bbox 389 4399 509 4465; x_wconf 87' lang='lat' dir='ltr'>dictam</span> <span class='ocrx_word' id='word_1_348' title='bbox 525 4401 568 4464; x_wconf 84' lang='lat' dir='ltr'>ad</span> <span class='ocrx_word' id='word_1_349' title='bbox 584 4401 820 4484; x_wconf 84' lang='lat' dir='ltr'>investiganda,</span> <span class='ocrx_word' id='word_1_350' title='bbox 836 4419 921 4482; x_wconf 87' lang='lat' dir='ltr'>quaa</span> <span class='ocrx_word' id='word_1_351' title='bbox 933 4401 1064 4464; x_wconf 86' lang='lat' dir='ltr'>subesse</span> <span class='ocrx_word' id='word_1_352' title='bbox 1079 4407 1216 4481; x_wconf 88' lang='lat' dir='ltr'>possent,</span> <span class='ocrx_word' id='word_1_353' title='bbox 1233 4414 1307 4460; x_wconf 87' lang='lat' dir='ltr'>cou-</span> 
     </span>
     <span class='ocr_line' id='line_1_38' title="bbox 28 4496 1308 4596; baseline -0.005 -22"><span class='ocrx_word' id='word_1_354' title='bbox 28 4496 90 4580; x_wconf 69' lang='lat' dir='ltr'>llil</span> <span class='ocrx_word' id='word_1_355' title='bbox 102 4501 342 4594; x_wconf 58' lang='lat' dir='ltr'>inpedimenta,</span> <span class='ocrx_word' id='word_1_356' title='bbox 359 4509 474 4595; x_wconf 62' lang='lat' dir='ltr'>capit</span> <span class='ocrx_word' id='word_1_357' title='bbox 499 4510 571 4578; x_wconf 68' lang='lat' dir='ltr'>boc.</span> <span class='ocrx_word' id='word_1_358' title='bbox 587 4509 646 4593; x_wconf 82' lang='lat' dir='ltr'>tir,</span> <span class='ocrx_word' id='word_1_359' title='bbox 658 4525 730 4596; x_wconf 57' lang='lat' dir='ltr'>capt</span> <span class='ocrx_word' id='word_1_360' title='bbox 745 4509 776 4576; x_wconf 81' lang='lat'>3.</span> <span class='ocrx_word' id='word_1_361' title='bbox 804 4511 825 4579; x_wconf 80' lang='lat' dir='ltr'>l.</span> <span class='ocrx_word' id='word_1_362' title='bbox 843 4507 883 4574; x_wconf 77' lang='lat' dir='ltr'>at</span> <span class='ocrx_word' id='word_1_363' title='bbox 898 4510 975 4596; x_wconf 78' lang='lat' dir='ltr'>quis</span> <span class='ocrx_word' id='word_1_364' title='bbox 999 4525 1074 4574; x_wconf 83' lang='lat' dir='ltr'>noro</span> <span class='ocrx_word' id='word_1_365' title='bbox 1088 4503 1129 4570; x_wconf 88' lang='lat' dir='ltr'>de</span> <span class='ocrx_word' id='word_1_366' title='bbox 1148 4497 1308 4570; x_wconf 62' lang='lat' dir='ltr'>clandest·</span> 
     </span>
    </p>
   </div>
   <div class='ocr_carea' id='block_1_4' title="bbox 0 0 1578 4980">
    <p class='ocr_par' dir='ltr' id='par_1_5' title="bbox 0 0 1578 4980">
     <span class='ocr_line' id='line_1_39' title="bbox 0 0 1578 4980; baseline 0 7"><span class='ocrx_word' id='word_1_367' title='bbox 0 0 1578 4980; x_wconf 95' lang='lat' dir='ltr'> </span> 
     </span>
    </p>
   </div>
  </div>
 </body>
</html>
