3168 4982
306 421 401 471 aare
424 419 582 468 rrucunr
606 418 838 467 concursura
863 417 1047 465 conruens
1070 419 1212 464 oasrur.
1337 399 1398 464 est

102 541 159 622 et,
181 555 212 607 et
238 545 324 624 alibi,
353 545 630 628 quemadmodum
657 545 805 627 superius
834 554 982 606 notatum
1012 542 1082 605 fuit.
1126 543 1247 604 Verum
1278 558 1335 605 aut
1363 543 1400 604 lsi

105 653 208 716 Sancti
237 653 435 717 doctoresea
463 656 497 718 in
527 656 633 738 specie
662 655 808 736 persequi
840 645 1012 716 volucrunt
1041 653 1231 734 gravitatem
1263 653 1400 733 sceleris,

102 766 219 848 ajende,
235 769 301 830 veti
316 767 486 832 violatores
502 765 599 830 fidem
617 768 686 831 Dee
712 766 823 829 datam
840 765 997 840 fefellisse,
1015 765 1101 846 quod
1129 761 1276 826 adulterii
1301 765 1403 828 instar

102 881 154 948 est,
180 873 262 952 quin
293 885 400 936 tamen
431 874 471 936 de
501 875 533 936 vi
563 876 749 956 nuptiarum
781 873 877 938 verba
898 871 1057 952 iacerent,
1084 885 1140 933 aut
1165 871 1192 933 si
1217 870 1304 933 dcvi
1323 891 1403 956 nup-

103 980 213 1045 tiarum
230 982 380 1046 iortc'eos
396 983 519 1046 locutos
533 983 634 1046 fuisse
665 995 765 1065 putes,
796 1001 861 1046 non
892 982 952 1044 snit
981 993 1107 1065 recepta
1137 981 1266 1043 illorum
1296 983 1404 1065 opinio

102 1088 226 1151 rebeliis
242 1091 401 1170 Patribus,
417 1092 499 1153 iuter
512 1109 594 1171 quos
623 1100 670 1151 est
687 1091 901 1172 Augustinus,
917 1090 1011 1172 cujus
1026 1099 1239 1154 monumenta
1263 1099 1339 1152 sunt
1370 1091 1403 1154 in

102 1195 181 1262 dicto
195 1217 270 1261 cau,
297 1199 327 1260 2.
344 1199 415 1260 dist.
427 1199 538 1276 87.,'et
552 1198 638 1261 dicte
664 1217 735 1260 can.
752 1198 802 1259 41.
819 1215 908 1258 caus.
924 1197 975 1258 27.
992 1207 1115 1276 quaest.
1135 1197 1172 1273 1,
1188 1213 1352 1277 quemque
1367 1197 1400 1260 in

103 1306 160 1368 hac
181 1327 215 1370 re
236 1309 338 1389 sequi,
361 1308 448 1370 idern
470 1317 526 1386 est,
557 1327 595 1368 ac
618 1317 764 1389 receptae
798 1306 966 1369 Ecclesiae
998 1305 1191 1389 disciplinae
1221 1307 1403 1370 adhaerere.

103 1418 176 1480 lere
200 1429 251 1480 est
272 1419 354 1482 haec
376 1419 489 1502 regula
508 1419 541 1481 in
566 1437 680 1501 genere
703 1437 772 1498 suo;
803 1435 868 1482 non
903 1429 1012 1482 tamen
1044 1417 1126 1480 adeo
1159 1429 1280 1497 saneta,
1304 1429 1335 1481 et
1359 1419 1403 1483 in·

96 1545 265 1607 concussa,
290 1539 325 1592 nt
346 1525 493 1603 facultas,
515 1546 554 1588 ac
578 1537 719 1608 potestas
746 1539 858 1590 contra
887 1527 981 1588 certis
1011 1527 1043 1587 in
1077 1523 1209 1588 casibus
1243 1525 1406 1589 statuendi

101 1634 274 1719 denegetur
301 1635 348 1712 iis,
370 1635 428 1716 qui
458 1635 690 1717 impedimenta
722 1636 882 1718 conjugiis
909 1635 979 1716 lege
1016 1633 1146 1716 publiea
1176 1633 1311 1716 objicere
1336 1651 1406 1714 pos-

101 1756 180 1808 sunt
227 1745 317 1827 Ergo
337 1743 453 1807 cadem
476 1745 588 1827 regula
612 1755 683 1807 tum
705 1744 839 1808 demum
862 1743 1046 1828 recipienda
1080 1761 1144 1806 non
1175 1743 1246 1821 erit,
1280 1743 1407 1824 quoties

14 1863 15 1924 l
98 1855 186 1917 certis
210 1855 244 1918 ia
268 1855 398 1918 casibus
418 1853 574 1936 adpareat
597 1855 650 1916 lex
674 1855 805 1937 publica
827 1855 921 1930 edita,
954 1873 1040 1935 quae
1077 1853 1267 1918 voventium
1301 1852 1409 1914 matri-

14 1933 16 1972 *
99 1961 205 2026 monia
228 1961 315 2024 irrita
329 1963 470 2027 omnino
492 1961 672 2026 reddiderit
729 1965 766 2027 In
799 1963 1000 2045 simplicibus
1025 1963 1114 2041 votis,
1138 1981 1195 2026 seu
1219 1973 1311 2024 extro
1332 1981 1408 2026 cau

14 2045 16 2138 l
93 2087 164 2134 aem
187 2071 389 2134 monasticae
412 2070 625 2155 prote-ionis,
648 2083 680 2135 et
701 2073 914 2155 susceptionis
938 2091 1102 2137 sacrorum
1134 2069 1306 2150 ordinum,
1329 2071 1407 2154 quie

14 2217 15 2274 3
92 2182 251 2265 singulari
276 2183 346 2263 lege
368 2183 511 2246 irritante
531 2183 747 2262 destituimur,
771 2183 901 2265 regulae
924 2181 1067 2265 generali
1098 2181 1323 2246 adhaeremus.
1367 2181 1406 2245 ln

14 2287 15 2352 3
97 2293 175 2353 rotis
198 2291 409 2370 solemnibus,
431 2309 490 2354 seu
513 2292 545 2354 in
568 2309 671 2354 causa
693 2293 892 2356 monasticae
915 2293 1129 2376 professionis,
1152 2303 1212 2356 aut
1233 2291 1406 2375 susceptio

14 2437 15 2440 =
95 2397 142 2459 uis
163 2398 249 2460 sacri
274 2397 413 2477 Ordinis,
437 2399 597 2462 babemus
619 2397 820 2480 singularem
842 2399 946 2480 legem
968 2401 1154 2476 irritantem,
1178 2409 1407 2482 proptereaque

93 2507 243 2590 dregula
258 2507 400 2589 generali
416 2507 583 2572 receditur.
628 2507 673 2570 Et
687 2509 820 2589 quidem
845 2507 907 2570 has
934 2507 1117 2590 singulares
1138 2507 1226 2589 leges
1247 2509 1406 2572 irritantes

15 2639 16 2702 3
90 2613 154 2694 jam
169 2617 323 2698 superius
347 2614 500 2696 indicavi3
525 2627 688 2679 caeterum
704 2615 866 2697 quaedam
879 2617 974 2699 juvat
1002 2615 1159 2699 subiicere
1173 2616 1207 2677 in
1224 2616 1404 2696 praesentia

15 2709 17 2774 l
93 2725 133 2788 ed
145 2728 337 2790 universam
352 2725 521 2788 materiam
537 2723 774 2802 illustrandam,
791 2743 876 2806 quae
889 2735 1039 2807 spectant
1054 2723 1096 2786 ad
1107 2725 1230 2788 irritata
1244 2725 1403 2808 conjugia,

91 2855 157 2921 qua
172 2835 504 2915 monachorumque
525 2833 726 2898 clericorum
752 2834 786 2896 in
811 2835 911 2897 saeris
935 2832 1115 2898 Ordinibus
1140 2833 1399 2915 constitutoruuu

15 2909 17 2934 l
94 2947 194 3010 multa
211 2946 302 3008 enim
317 2957 393 3007 sunt
416 2943 604 3008 adnotanda
617 2943 662 3006 ed
684 2963 796 3008 cantra
824 2942 934 3026 legum
958 2944 1105 3026 origines,
1123 2955 1154 3005 et
1169 2963 1297 3023 causas;
1315 2941 1402 3006 uude

16 3093 18 3148 ξ
89 3069 122 3118 et
134 3075 268 3134 causae,
284 3063 318 3118 ct
330 3055 470 3136 origines
480 3053 576 3133 illius,
589 3051 753 3134 quilrodie
764 3053 861 3116 etiarn
873 3053 1004 3133 obtineo
1014 3053 1215 3136 disciplinae,
1227 3053 1402 3136 perspicue,

16 3197 18 3254 p
92 3161 301 3243 dilucideque
316 3161 511 3242 pandantur.

16 3257 17 3296 ³
132 3271 173 3334 Ut
190 3271 234 3333 de
249 3271 428 3333 monastica
446 3269 639 3350 professione
654 3271 796 3352 primum
811 3271 929 3352 dicam,
951 3272 1177 3356 designandae
1202 3286 1278 3339 sunt
1295 3277 1402 3339 variae

16 3367 17 3414 t
92 3389 274 3463 temporum
290 3389 394 3440 notae.
439 3378 601 3442 Nimirum
617 3380 729 3461 priscis
745 3380 913 3442 Ecclesiae
937 3382 1077 3444 saeculis
1103 3383 1236 3445 omnino
1257 3383 1401 3465 privatae

90 3487 322 3568 utplurimum
334 3496 429 3550 amnt
453 3485 687 3550 morracnororn
717 3487 943 3564 institutiones,
973 3488 1056 3550 adeo
1072 3501 1108 3552 ut
1122 3487 1186 3551 sere
1201 3491 1322 3572 singuli
1338 3491 1403 3554 sin·

90 3595 185 3676 -gulas
201 3595 265 3658 sibi
291 3594 421 3675 regulas
431 3595 618 3676 sequendas
635 3609 853 3678 preponerent,
879 3617 934 3680 pro
961 3599 1065 3661 lubitu
1089 3611 1146 3662 aut
1162 3602 1400 3682 restringendus

89 3707 219 3784 arctius,
250 3715 309 3767 aut
324 3704 421 3766 latius
451 3703 656 3784 relaxandam
689 3705 777 3768 unde
805 3707 1028 3788 Hieronymus
1058 3707 1101 3770 ad
1131 3709 1304 3772 Rusticum
1334 3731 1399 3774 mo-

92 3815 236 3876 nachum
260 3813 411 3891 scribens,
435 3831 511 3875 eum
534 3815 693 3893 monebat,
719 3827 753 3878 ut
773 3827 897 3880 certum
920 3818 980 3880 sibi
1003 3817 1207 3883 Praefectum
1229 3823 1400 3883 constitue

93 3933 143 4002 ret,
165 3929 187 3988 a
211 3925 307 4004 cujus
334 3923 480 4006 iussione
513 3923 673 4005 penderet,
707 3945 779 3988 ean.
802 3926 853 3988 41.
877 3945 966 3990 caus.
990 3929 1018 3991 7.
1041 3941 1165 4010 quaest.
1191 3933 1218 3994 l.
1274 3933 1398 3994 interea

90 4033 132 4094 ad
152 4034 346 4096 evitandam
369 4032 450 4094 adeo
471 4031 615 4116 a'mplam
638 4035 815 4099 libertatem
838 4037 987 4099 nonnulli
1022 4057 1196 4120 coeperunt
1229 4041 1398 4103 institutio-

91 4161 148 4204 ues
170 4143 214 4206 ab
235 4143 310 4206 aliis
333 4143 504 4205 monachis
526 4143 628 4206 factas
650 4145 750 4225 sequi,
773 4147 815 4208 ab
838 4147 877 4208 iis
900 4150 1093 4228 praesertim,
1117 4167 1254 4230 quorum
1278 4167 1398 4230 magna

92 4251 234 4316 nomiais
256 4251 347 4315 fama
369 4253 445 4331 erait,
467 4263 565 4336 atque
586 4255 793 4336 existimatio,
816 4257 899 4318 inter
919 4277 1002 4340 quos
1024 4270 1116 4321 erant
1137 4258 1169 4322 S.
1194 4257 1343 4337 Basilius,
1367 4273 1398 4325 et

18 4361 19 4372 ³
93 4363 239 4425 nonnulli
254 4363 287 4427 S.
305 4361 417 4426 Basilii
435 4363 617 4426 imitatores.
661 4365 833 4427 Caeterum
850 4365 913 4427 lrae
929 4367 1059 4448 regulae
1074 4366 1184 4428 adhuc
1201 4369 1397 4448 privatarum

18 4561 19 4566 ἵ
94 4471 354 4557 praeoepuonum
369 4469 441 4538 loco
454 4469 666 4552 habebantur,
683 4471 823 4540 necdum
839 4473 969 4556 publica
984 4474 1171 4542 aucmritate
1183 4474 1342 4559 probatae,
1359 4495 1398 4540 ac
