3146 4980
340 431 389 475 ro
404 429 580 492 rra-uarro
598 430 662 480 aar
680 431 774 478 artu
791 433 878 478 arur·
895 433 1077 480 tuemini.
1299 418 1361 486 319

81 563 253 636 presaemut·
280 551 444 639 Exceptis
458 557 687 640 toatsemr'nt's,
710 577 812 641 qrmrn
824 557 918 636 ciria,
935 560 993 642 qni
1007 579 1169 647 enarrare
1189 563 1360 642 acerrimo,

76 683 128 728 nott
140 665 293 746 affectato,
316 665 555 768 insimulatore,
581 685 684 750 neque
697 687 738 728 aa
752 669 814 732 niti
828 689 930 732 corma
945 670 1070 753 decepti
1083 679 1170 749 areret,
1192 682 1253 736 unt
1268 682 1356 738 aeta·

76 777 111 840 tie
122 777 238 840 lubrico
260 777 359 862 lopei.
408 777 504 850 Qrtos
517 787 628 842 tantan
652 779 703 842 ila
717 779 839 844 dentem
853 781 940 862 legis
954 791 1087 846 nostroe
1112 785 1240 868 laqteeia
1253 785 1359 850 eximi

72 885 190 967 placuit,
204 886 237 948 ei
248 893 312 948 ortt
327 903 435 948 errore
448 894 618 970 cuniperto,
635 895 696 950 ant
709 888 768 950 nbi
782 889 828 951 ad
840 888 1011 971 legitimos
1021 894 1231 974 pervenerint
1242 915 1357 974 crines,

74 993 314 1077 mnjnnctiarmnt
338 991 615 1076 bnjrtsmodt'sr'ne
629 994 701 1058 nito
722 996 1022 1078 procrastinatione
1036 1000 1239 1064 diremerint.
1284 1001 1357 1064 Pro·

71 1101 177 1164 lutosi
187 1104 245 1186 jue
258 1118 325 1165 nou
351 1101 432 1166 adeo
447 1101 488 1166 eit
501 1101 705 1185 explomtum
730 1104 1005 1186 contrahentibus,
1031 1118 1066 1170 ut
1081 1127 1211 1172 ornnem
1233 1109 1357 1174 dubita-

71 1212 175 1274 tionem
188 1211 283 1274 certis
308 1210 343 1276 in
355 1210 487 1274 caaiboe
513 1220 672 1288 amoveat,
696 1219 728 1274 et
742 1229 819 1276 cum
833 1229 935 1276 errore
956 1213 1039 1296 juria
1064 1216 1163 1278 etiam
1188 1227 1358 1279 concurrat

71 1319 132 1384 lacti
147 1321 313 1402 ignoratio,
339 1319 421 1384 haec
436 1320 508 1403 ipsa
522 1320 683 1402 ignoratio
698 1319 860 1402 legitimae
886 1322 1057 1388 liberorum
1071 1326 1249 1392 conditioni
1265 1328 1359 1393 sacila

70 1429 201 1512 proderit.
245 1429 285 1494 ld
300 1431 485 1513 agnoscitur
498 1429 533 1492 in
548 1429 654 1512 specie
668 1429 802 1511 capituli
817 1431 847 1494 8.
870 1431 932 1494 hoc
947 1431 1003 1511 rit,
1019 1433 1074 1496 ubi
1096 1436 1215 1518 conjux
1229 1447 1359 1517 putans,

70 1542 223 1625 mnjngem
249 1538 387 1602 altemm
413 1539 480 1602 rita
504 1535 655 1602 functum
680 1535 789 1618 luisse,
813 1557 936 1602 norum
951 1539 1139 1622 conjugium
1158 1542 1360 1604 contraxisse

70 1647 247 1730 proponitur.
291 1647 344 1712 Ad
369 1647 459 1712 buno
483 1665 620 1712 errorem
645 1644 722 1710 lacti
748 1658 929 1710 accesserat
950 1649 1032 1730 juris
1059 1649 1224 1728 dubitatio,
1252 1669 1295 1712 arr
1313 1651 1356 1714 ad

71 1775 131 1820 eom
144 1757 338 1840 propositam
364 1757 502 1837 speciem
518 1757 696 1839 pertineret,
721 1758 809 1838 quod
825 1757 864 1819 de
880 1769 965 1820 certo
980 1761 1198 1842 exspectando
1216 1771 1357 1844 tempore

70 1875 211 1930 statutum
229 1862 380 1928 tractatio
394 1871 466 1946 cap.
484 1865 532 1928 19.
548 1865 589 1928 tle
604 1865 744 1946 sponsal,
760 1865 939 1948 etquidem
965 1887 1030 1930 non
1046 1869 1188 1951 generali
1205 1869 1284 1952 lege,
1300 1869 1357 1934 aad

70 1973 212 2056 singulari
238 1973 398 2054 rescripto.
442 1973 480 2035 lu
496 1972 559 2036 hac
573 1984 606 2036 et
630 1973 717 2053 facti,
733 1986 765 2038 et
784 1976 865 2058 juria
880 1975 1075 2056 gravissima
1100 1975 1309 2054 dubitatione,
1329 1975 1359 2040 si

70 2081 222 2164 ignoratio,
237 2093 271 2146 ct
283 2099 369 2148 error
383 2082 532 2164 conjngio
547 2081 731 2148 solemniter
745 2083 966 2146 contrahendo
979 2101 1115 2146 causam
1130 2083 1273 2144 maxime
1288 2101 1357 2164 pro-

69 2191 192 2256 babilem
207 2174 363 2276 praebuit,
388 2191 469 2256 niln'l
493 2211 591 2276 prope
613 2203 689 2272 erat,
715 2192 803 2274 quod
828 2193 985 2256 adversus
1011 2192 1189 2273 legitimam
1208 2191 1357 2258 nativita-

69 2313 120 2364 tem
134 2303 207 2366 odio
239 2302 411 2366 liberorum
425 2310 660 2384 proponeretur.
705 2301 855 2384 Denique
873 2302 1031 2384 legitimae
1055 2303 1232 2364 nativitatis
1252 2303 1356 2383 gratia

68 2407 225 2476 definitum
240 2423 296 2492 eat,
312 2431 377 2495 quo
401 2429 481 2476 casu
495 2419 666 2494 parantum
681 2410 840 2494 ignoratio
854 2411 969 2476 liberos
984 2423 1086 2494 potest
1112 2395 1270 2494 legitimos
1286 2412 1356 2476 red·

67 2520 300 2604 taruennicam
321 2523 559 2606 ignorationem
573 2523 674 2586 unius
696 2541 739 2584 ex
753 2521 948 2605 parentibrm,
966 2523 1035 2585 sive
1050 2534 1147 2604 pater,
1170 2524 1238 2586 sive
1254 2534 1356 2590 mater

68 2631 108 2712 sit,
122 2633 195 2697 licet
209 2634 291 2696 alter
305 2631 345 2696 de
372 2632 460 2696 mala
474 2631 542 2696 fide
553 2633 775 2711 convincatur,
801 2649 872 2713 cap.
890 2631 939 2694 tt.
954 2630 1016 2694 lroc
1031 2632 1088 2712 tit,
1108 2635 1221 2716 Junoto
1239 2652 1308 2716 cap.
1327 2635 1353 2696 l.

66 2740 219 2826 decoqui
234 2741 377 2806 nontin
391 2741 634 2806 matrimonium
650 2741 712 2808 tito.
1056 2755 1058 2760 ·

99 2857 374 2937 Quotiescumque
388 2855 422 2918 in
437 2855 609 2920 discrimen
624 2853 796 2918 adducitur
810 2853 954 2935 legitima
970 2851 1028 2916 frlii
1051 2852 1228 2916 nativitatis
1243 2853 1285 2916 ab
1299 2871 1353 2916 ex-

65 2977 173 3048 traneo,
198 2975 323 3030 cattum
349 2967 506 3048 imprimis
530 2979 587 3046 est,
614 2967 746 3049 probato
768 2967 973 3029 matrimonio
999 2967 1080 3030 inter
1095 2977 1217 3049 patrem
1241 2977 1273 3030 et
1288 2986 1354 3030 ma·

64 3085 143 3156 tram,
160 3079 237 3140 item
260 3078 396 3160 probata
410 3077 579 3140 nativitate
604 3097 644 3140 ex
661 3087 771 3154 matre,
800 3075 904 3140 filiurn
925 3077 1048 3138 censeri
1076 3075 1264 3159 legitimum,
1291 3077 1354 3140 nisi

65 3187 206 3252 diuturna
221 3207 283 3251 nec
297 3187 474 3270 interrupta
499 3186 606 3250 manti
620 3187 766 3251 absentia
780 3205 910 3250 omnem
926 3189 1220 3268 praesumptionem
1245 3187 1354 3250 exclu-

64 3291 119 3374 dat,
134 3296 153 3358 l.
168 3297 199 3359 t.
215 3295 247 3359 ff.
262 3294 304 3360 tie
318 3294 379 3374 his,
393 3295 450 3376 qul
466 3303 543 3358 sunt
557 3293 617 3372 sui,
633 3293 686 3355 vel
702 3293 798 3356 alieni
809 3294 900 3376 juris.
947 3292 1073 3354 Deinde
1088 3293 1250 3374 singulare
1273 3292 1354 3356 illud

63 3417 215 3488 receptum
231 3417 288 3484 est,
313 3416 351 3469 ut
366 3405 464 3487 patrie
477 3413 509 3468 et
533 3405 646 3468 matria
662 3403 843 3467 testimonio
868 3401 1038 3481 deseratur,
1062 3403 1186 3484 quoties
1203 3403 1262 3484 ipsi
1279 3401 1354 3486 legi·

63 3511 169 3578 limum
182 3533 255 3576 esee
269 3511 375 3578 lilium
398 3512 570 3590 fateantur,
592 3509 643 3574 vel
659 3520 787 3591 negant,
804 3509 867 3572 uisi
890 3509 925 3586 is,
942 3510 998 3592 qni
1012 3519 1183 3592 pareutum
1198 3508 1283 3572 dicto
1298 3511 1353 3574 atl-

63 3633 206 3702 venatur,
232 3621 327 3685 certis
341 3619 541 3704 argumentis
566 3618 763 3684 contrarium
777 3619 934 3698 ostendat,
960 3637 1029 3702 cap.
1045 3619 1074 3682 3.
1095 3619 1156 3682 hoc
1172 3618 1217 3682 tit.
1261 3620 1354 3684 Insu-

61 3745 109 3810 per
122 3731 361 3801 observandam
376 3741 434 3808 eat,
459 3730 542 3796 eatis
556 3747 622 3794 nou
646 3747 718 3794 etse
731 3729 839 3806 alicui,
855 3729 911 3810 qni
927 3747 961 3792 sa
977 3728 1082 3792 filium
1104 3728 1240 3812 alicujus
1256 3728 1352 3810 dicat,

61 3840 201 3923 allegare,
227 3861 261 3906 ac
275 3840 474 3924 qttandoqne
500 3839 558 3904 filii
574 3839 704 3904 nomine
718 3837 919 3921 appellatum
944 3835 1044 3901 luisse
1060 3838 1101 3900 ab
1115 3856 1162 3912 eo,
1177 3857 1275 3918 quarn
1291 3837 1352 3900 sibi

61 3962 219 4030 parentam
242 3954 399 4036 agnoscit,
425 3951 488 4016 nisi
503 3949 568 4014 alia
591 3948 790 4012 adminicula
816 3959 1019 4030 concurrant;
1046 3946 1242 4029 quandoque
1264 3945 1352 4010 enim

61 4061 168 4140 evenit,
185 4069 220 4124 ut
233 4059 365 4124 cuidam
389 4079 432 4122 ert
447 4058 604 4142 singulari
618 4057 750 4122 alterius
765 4057 998 4135 benevolentia,
1026 4075 1144 4122 nomen
1161 4055 1219 4118 filii
1236 4056 1351 4150 tribua·

60 4177 112 4250 tur,
128 4175 150 4239 l.
169 4173 216 4236 12.
229 4172 390 4254 jrratit.·in
406 4169 471 4234 fine
485 4169 526 4234 de
541 4169 712 4253 adopriou,
727 4170 810 4234 Nor.
828 4171 898 4233 117.
913 4189 984 4252 cap.
1000 4169 1040 4247 2,
1064 4189 1143 4250 cap,
1162 4169 1210 4230 10.
1227 4167 1266 4230 de
1283 4185 1349 4258 pro

61 4279 171 4345 bonon.
213 4281 300 4345 Inter
314 4279 515 4346 adminicula
541 4280 621 4346 illnd
648 4281 794 4346 validum
809 4292 865 4360 ast,
890 4299 956 4362 quo
975 4280 1216 4357 demonstretur,
1243 4275 1350 4373 matri·

59 4391 197 4454 moniam
212 4389 312 4457 fnisse
336 4405 485 4458 secutum
500 4391 582 4458 iuter
597 4401 741 4469 matrem,
765 4402 895 4472 ereum,
912 4391 967 4474 qui
985 4389 1089 4454 filium
1110 4387 1298 4468 nominavit,
1315 4388 1351 4456 l‘r·

60 4509 104 4563 cet
118 4501 360 4568 matrimonium
384 4499 467 4567 illud
481 4503 644 4594 occultum
661 4499 783 4585 pridem
800 4501 886 4583 soret,
910 4520 980 4586 cap.
996 4503 1024 4565 n.
1041 4501 1164 4590 boarit.
1207 4499 1349 4602 l’areuti·
