<?xml version="1.0" encoding="UTF-8"?>
<!DOCTYPE html PUBLIC "-//W3C//DTD XHTML 1.0 Transitional//EN"
    "http://www.w3.org/TR/xhtml1/DTD/xhtml1-transitional.dtd">
<html xmlns="http://www.w3.org/1999/xhtml" xml:lang="en" lang="en">
 <head>
  <title>
</title>
<meta http-equiv="Content-Type" content="text/html;charset=utf-8" />
  <meta name='ocr-system' content='tesseract 3.04.00' />
  <meta name='ocr-capabilities' content='ocr_page ocr_carea ocr_par ocr_line ocrx_word'/>
</head>
<body>
  <div class='ocr_page' id='page_1' title='image "./carolisebastian00beragoog_0309.png"; bbox 0 0 3146 4980; ppageno 0'>
   <div class='ocr_carea' id='block_1_1' title="bbox 462 501 1266 774">
    <p class='ocr_par' dir='ltr' id='par_1_1' title="bbox 462 501 1266 774">
     <span class='ocr_line' id='line_1_1' title="bbox 462 501 1266 774; baseline 0.002 -2"><span class='ocrx_word' id='word_1_1' title='bbox 462 533 916 772; x_wconf 81' lang='lat' dir='ltr'><strong>lililililii</strong></span> <span class='ocrx_word' id='word_1_2' title='bbox 975 535 1200 774; x_wconf 81' lang='lat' dir='ltr'><strong>iiiii</strong></span> <span class='ocrx_word' id='word_1_3' title='bbox 1263 501 1266 510; x_wconf 5' lang='grc' dir='ltr'>λ</span> 
     </span>
    </p>
   </div>
   <div class='ocr_carea' id='block_1_2' title="bbox 225 963 1119 1116">
    <p class='ocr_par' dir='ltr' id='par_1_2' title="bbox 225 963 1230 1116">
     <span class='ocr_line' id='line_1_2' title="bbox 225 963 1119 1116; baseline -0.015 -2"><span class='ocrx_word' id='word_1_4' title='bbox 225 1016 339 1116; x_wconf 74' lang='lat' dir='ltr'><strong>u:</strong></span> <span class='ocrx_word' id='word_1_5' title='bbox 356 963 742 1116; x_wconf 72' lang='lat' dir='ltr'><strong>oenomaus</strong></span> <span class='ocrx_word' id='word_1_6' title='bbox 761 1014 961 1116; x_wconf 79' lang='lat' dir='ltr'><strong>uuum</strong></span> <span class='ocrx_word' id='word_1_7' title='bbox 976 1015 1119 1114; x_wconf 73' lang='lat' dir='ltr'><strong>ouo</strong></span> 
     </span>
    </p>
   </div>
   <div class='ocr_carea' id='block_1_3' title="bbox 663 1282 1006 1360">
    <p class='ocr_par' dir='ltr' id='par_1_3' title="bbox 663 1282 1006 1360">
     <span class='ocr_line' id='line_1_3' title="bbox 663 1282 1006 1360; baseline 0.006 -2"><span class='ocrx_word' id='word_1_8' title='bbox 663 1282 1006 1360; x_wconf 82' lang='lat' dir='ltr'><strong>EFFEO&#39;I&#39;IBUS.</strong></span> 
     </span>
    </p>
   </div>
   <div class='ocr_carea' id='block_1_4' title="bbox 70 1699 1562 4571">
    <p class='ocr_par' dir='ltr' id='par_1_4' title="bbox 190 1699 1487 1924">
     <span class='ocr_line' id='line_1_4' title="bbox 190 1699 1487 1924; baseline -0.003 -20"><span class='ocrx_word' id='word_1_9' title='bbox 190 1699 500 1912; x_wconf 67' lang='lat' dir='ltr'><strong>CONTRAC&#39;I&#39;O</strong></span> <span class='ocrx_word' id='word_1_10' title='bbox 525 1837 667 1922; x_wconf 82' lang='lat' dir='ltr'><strong>legitime</strong></span> <span class='ocrx_word' id='word_1_11' title='bbox 681 1837 840 1924; x_wconf 86' lang='lat' dir='ltr'><strong>conjugio,</strong></span> <span class='ocrx_word' id='word_1_12' title='bbox 867 1839 1002 1904; x_wconf 80' lang='lat' dir='ltr'><strong>nonulla</strong></span> <span class='ocrx_word' id='word_1_13' title='bbox 1027 1837 1275 1923; x_wconf 84' lang='lat' dir='ltr'><strong>proficiscuntur</strong></span> <span class='ocrx_word' id='word_1_14' title='bbox 1298 1839 1382 1922; x_wconf 84' lang='lat' dir='ltr'><strong>jura,</strong></span> <span class='ocrx_word' id='word_1_15' title='bbox 1408 1857 1487 1921; x_wconf 83' lang='lat' dir='ltr'><strong>quas</strong></span> 
     </span>
    </p>

    <p class='ocr_par' dir='ltr' id='par_1_5' title="bbox 70 1947 1562 4571">
     <span class='ocr_line' id='line_1_5' title="bbox 70 1947 1486 2036; baseline 0 -26"><span class='ocrx_word' id='word_1_16' title='bbox 70 1961 79 1970; x_wconf 92' lang='grc'><em>·</em></span> <span class='ocrx_word' id='word_1_17' title='bbox 110 1985 113 1992; x_wconf 44' lang='grc'><strong><em>’</em></strong></span> <span class='ocrx_word' id='word_1_18' title='bbox 188 1948 242 2012; x_wconf 80' lang='lat' dir='ltr'><strong>vel</strong></span> <span class='ocrx_word' id='word_1_19' title='bbox 258 1947 344 2030; x_wconf 87' lang='lat' dir='ltr'><strong>ipsos</strong></span> <span class='ocrx_word' id='word_1_20' title='bbox 371 1948 511 2012; x_wconf 84' lang='lat' dir='ltr'><strong>invicem</strong></span> <span class='ocrx_word' id='word_1_21' title='bbox 525 1949 685 2032; x_wconf 83' lang='lat' dir='ltr'><strong>conjuges,</strong></span> <span class='ocrx_word' id='word_1_22' title='bbox 711 1949 762 2012; x_wconf 90' lang='lat' dir='ltr'><strong>vel</strong></span> <span class='ocrx_word' id='word_1_23' title='bbox 778 1949 898 2032; x_wconf 84' lang='lat' dir='ltr'><strong>prolem</strong></span> <span class='ocrx_word' id='word_1_24' title='bbox 914 1949 990 2014; x_wconf 87' lang='lat' dir='ltr'><strong>inde</strong></span> <span class='ocrx_word' id='word_1_25' title='bbox 1005 1962 1188 2036; x_wconf 76' lang='lat' dir='ltr'>susceptam</span> <span class='ocrx_word' id='word_1_26' title='bbox 1213 1949 1396 2034; x_wconf 80' lang='lat' dir='ltr'><strong>respiciunt.</strong></span> <span class='ocrx_word' id='word_1_27' title='bbox 1439 1948 1486 2012; x_wconf 81' lang='lat' dir='ltr'><strong>Ad</strong></span> 
     </span>
     <span class='ocr_line' id='line_1_6' title="bbox 190 2059 1490 2148; baseline 0.002 -26"><span class='ocrx_word' id='word_1_28' title='bbox 190 2061 344 2145; x_wconf 85' lang='lat' dir='ltr'><strong>conjuges</strong></span> <span class='ocrx_word' id='word_1_29' title='bbox 359 2061 445 2144; x_wconf 85' lang='lat' dir='ltr'><strong>ipsos</strong></span> <span class='ocrx_word' id='word_1_30' title='bbox 461 2059 600 2143; x_wconf 86' lang='lat' dir='ltr'><strong>primum</strong></span> <span class='ocrx_word' id='word_1_31' title='bbox 616 2072 746 2144; x_wconf 65' lang='lat' dir='ltr'><strong>eructat,</strong></span> <span class='ocrx_word' id='word_1_32' title='bbox 762 2061 850 2144; x_wconf 89' lang='lat' dir='ltr'><strong>quod</strong></span> <span class='ocrx_word' id='word_1_33' title='bbox 866 2061 974 2127; x_wconf 81' lang='lat' dir='ltr'><strong>scribit</strong></span> <span class='ocrx_word' id='word_1_34' title='bbox 990 2064 1163 2148; x_wconf 84' lang='lat' dir='ltr'><strong>Apostolus</strong></span> <span class='ocrx_word' id='word_1_35' title='bbox 1178 2065 1211 2126; x_wconf 91' lang='lat' dir='ltr'><strong>in</strong></span> <span class='ocrx_word' id='word_1_36' title='bbox 1223 2063 1314 2146; x_wconf 87' lang='lat' dir='ltr'><strong>epist.</strong></span> <span class='ocrx_word' id='word_1_37' title='bbox 1333 2065 1360 2127; x_wconf 88' lang='lat'><strong>1.</strong></span> <span class='ocrx_word' id='word_1_38' title='bbox 1378 2063 1419 2126; x_wconf 86' lang='lat' dir='ltr'><strong>sd</strong></span> <span class='ocrx_word' id='word_1_39' title='bbox 1436 2063 1490 2126; x_wconf 84' lang='lat' dir='ltr'><strong>Co</strong></span> 
     </span>
     <span class='ocr_line' id='line_1_7' title="bbox 191 2171 1491 2260; baseline 0.002 -25"><span class='ocrx_word' id='word_1_40' title='bbox 191 2172 288 2236; x_wconf 88' lang='lat' dir='ltr'><strong>rinth.</strong></span> <span class='ocrx_word' id='word_1_41' title='bbox 304 2191 373 2256; x_wconf 82' lang='lat' dir='ltr'><strong>esp.</strong></span> <span class='ocrx_word' id='word_1_42' title='bbox 390 2174 419 2236; x_wconf 86' lang='grc'><strong>7.</strong></span> <span class='ocrx_word' id='word_1_43' title='bbox 443 2171 640 2259; x_wconf 57' lang='lat' dir='ltr'><strong>Melieszui</strong></span> <span class='ocrx_word' id='word_1_44' title='bbox 654 2176 800 2260; x_wconf 85' lang='lat' dir='ltr'><strong>eorporis</strong></span> <span class='ocrx_word' id='word_1_45' title='bbox 811 2184 1008 2260; x_wconf 80' lang='lat' dir='ltr'><strong>potestatem</strong></span> <span class='ocrx_word' id='word_1_46' title='bbox 1023 2197 1087 2240; x_wconf 88' lang='lat' dir='ltr'><strong>non</strong></span> <span class='ocrx_word' id='word_1_47' title='bbox 1101 2177 1204 2256; x_wconf 81' lang='lat' dir='ltr'><strong>habet,</strong></span> <span class='ocrx_word' id='word_1_48' title='bbox 1219 2177 1278 2240; x_wconf 89' lang='lat' dir='ltr'><strong>sed</strong></span> <span class='ocrx_word' id='word_1_49' title='bbox 1290 2177 1356 2249; x_wconf 72' lang='lat' dir='ltr'><strong>oin·</strong></span> <span class='ocrx_word' id='word_1_50' title='bbox 1378 2176 1491 2240; x_wconf 83' lang='lat' dir='ltr'><strong>simili-</strong></span> 
     </span>
     <span class='ocr_line' id='line_1_8' title="bbox 192 2283 1490 2368; baseline 0.001 -22"><span class='ocrx_word' id='word_1_51' title='bbox 192 2290 243 2346; x_wconf 88' lang='lat' dir='ltr'><strong>ter</strong></span> <span class='ocrx_word' id='word_1_52' title='bbox 257 2291 369 2348; x_wconf 87' lang='lat' dir='ltr'><strong>antem</strong></span> <span class='ocrx_word' id='word_1_53' title='bbox 384 2289 415 2346; x_wconf 90' lang='lat' dir='ltr'><strong>et</strong></span> <span class='ocrx_word' id='word_1_54' title='bbox 428 2283 482 2346; x_wconf 89' lang='lat' dir='ltr'><strong>oir</strong></span> <span class='ocrx_word' id='word_1_55' title='bbox 496 2284 552 2346; x_wconf 87' lang='lat' dir='ltr'><strong>sui</strong></span> <span class='ocrx_word' id='word_1_56' title='bbox 564 2285 707 2368; x_wconf 85' lang='lat' dir='ltr'><strong>corporis</strong></span> <span class='ocrx_word' id='word_1_57' title='bbox 719 2291 989 2368; x_wconf 86' lang='lat' dir='ltr'><strong>patestatem-uon</strong></span> <span class='ocrx_word' id='word_1_58' title='bbox 1000 2288 1105 2366; x_wconf 77' lang='lat' dir='ltr'><strong>tabet,</strong></span> <span class='ocrx_word' id='word_1_59' title='bbox 1119 2289 1177 2351; x_wconf 92' lang='lat' dir='ltr'><strong>sed</strong></span> <span class='ocrx_word' id='word_1_60' title='bbox 1187 2288 1321 2352; x_wconf 90' lang='lat' dir='ltr'><strong>mulier:</strong></span> <span class='ocrx_word' id='word_1_61' title='bbox 1338 2286 1380 2350; x_wconf 86' lang='lat' dir='ltr'><strong>sd</strong></span> <span class='ocrx_word' id='word_1_62' title='bbox 1396 2301 1490 2368; x_wconf 87' lang='lat' dir='ltr'><strong>quam</strong></span> 
     </span>
     <span class='ocr_line' id='line_1_9' title="bbox 190 2389 1562 2490; baseline 0.001 -37"><span class='ocrx_word' id='word_1_63' title='bbox 190 2389 348 2478; x_wconf 58' lang='lat' dir='ltr'><strong>reiniutm</strong></span> <span class='ocrx_word' id='word_1_64' title='bbox 372 2390 520 2456; x_wconf 85' lang='lat' dir='ltr'><strong>formulis</strong></span> <span class='ocrx_word' id='word_1_65' title='bbox 534 2391 567 2456; x_wconf 87' lang='lat' dir='ltr'><strong>S.</strong></span> <span class='ocrx_word' id='word_1_66' title='bbox 584 2392 748 2490; x_wconf 70' lang='lat' dir='ltr'><strong>Fulgentii</strong></span> <span class='ocrx_word' id='word_1_67' title='bbox 775 2394 809 2457; x_wconf 89' lang='lat' dir='ltr'><strong>in</strong></span> <span class='ocrx_word' id='word_1_68' title='bbox 824 2414 873 2478; x_wconf 88' lang='lat' dir='ltr'><strong>ep.</strong></span> <span class='ocrx_word' id='word_1_69' title='bbox 900 2395 942 2457; x_wconf 86' lang='lat' dir='ltr'><strong>ad</strong></span> <span class='ocrx_word' id='word_1_70' title='bbox 959 2395 1089 2460; x_wconf 80' lang='lat' dir='ltr'>Gallam</span> <span class='ocrx_word' id='word_1_71' title='bbox 1114 2417 1182 2480; x_wconf 86' lang='lat' dir='ltr'><strong>cap.</strong></span> <span class='ocrx_word' id='word_1_72' title='bbox 1199 2397 1228 2460; x_wconf 87' lang='lat'><strong>3.</strong></span> <span class='ocrx_word' id='word_1_73' title='bbox 1259 2397 1304 2460; x_wconf 84' lang='lat' dir='ltr'><strong>its</strong></span> <span class='ocrx_word' id='word_1_74' title='bbox 1317 2395 1489 2460; x_wconf 80' lang='lat' dir='ltr'><strong>scribentis:</strong></span> <span class='ocrx_word' id='word_1_75' title='bbox 1561 2425 1562 2465; x_wconf 65' lang='lat'><strong>,</strong></span> 
     </span>
     <span class='ocr_line' id='line_1_10' title="bbox 194 2480 1492 2597; baseline 0.002 -31"><span class='ocrx_word' id='word_1_76' title='bbox 194 2499 335 2566; x_wconf 80' lang='lat' dir='ltr'><strong>Juste‘tia</strong></span> <span class='ocrx_word' id='word_1_77' title='bbox 349 2501 465 2566; x_wconf 87' lang='lat' dir='ltr'><strong>utendi</strong></span> <span class='ocrx_word' id='word_1_78' title='bbox 489 2503 642 2588; x_wconf 68' lang='lat' dir='ltr'><strong>corurrgio</strong></span> <span class='ocrx_word' id='word_1_79' title='bbox 656 2503 735 2567; x_wconf 80' lang='lat' dir='ltr'><strong>leaeo</strong></span> <span class='ocrx_word' id='word_1_80' title='bbox 749 2513 807 2582; x_wconf 83' lang='lat' dir='ltr'><strong>est,</strong></span> <span class='ocrx_word' id='word_1_81' title='bbox 834 2513 872 2570; x_wconf 89' lang='lat' dir='ltr'><strong>ut</strong></span> <span class='ocrx_word' id='word_1_82' title='bbox 887 2527 951 2572; x_wconf 90' lang='lat' dir='ltr'><strong>non</strong></span> <span class='ocrx_word' id='word_1_83' title='bbox 966 2480 1147 2590; x_wconf 66' lang='lat' dir='ltr'><strong>enilmdae</strong></span> <span class='ocrx_word' id='word_1_84' title='bbox 1161 2501 1319 2597; x_wconf 80' lang='lat' dir='ltr'><strong>libidinis,</strong></span> <span class='ocrx_word' id='word_1_85' title='bbox 1333 2505 1393 2570; x_wconf 81' lang='lat' dir='ltr'><strong>sed</strong></span> <span class='ocrx_word' id='word_1_86' title='bbox 1405 2507 1492 2570; x_wconf 81' lang='lat' dir='ltr'><strong>subs-</strong></span> 
     </span>
     <span class='ocr_line' id='line_1_11' title="bbox 193 2611 1492 2701; baseline 0.002 -28"><span class='ocrx_word' id='word_1_87' title='bbox 193 2611 363 2676; x_wconf 78' lang='lat' dir='ltr'><strong>tituendae</strong></span> <span class='ocrx_word' id='word_1_88' title='bbox 373 2613 482 2696; x_wconf 85' lang='lat' dir='ltr'><strong>prolis</strong></span> <span class='ocrx_word' id='word_1_89' title='bbox 497 2613 628 2678; x_wconf 81' lang='lat' dir='ltr'><strong>oilerttu</strong></span> <span class='ocrx_word' id='word_1_90' title='bbox 642 2613 706 2676; x_wconf 82' lang='lat' dir='ltr'><strong>sibi</strong></span> <span class='ocrx_word' id='word_1_91' title='bbox 719 2615 876 2699; x_wconf 75' lang='lat' dir='ltr'><strong>corty&#39;uges</strong></span> <span class='ocrx_word' id='word_1_92' title='bbox 891 2637 1036 2700; x_wconf 77' lang='lat' dir='ltr'><strong>congreto</strong></span> <span class='ocrx_word' id='word_1_93' title='bbox 1052 2625 1195 2701; x_wconf 81' lang='lat' dir='ltr'><strong>tempore</strong></span> <span class='ocrx_word' id='word_1_94' title='bbox 1209 2619 1421 2680; x_wconf 71' lang='lat' dir='ltr'><strong>misceantur.</strong></span> <span class='ocrx_word' id='word_1_95' title='bbox 1455 2613 1492 2678; x_wconf 88' lang='lat' dir='ltr'><strong>Iu</strong></span> 
     </span>
     <span class='ocr_line' id='line_1_12' title="bbox 193 2721 1561 2831; baseline 0 -47"><span class='ocrx_word' id='word_1_96' title='bbox 193 2721 264 2785; x_wconf 83' lang='lat' dir='ltr'><strong>illis</strong></span> <span class='ocrx_word' id='word_1_97' title='bbox 277 2742 420 2808; x_wconf 76' lang='lat' dir='ltr'><strong>nauaque</strong></span> <span class='ocrx_word' id='word_1_98' title='bbox 434 2722 532 2800; x_wconf 78' lang='lat' dir='ltr'><strong>bonis,</strong></span> <span class='ocrx_word' id='word_1_99' title='bbox 561 2723 736 2810; x_wconf 87' lang='lat' dir='ltr'><strong>quaesecit</strong></span> <span class='ocrx_word' id='word_1_100' title='bbox 760 2723 864 2806; x_wconf 75' lang='lat' dir='ltr'><strong>Deus,</strong></span> <span class='ocrx_word' id='word_1_101' title='bbox 890 2725 1058 2790; x_wconf 85' lang='lat' dir='ltr'><strong>inuenitur</strong></span> <span class='ocrx_word' id='word_1_102' title='bbox 1074 2734 1166 2788; x_wconf 88' lang='lat' dir='ltr'><strong>casta</strong></span> <span class='ocrx_word' id='word_1_103' title='bbox 1192 2725 1356 2808; x_wconf 78' lang='lat' dir='ltr'><em>copulatio</em></span> <span class='ocrx_word' id='word_1_104' title='bbox 1372 2723 1492 2796; x_wconf 66' lang='lat' dir='ltr'><strong>unoru,</strong></span> <span class='ocrx_word' id='word_1_105' title='bbox 1560 2789 1561 2831; x_wconf 27' lang='grc'>1</span> 
     </span>
     <span class='ocr_line' id='line_1_13' title="bbox 193 2828 1493 2918; baseline -0.001 -26"><span class='ocrx_word' id='word_1_106' title='bbox 193 2839 225 2895; x_wconf 87' lang='lat' dir='ltr'><strong>et</strong></span> <span class='ocrx_word' id='word_1_107' title='bbox 238 2831 313 2912; x_wconf 86' lang='lat' dir='ltr'><strong>oiri,</strong></span> <span class='ocrx_word' id='word_1_108' title='bbox 329 2831 366 2896; x_wconf 86' lang='lat' dir='ltr'><strong>in</strong></span> <span class='ocrx_word' id='word_1_109' title='bbox 381 2831 500 2918; x_wconf 86' lang='lat' dir='ltr'><strong>quibus</strong></span> <span class='ocrx_word' id='word_1_110' title='bbox 511 2829 579 2894; x_wconf 88' lang='lat' dir='ltr'><strong>Dei</strong></span> <span class='ocrx_word' id='word_1_111' title='bbox 593 2833 746 2916; x_wconf 81' lang='lat' dir='ltr'><strong>operibus</strong></span> <span class='ocrx_word' id='word_1_112' title='bbox 759 2829 860 2896; x_wconf 73' lang='lat' dir='ltr'><strong>tutto</strong></span> <span class='ocrx_word' id='word_1_113' title='bbox 874 2853 939 2896; x_wconf 88' lang='lat' dir='ltr'><strong>non</strong></span> <span class='ocrx_word' id='word_1_114' title='bbox 950 2841 1058 2916; x_wconf 82' lang='lat' dir='ltr'><strong>potest</strong></span> <span class='ocrx_word' id='word_1_115' title='bbox 1072 2833 1231 2911; x_wconf 70' lang='lat' dir='ltr'><strong>inueniri·</strong></span> <span class='ocrx_word' id='word_1_116' title='bbox 1245 2851 1302 2896; x_wconf 89' lang='lat' dir='ltr'><strong>nee</strong></span> <span class='ocrx_word' id='word_1_117' title='bbox 1316 2828 1493 2916; x_wconf 60' lang='lat' dir='ltr'><strong>almuando</strong></span> 
     </span>
     <span class='ocr_line' id='line_1_14' title="bbox 185 2939 1495 3028; baseline 0.002 -26"><span class='ocrx_word' id='word_1_118' title='bbox 185 2941 345 3028; x_wconf 80' lang='lat' dir='ltr'><strong>justitiae</strong></span> <span class='ocrx_word' id='word_1_119' title='bbox 359 2941 524 3024; x_wconf 78' lang='lat' dir='ltr'><strong>emigruit,</strong></span> <span class='ocrx_word' id='word_1_120' title='bbox 549 2961 633 3026; x_wconf 83' lang='lat' dir='ltr'><strong>quae</strong></span> <span class='ocrx_word' id='word_1_121' title='bbox 647 2962 713 3004; x_wconf 82' lang='lat' dir='ltr'><strong>reon</strong></span> <span class='ocrx_word' id='word_1_122' title='bbox 737 2939 925 3005; x_wconf 77' lang='lat' dir='ltr'><strong>tuntnttus</strong></span> <span class='ocrx_word' id='word_1_123' title='bbox 938 2961 979 3006; x_wconf 77' lang='lat' dir='ltr'><strong>ee</strong></span> <span class='ocrx_word' id='word_1_124' title='bbox 993 2941 1076 3006; x_wconf 89' lang='lat' dir='ltr'><strong>dano</strong></span> <span class='ocrx_word' id='word_1_125' title='bbox 1098 2942 1301 3020; x_wconf 87' lang='lat' dir='ltr'><strong>conditionis,</strong></span> <span class='ocrx_word' id='word_1_126' title='bbox 1316 2941 1375 3004; x_wconf 89' lang='lat' dir='ltr'><strong>sed</strong></span> <span class='ocrx_word' id='word_1_127' title='bbox 1386 2960 1495 3024; x_wconf 87' lang='lat' dir='ltr'><strong>pecca·</strong></span> 
     </span>
     <span class='ocr_line' id='line_1_15' title="bbox 195 3051 1560 3139; baseline -0.003 -23"><span class='ocrx_word' id='word_1_128' title='bbox 195 3055 321 3118; x_wconf 78' lang='lat' dir='ltr'><strong>toribus</strong></span> <span class='ocrx_word' id='word_1_129' title='bbox 335 3075 375 3117; x_wconf 83' lang='lat' dir='ltr'><strong>ea</strong></span> <span class='ocrx_word' id='word_1_130' title='bbox 399 3055 481 3118; x_wconf 85' lang='lat' dir='ltr'><strong>uitia</strong></span> <span class='ocrx_word' id='word_1_131' title='bbox 492 3053 625 3137; x_wconf 82' lang='lat' dir='ltr'><strong><em>primae</em></strong></span> <span class='ocrx_word' id='word_1_132' title='bbox 647 3053 949 3138; x_wconf 84' lang='lat' dir='ltr'><strong>praevaricationis</strong></span> <span class='ocrx_word' id='word_1_133' title='bbox 974 3055 1118 3117; x_wconf 87' lang='lat' dir='ltr'><strong>accessit.</strong></span> <span class='ocrx_word' id='word_1_134' title='bbox 1163 3053 1231 3116; x_wconf 74' lang='lat' dir='ltr'><strong>Sed</strong></span> <span class='ocrx_word' id='word_1_135' title='bbox 1245 3053 1325 3139; x_wconf 79' lang='lat' dir='ltr'><strong>quia</strong></span> <span class='ocrx_word' id='word_1_136' title='bbox 1349 3051 1495 3115; x_wconf 76' lang='lat' dir='ltr'><strong>similla</strong></span> <span class='ocrx_word' id='word_1_137' title='bbox 1559 3107 1560 3132; x_wconf 55' lang='lat'><strong>,</strong></span> 
     </span>
     <span class='ocr_line' id='line_1_16' title="bbox 195 3141 1560 3254; baseline -0.003 -25"><span class='ocrx_word' id='word_1_138' title='bbox 195 3167 233 3230; x_wconf 85' lang='lat' dir='ltr'><strong>iu</strong></span> <span class='ocrx_word' id='word_1_139' title='bbox 248 3187 379 3254; x_wconf 82' lang='lat' dir='ltr'><strong>corpore</strong></span> <span class='ocrx_word' id='word_1_140' title='bbox 403 3167 521 3231; x_wconf 85' lang='lat' dir='ltr'><strong>mortis</strong></span> <span class='ocrx_word' id='word_1_141' title='bbox 534 3165 634 3252; x_wconf 79' lang='lat' dir='ltr'><strong>liujus</strong></span> <span class='ocrx_word' id='word_1_142' title='bbox 647 3165 759 3249; x_wconf 83' lang='lat' dir='ltr'><strong>proles</strong></span> <span class='ocrx_word' id='word_1_143' title='bbox 773 3167 922 3230; x_wconf 73' lang='lat' dir='ltr'><strong>linusano</strong></span> <span class='ocrx_word' id='word_1_144' title='bbox 947 3187 1012 3230; x_wconf 81' lang='lat' dir='ltr'><strong>reon</strong></span> <span class='ocrx_word' id='word_1_145' title='bbox 1025 3167 1158 3242; x_wconf 80' lang='lat' dir='ltr'><strong>seritur,</strong></span> <span class='ocrx_word' id='word_1_146' title='bbox 1174 3187 1239 3230; x_wconf 86' lang='lat' dir='ltr'><strong>uon</strong></span> <span class='ocrx_word' id='word_1_147' title='bbox 1254 3185 1328 3229; x_wconf 89' lang='lat' dir='ltr'><strong>eam</strong></span> <span class='ocrx_word' id='word_1_148' title='bbox 1343 3165 1495 3248; x_wconf 82' lang='lat' dir='ltr'><strong>affectant</strong></span> <span class='ocrx_word' id='word_1_149' title='bbox 1559 3141 1560 3199; x_wconf 72' lang='lat' dir='ltr'><strong>l</strong></span> 
     </span>
     <span class='ocr_line' id='line_1_17' title="bbox 196 3271 1496 3362; baseline -0.005 -22"><span class='ocrx_word' id='word_1_150' title='bbox 196 3277 356 3362; x_wconf 81' lang='lat' dir='ltr'><strong>conjugia</strong></span> <span class='ocrx_word' id='word_1_151' title='bbox 369 3285 471 3356; x_wconf 85' lang='lat' dir='ltr'><strong>easta,</strong></span> <span class='ocrx_word' id='word_1_152' title='bbox 496 3275 555 3339; x_wconf 87' lang='lat' dir='ltr'><strong>sed</strong></span> <span class='ocrx_word' id='word_1_153' title='bbox 568 3275 715 3354; x_wconf 89' lang='lat' dir='ltr'><strong>tolerant,</strong></span> <span class='ocrx_word' id='word_1_154' title='bbox 733 3276 825 3360; x_wconf 87' lang='lat' dir='ltr'><strong>eique</strong></span> <span class='ocrx_word' id='word_1_155' title='bbox 841 3275 981 3358; x_wconf 76' lang='lat' dir='ltr'><strong>imponit</strong></span> <span class='ocrx_word' id='word_1_156' title='bbox 1002 3273 1168 3360; x_wconf 81' lang='lat' dir='ltr'><strong>nuptialis</strong></span> <span class='ocrx_word' id='word_1_157' title='bbox 1181 3274 1335 3337; x_wconf 75' lang='lat' dir='ltr'><strong>horrestas</strong></span> <span class='ocrx_word' id='word_1_158' title='bbox 1353 3271 1496 3348; x_wconf 71' lang='lat' dir='ltr'><strong>niodum,</strong></span> 
     </span>
     <span class='ocr_line' id='line_1_18' title="bbox 196 3381 1498 3470; baseline -0.004 -20"><span class='ocrx_word' id='word_1_159' title='bbox 196 3386 269 3450; x_wconf 82' lang='lat' dir='ltr'><strong>sius</strong></span> <span class='ocrx_word' id='word_1_160' title='bbox 283 3407 350 3470; x_wconf 86' lang='lat' dir='ltr'><strong>qua</strong></span> <span class='ocrx_word' id='word_1_161' title='bbox 363 3405 430 3448; x_wconf 89' lang='lat' dir='ltr'><strong>uon</strong></span> <span class='ocrx_word' id='word_1_162' title='bbox 451 3391 559 3468; x_wconf 78' lang='lat' dir='ltr'><strong>potest</strong></span> <span class='ocrx_word' id='word_1_163' title='bbox 574 3385 610 3446; x_wconf 83' lang='lat' dir='ltr'><strong>iri</strong></span> <span class='ocrx_word' id='word_1_164' title='bbox 625 3403 723 3447; x_wconf 79' lang='lat' dir='ltr'><strong>cartre</strong></span> <span class='ocrx_word' id='word_1_165' title='bbox 746 3385 871 3467; x_wconf 83' lang='lat' dir='ltr'><strong>peccati</strong></span> <span class='ocrx_word' id='word_1_166' title='bbox 885 3385 1054 3446; x_wconf 82' lang='lat' dir='ltr'><strong>naturalis</strong></span> <span class='ocrx_word' id='word_1_167' title='bbox 1079 3381 1441 3468; x_wconf 69' lang='lat' dir='ltr'><strong>eapieresecunditatrs</strong></span> <span class='ocrx_word' id='word_1_168' title='bbox 1455 3381 1498 3464; x_wconf 80' lang='lat' dir='ltr'><strong>os·</strong></span> 
     </span>
     <span class='ocr_line' id='line_1_19' title="bbox 193 3493 1559 3580; baseline -0.004 -21"><span class='ocrx_word' id='word_1_169' title='bbox 193 3495 310 3580; x_wconf 78' lang='lat' dir='ltr'><strong>ficium</strong></span> <span class='ocrx_word' id='word_1_170' title='bbox 322 3543 329 3559; x_wconf 92' lang='lat'><strong>.</strong></span> <span class='ocrx_word' id='word_1_171' title='bbox 342 3541 349 3557; x_wconf 90' lang='lat'><strong>.</strong></span> <span class='ocrx_word' id='word_1_172' title='bbox 364 3541 391 3558; x_wconf 91' lang='lat'><strong>..</strong></span> <span class='ocrx_word' id='word_1_173' title='bbox 414 3495 577 3569; x_wconf 78' lang='lat' dir='ltr'><strong>Quocirca</strong></span> <span class='ocrx_word' id='word_1_174' title='bbox 590 3495 622 3558; x_wconf 90' lang='lat' dir='ltr'><strong>si</strong></span> <span class='ocrx_word' id='word_1_175' title='bbox 636 3493 824 3576; x_wconf 76' lang='lat' dir='ltr'><strong>coniugalis</strong></span> <span class='ocrx_word' id='word_1_176' title='bbox 838 3513 920 3557; x_wconf 77' lang='lat' dir='ltr'><strong>ustas</strong></span> <span class='ocrx_word' id='word_1_177' title='bbox 935 3503 1069 3558; x_wconf 86' lang='lat' dir='ltr'><strong>eatenus</strong></span> <span class='ocrx_word' id='word_1_178' title='bbox 1083 3501 1290 3576; x_wconf 80' lang='lat' dir='ltr'><strong><em>temperetur,</em></strong></span> <span class='ocrx_word' id='word_1_179' title='bbox 1313 3501 1352 3556; x_wconf 89' lang='lat' dir='ltr'><strong>ut</strong></span> <span class='ocrx_word' id='word_1_180' title='bbox 1364 3511 1499 3576; x_wconf 74' lang='lat' dir='ltr'><strong>provere</strong></span> <span class='ocrx_word' id='word_1_181' title='bbox 1558 3519 1559 3565; x_wconf 74' lang='lat' dir='ltr'><strong>t</strong></span> 
     </span>
     <span class='ocr_line' id='line_1_20' title="bbox 200 3603 1500 3694; baseline -0.002 -26"><span class='ocrx_word' id='word_1_182' title='bbox 200 3613 274 3670; x_wconf 88' lang='lat' dir='ltr'><strong>tum</strong></span> <span class='ocrx_word' id='word_1_183' title='bbox 287 3609 478 3672; x_wconf 75' lang='lat' dir='ltr'><strong>nasciturae</strong></span> <span class='ocrx_word' id='word_1_184' title='bbox 487 3605 596 3694; x_wconf 82' lang='lat' dir='ltr'><strong>prolis</strong></span> <span class='ocrx_word' id='word_1_185' title='bbox 611 3603 768 3684; x_wconf 90' lang='lat' dir='ltr'><strong>attendat,</strong></span> <span class='ocrx_word' id='word_1_186' title='bbox 792 3613 913 3670; x_wconf 90' lang='lat' dir='ltr'><strong>etcum</strong></span> <span class='ocrx_word' id='word_1_187' title='bbox 926 3613 1008 3669; x_wconf 87' lang='lat' dir='ltr'><strong>nata</strong></span> <span class='ocrx_word' id='word_1_188' title='bbox 1013 3605 1133 3688; x_wconf 88' lang='lat' dir='ltr'><strong>suerit,</strong></span> <span class='ocrx_word' id='word_1_189' title='bbox 1156 3603 1350 3668; x_wconf 78' lang='lat' dir='ltr'><strong>diluendam</strong></span> <span class='ocrx_word' id='word_1_190' title='bbox 1364 3604 1500 3668; x_wconf 83' lang='lat' dir='ltr'><strong>celerius</strong></span> 
     </span>
     <span class='ocr_line' id='line_1_21' title="bbox 199 3712 1558 3800; baseline -0.001 -25"><span class='ocrx_word' id='word_1_191' title='bbox 199 3712 375 3796; x_wconf 66' lang='lat' dir='ltr'><strong>mirituali</strong></span> <span class='ocrx_word' id='word_1_192' title='bbox 389 3715 636 3798; x_wconf 79' lang='lat' dir='ltr'><strong>regeneratione</strong></span> <span class='ocrx_word' id='word_1_193' title='bbox 649 3735 714 3778; x_wconf 87' lang='lat' dir='ltr'><strong>non</strong></span> <span class='ocrx_word' id='word_1_194' title='bbox 728 3715 892 3798; x_wconf 73' lang='lat' dir='ltr'><strong>negligat,</strong></span> <span class='ocrx_word' id='word_1_195' title='bbox 908 3737 973 3778; x_wconf 87' lang='lat' dir='ltr'><strong>non</strong></span> <span class='ocrx_word' id='word_1_196' title='bbox 987 3713 1333 3800; x_wconf 82' lang='lat' dir='ltr'><strong>deputaturfidelibus</strong></span> <span class='ocrx_word' id='word_1_197' title='bbox 1352 3715 1499 3800; x_wconf 83' lang='lat' dir='ltr'><strong>conjugi·</strong></span> <span class='ocrx_word' id='word_1_198' title='bbox 1557 3731 1558 3748; x_wconf 66' lang='lat'><strong>,</strong></span> 
     </span>
     <span class='ocr_line' id='line_1_22' title="bbox 199 3821 1499 3910; baseline -0.003 -21"><span class='ocrx_word' id='word_1_199' title='bbox 199 3821 261 3889; x_wconf 77' lang='lat' dir='ltr'><strong>bus</strong></span> <span class='ocrx_word' id='word_1_200' title='bbox 275 3823 321 3887; x_wconf 90' lang='lat' dir='ltr'><strong>ad</strong></span> <span class='ocrx_word' id='word_1_201' title='bbox 333 3833 503 3909; x_wconf 84' lang='lat' dir='ltr'><strong>peccatum</strong></span> <span class='ocrx_word' id='word_1_202' title='bbox 524 3826 636 3890; x_wconf 89' lang='lat' dir='ltr'><strong>carnis</strong></span> <span class='ocrx_word' id='word_1_203' title='bbox 649 3825 782 3890; x_wconf 84' lang='lat' dir='ltr'><strong>indulta</strong></span> <span class='ocrx_word' id='word_1_204' title='bbox 805 3825 1001 3902; x_wconf 71' lang='lat' dir='ltr'><strong>commixtio,</strong></span> <span class='ocrx_word' id='word_1_205' title='bbox 1028 3826 1108 3910; x_wconf 85' lang='lat' dir='ltr'><strong>quia</strong></span> <span class='ocrx_word' id='word_1_206' title='bbox 1123 3832 1153 3887; x_wconf 88' lang='lat' dir='ltr'><strong>et</strong></span> <span class='ocrx_word' id='word_1_207' title='bbox 1176 3823 1365 3908; x_wconf 76' lang='lat' dir='ltr'><strong>conjugalis</strong></span> <span class='ocrx_word' id='word_1_208' title='bbox 1389 3829 1499 3887; x_wconf 82' lang='lat' dir='ltr'><strong>seruat</strong></span> 
     </span>
     <span class='ocr_line' id='line_1_23' title="bbox 201 3934 1498 4018; baseline -0.005 -18"><span class='ocrx_word' id='word_1_209' title='bbox 201 3934 420 4018; x_wconf 83' lang='lat' dir='ltr'><strong>confederatio</strong></span> <span class='ocrx_word' id='word_1_210' title='bbox 445 3937 638 4015; x_wconf 76' lang='lat' dir='ltr'><strong>castitatem,</strong></span> <span class='ocrx_word' id='word_1_211' title='bbox 664 3945 694 3999; x_wconf 91' lang='lat' dir='ltr'><strong>et</strong></span> <span class='ocrx_word' id='word_1_212' title='bbox 708 3935 905 3998; x_wconf 84' lang='lat' dir='ltr'><strong>uerecundia</strong></span> <span class='ocrx_word' id='word_1_213' title='bbox 930 3934 1069 3998; x_wconf 82' lang='lat' dir='ltr'><strong>custodit</strong></span> <span class='ocrx_word' id='word_1_214' title='bbox 1083 3934 1231 3998; x_wconf 85' lang='lat' dir='ltr'><strong>modesta</strong></span> <span class='ocrx_word' id='word_1_215' title='bbox 1254 3935 1455 4016; x_wconf 84' lang='lat' dir='ltr'><strong>temperiem,</strong></span> <span class='ocrx_word' id='word_1_216' title='bbox 1471 3939 1498 3994; x_wconf 91' lang='lat' dir='ltr'><strong>et</strong></span> 
     </span>
     <span class='ocr_line' id='line_1_24' title="bbox 200 4039 1500 4130; baseline -0.011 -16"><span class='ocrx_word' id='word_1_217' title='bbox 200 4043 274 4114; x_wconf 89' lang='lat' dir='ltr'><strong>Deo</strong></span> <span class='ocrx_word' id='word_1_218' title='bbox 289 4044 468 4110; x_wconf 83' lang='lat' dir='ltr'><strong>dicandam</strong></span> <span class='ocrx_word' id='word_1_219' title='bbox 491 4045 681 4130; x_wconf 81' lang='lat' dir='ltr'><strong>conjugalis</strong></span> <span class='ocrx_word' id='word_1_220' title='bbox 694 4043 822 4108; x_wconf 73' lang='lat' dir='ltr'><strong>collibet</strong></span> <span class='ocrx_word' id='word_1_221' title='bbox 837 4043 1035 4127; x_wconf 83' lang='lat' dir='ltr'><strong>secrmditas</strong></span> <span class='ocrx_word' id='word_1_222' title='bbox 1053 4042 1190 4125; x_wconf 78' lang='lat' dir='ltr'><strong>prolem,</strong></span> <span class='ocrx_word' id='word_1_223' title='bbox 1215 4048 1252 4103; x_wconf 87' lang='lat' dir='ltr'><strong>ut</strong></span> <span class='ocrx_word' id='word_1_224' title='bbox 1268 4039 1500 4123; x_wconf 81' lang='lat' dir='ltr'><strong>Redemptaris</strong></span> 
     </span>
     <span class='ocr_line' id='line_1_25' title="bbox 201 4151 1500 4241; baseline -0.006 -22"><span class='ocrx_word' id='word_1_225' title='bbox 201 4176 260 4240; x_wconf 84' lang='lat' dir='ltr'><strong>ope</strong></span> <span class='ocrx_word' id='word_1_226' title='bbox 274 4155 368 4220; x_wconf 80' lang='lat' dir='ltr'><strong>homo</strong></span> <span class='ocrx_word' id='word_1_227' title='bbox 381 4157 461 4241; x_wconf 46' lang='lat' dir='ltr'><strong>‚iam</strong></span> <span class='ocrx_word' id='word_1_228' title='bbox 483 4163 584 4219; x_wconf 88' lang='lat' dir='ltr'><strong>natus</strong></span> <span class='ocrx_word' id='word_1_229' title='bbox 598 4157 795 4238; x_wconf 85' lang='lat' dir='ltr'><strong>reformetur</strong></span> <span class='ocrx_word' id='word_1_230' title='bbox 819 4153 1032 4237; x_wconf 77' lang='lat' dir='ltr'><strong>baptismatis</strong></span> <span class='ocrx_word' id='word_1_231' title='bbox 1048 4151 1271 4228; x_wconf 78' lang='lat' dir='ltr'><strong>Sacramenta,</strong></span> <span class='ocrx_word' id='word_1_232' title='bbox 1295 4152 1393 4234; x_wconf 80' lang='lat' dir='ltr'><strong>ottjtts</strong></span> <span class='ocrx_word' id='word_1_233' title='bbox 1409 4167 1500 4233; x_wconf 84' lang='lat' dir='ltr'><strong>apere</strong></span> 
     </span>
     <span class='ocr_line' id='line_1_26' title="bbox 198 4260 1556 4346; baseline -0.004 -21"><span class='ocrx_word' id='word_1_234' title='bbox 198 4261 482 4346; x_wconf 83' lang='lat' dir='ltr'><strong>priussormatur</strong></span> <span class='ocrx_word' id='word_1_235' title='bbox 506 4265 544 4329; x_wconf 89' lang='lat' dir='ltr'><strong>iu</strong></span> <span class='ocrx_word' id='word_1_236' title='bbox 558 4273 657 4344; x_wconf 87' lang='lat' dir='ltr'><strong>utero,</strong></span> <span class='ocrx_word' id='word_1_237' title='bbox 681 4273 710 4328; x_wconf 90' lang='lat' dir='ltr'><strong>et</strong></span> <span class='ocrx_word' id='word_1_238' title='bbox 725 4265 823 4330; x_wconf 89' lang='lat' dir='ltr'><strong>illum</strong></span> <span class='ocrx_word' id='word_1_239' title='bbox 846 4263 964 4328; x_wconf 77' lang='lat' dir='ltr'><strong>natea</strong></span> <span class='ocrx_word' id='word_1_240' title='bbox 978 4261 1128 4326; x_wconf 75' lang='lat' dir='ltr'><strong>humana</strong></span> <span class='ocrx_word' id='word_1_241' title='bbox 1153 4267 1278 4323; x_wconf 74' lang='lat' dir='ltr'><strong>notiora</strong></span> <span class='ocrx_word' id='word_1_242' title='bbox 1293 4260 1445 4344; x_wconf 76' lang='lat' dir='ltr'><strong>beneficio</strong></span> <span class='ocrx_word' id='word_1_243' title='bbox 1458 4275 1500 4322; x_wconf 78' lang='lat' dir='ltr'><strong>se</strong></span> <span class='ocrx_word' id='word_1_244' title='bbox 1554 4319 1556 4328; x_wconf 86' lang='grc'>,</span> 
     </span>
     <span class='ocr_line' id='line_1_27' title="bbox 203 4369 1502 4462; baseline -0.005 -26"><span class='ocrx_word' id='word_1_245' title='bbox 203 4371 330 4438; x_wconf 75' lang='lat' dir='ltr'><strong>mendae</strong></span> <span class='ocrx_word' id='word_1_246' title='bbox 343 4373 533 4439; x_wconf 84' lang='lat' dir='ltr'><strong>nativitatis</strong></span> <span class='ocrx_word' id='word_1_247' title='bbox 543 4383 686 4459; x_wconf 85' lang='lat' dir='ltr'><strong>patrem,</strong></span> <span class='ocrx_word' id='word_1_248' title='bbox 710 4395 806 4462; x_wconf 82' lang='lat' dir='ltr'><strong>quem</strong></span> <span class='ocrx_word' id='word_1_249' title='bbox 820 4376 857 4438; x_wconf 89' lang='lat' dir='ltr'><strong>iu</strong></span> <span class='ocrx_word' id='word_1_250' title='bbox 878 4375 994 4458; x_wconf 82' lang='lat' dir='ltr'><strong>prima</strong></span> <span class='ocrx_word' id='word_1_251' title='bbox 1010 4373 1184 4436; x_wconf 84' lang='lat' dir='ltr'><strong>nativitate</strong></span> <span class='ocrx_word' id='word_1_252' title='bbox 1201 4392 1283 4434; x_wconf 81' lang='lat' dir='ltr'><strong>strae</strong></span> <span class='ocrx_word' id='word_1_253' title='bbox 1308 4369 1502 4434; x_wconf 84' lang='lat' dir='ltr'><strong>conditionis</strong></span> 
     </span>
     <span class='ocr_line' id='line_1_28' title="bbox 205 4477 1502 4571; baseline -0.001 -31"><span class='ocrx_word' id='word_1_254' title='bbox 205 4477 357 4560; x_wconf 72' lang='lat' dir='ltr'><strong>agrtmcit</strong></span> <span class='ocrx_word' id='word_1_255' title='bbox 371 4488 545 4558; x_wconf 65' lang='lat' dir='ltr'><strong>aerumma</strong></span> <span class='ocrx_word' id='word_1_256' title='bbox 590 4479 694 4571; x_wconf 68' lang='lat' dir='ltr'><strong>Mulie</strong></span> <span class='ocrx_word' id='word_1_257' title='bbox 712 4483 822 4565; x_wconf 68' lang='lat' dir='ltr'><strong>parteis</strong></span> <span class='ocrx_word' id='word_1_258' title='bbox 847 4481 1037 4567; x_wconf 85' lang='lat' dir='ltr'><strong>complexus</strong></span> <span class='ocrx_word' id='word_1_259' title='bbox 1060 4492 1108 4546; x_wconf 88' lang='lat' dir='ltr'><strong>cst</strong></span> <span class='ocrx_word' id='word_1_260' title='bbox 1123 4482 1265 4546; x_wconf 85' lang='lat' dir='ltr'><strong>Sanctus</strong></span> <span class='ocrx_word' id='word_1_261' title='bbox 1291 4479 1346 4560; x_wconf 84' lang='lat' dir='ltr'><strong>vir,</strong></span> <span class='ocrx_word' id='word_1_262' title='bbox 1369 4479 1502 4563; x_wconf 86' lang='lat' dir='ltr'><strong>quaein</strong></span> 
     </span>
    </p>
   </div>
   <div class='ocr_carea' id='block_1_5' title="bbox 0 0 1596 4980">
    <p class='ocr_par' dir='ltr' id='par_1_6' title="bbox 0 0 1596 4980">
     <span class='ocr_line' id='line_1_29' title="bbox 0 0 1596 4980; baseline 0 0"><span class='ocrx_word' id='word_1_263' title='bbox 0 0 1596 4980; x_wconf 95' lang='lat' dir='ltr'><strong> </strong></span> 
     </span>
    </p>
   </div>
  </div>
 </body>
</html>
