3274 4974
237 433 304 505 434·
328 438 335 500 .“
360 437 414 474 ”“’·’
448 425 1161 515 sternacium}-ers'sm'rrr'roceiira,
1177 421 1348 501 croilis*
1383 454 1386 463 ·

236 579 268 660 ii,
281 573 324 644 de
334 577 459 672 qulbus
474 568 624 660 ‘s'rrspici‘o
638 575 863 672 suboriebatur
883 561 1156 669 raet-tenimentis,
1183 590 1219 641 nt
1235 587 1363 660 paterna
1382 575 1507 660 exempla

235 681 660 774 eennmeulu'r',argunrento'
673 679 808 746 corrodis
824 681 873 746 50.
890 679 962 747 disi.
978 671 1055 749 569³
1071 661 1134 749 'His
1150 676 1286 748 accessit
1306 683 1461 768 Singularis
1472 701 1507 747 ra

235 793 334 885 tio'de
349 789 432 858 finis·
448 789 672 867 sacerdotum,
697 791 738 852 ne
755 783 943 867 Ecclesiae,¹
957 774 989 854 e't
1005 787 1177 873 'beneficia
1196 765 1405 855 haereditaria
1424 801 1509 854 carru·

234 912 351 979 rentur,
375 898 462 964 ,duni
475 897 518 960 de'
540 883 727 982 parentinus
743 898 779 960 iu'
800 895 886 960 filios
904 875 1156 981 transferrentur,
1182 921 1225 964 ex
1246 895 1364 983 quibus
1377 893 1510 964 ¹omnibus
1596 919 1597 980 r

233 1005 412 1078 rationibus
426 1009 549 1072 facturn
563 995 673 1085 est,'nt
686 1001 857 1070 ‘difficilius
873 1005 905 1069 id
921 1003 1132 1070 Sacer'doturn
1149 1001 1232 1086 filrls,
1257 981 1357 1090 qrrarn
1380 991 1410 1070 iu
1432 1015 1510 1069 caere
1596 981 1597 1068 l

233 1123 287 1202 ris,
301 1113 467 1188 difficilius
482 1113 515 1179 in
532 1115 657 1212 apiariis,
673 1130 775 1196 quam
792 1113 822 1177 iu
839 1095 1052 1194 naturalibus,
1063 1111 1191 1178 'difficili
1197 1135 1234 1179 trs
1249 1117 1284 1178 in
1299 1113 1347 1194 iis,
1369 1115 1420 1198 qni
1434 1126 1512 1196 peter·
1596 1071 1597 1094 l

234 1235 268 1300 ni
284 1223 413 1297 sceleris
428 1230 603 1294 imitatores
619 1223 895 1307 videreta'quam
911 1225 944 1288 in
960 1221 1041 1306 aliis,
1058 1221 1222 1290 difficilius
1244 1227 1382 1307 deniqne
1396 1223 1435 1288 ad
1451 1223 1512 1287 ulti

234 1337 344 1409 nenda
359 1341 502 1426 paterna,
528 1357 628 1421 quant
644 1320 889 1410 allia‘beneli'cia,
916 1339 973 1398 seu
989 1335 1030 1397 ad
1047 1335 1298 1424 ministrandum
1315 1337 1347 1397 iu
1362 1351 1399 1396 ea
1424 1331 1510 1396 neen-

233 1453 291 1534 sia,
306 1451 340 1521 iu
354 1465 422 1540 qna
437 1441 584 1536 parentes
600 1447 792 1522 ministmut,
808 1445 907 1525 quem
925 1445 956 1506 in
973 1443 1039 1507 alla
1053 1419 1264 1528 dispensetur,
1290 1463 1361 1526 cap.
1378 1445 1421 1508 10.
1445 1459 1508 1504 ren.

233 1558 311 1626 nee
323 1567 435 1624 tanuen
449 1553 492 1620 ¹de
505 1555 684 1629 renuntiat,
701 1573 771 1637 cap.
788 1551 837 1617 13.
853 1551 909 1634 qui
925 1545 1051 1616 fil.'sint
1067 1548 1161 1634 legit,
1184 1569 1254 1636 cap.
1279 1551 1330 1616 14.
1358 1553 1404 1616 15.
1422 1553 1461 1614 16.
1473 1549 1511 1611 17.

233 1672 275 1739 do
289 1667 335 1736 fit.
351 1667 507 1750 Presbyt,
533 1685 602 1749 cap.
618 1663 705 1728 liudo
728 1662 813 1746 corp.
830 1661 942 1741 vitiat,
968 1659 1114 1724 Concilio
1129 1659 1326 1746 'l‘ridentino
1340 1636 1415 1722 sess.
1427 1659 1471 1721 26.
1483 1652 1515 1718 de

232 1782 526 1870 arsamosata.
569 1779 651 1846 Inde
667 1777 727 1841 tria
751 1775 853 1840 veluti
869 1773 1026 1862 principia
1051 1775 1155 1859 posita
1182 1751 1267 1837 sunt.
1314 1745 1451 1838 Primum
1470 1777 1514 1832 ert

232 1918 345 1969 ornnes
361 1879 528 1980 illegitime
544 1903 638 1956 uaros
652 1883 844 1972 irregulares
856 1903 926 1949 esse
941 1885 982 1948 ob
996 1885 1214 1968 suspicionem
1230 1881 1417 1952 imitationis
1436 1893 1516 1963 peter·

220 2023 295 2078 'nee
309 1999 570 2080 incontinentiae,
595 1981 683 2082 iluml
700 1993 816 2062 vitium
843 1993 1034 2059 aministris
1059 1993 1128 2056 suis
1150 2003 1305 2076 perpetuo
1331 1981 1516 2078 auertendum

231 2109 382 2194 Bodleeie
395 2117 516 2200 optimo
526 2115 597 2196 jure
612 2109 746 2174 curavit.
791 2103 938 2170 Alterum
953 2115 1010 2182 est,
1034 2102 1188 2192 ¹evemplo
1212 2101 1314 2188 liujus
1339 2095 1471 2166 criminis
1486 2094 1516 2158 ei

230 2211 343 2298 milam
353 2215 642 2311 jurisprudentiam
656 2215 756 2282 etianr
769 2215 973 2278 observatam
987 2192 1090 2282 luisse
1116 2211 1151 2274 in
1166 2207 1368 2298 quibusdam
1382 2207 1456 2284 aliis,
1477 2219 1516 2266 re·

232 2319 435 2400 trutinante
460 2308 703 2406 haeretieorum,
726 2341 798 2406 cepa
825 2323 873 2388 15.
890 2319 931 2383 de
955 2321 1077 2384 haeret.
1100 2299 1189 2397 inti,
1213 2298 1246 2380 el
1269 2319 1304 2380 iu
1321 2315 1397 2384 liliis
1420 2327 1516 2384 eorum.

232 2438 290 2530 qul
305 2437 497 2507 vexaverint
522 2431 721 2510 Oardiuales,
746 2449 820 2510 can.
836 2430 865 2492 ia
881 2427 934 2512 lde
949 2427 1063 2512 poenis
1080 2429 1113 2488 in
1129 2424 1169 2503 t'ri,
1194 2425 1275 2488 etin
1298 2423 1377 2490 liliis
1398 2429 1519 2504 patrme

233 2565 318 2627 rtem,
331 2545 388 2632 qul
404 2535 647 2610 beneficiarium
661 2539 824 2604 oter-terrm
838 2535 1019 2614 occiderint,
1037 2553 1108 2616 cap.
1126 2515 1175 2596 12'.
1189 2509 1231 2600 de
1246 2531 1370 2616 poenis,
1395 2529 1480 2592 etiam
1497 2523 1517 2587 si

233 2654 372 2742 legitimi
385 2655 460 2720 sint.
504 2642 784 2732 Aliqni'adjiciunt
798 2643 882 2710 filios
896 2642 1105 2718 ludaeorum,
1128 2629 1322 2722 argomento
1336 2634 1463 2700 canonis
1479 2629 1521 2692 tt.

234 2756 391 2835 consilii
405 2769 536 2854 qvoaest.
548 2757 589 2839 d,
612 2753 694 2823 salso
710 2759 842 2834 tamen,
856 2752 974 2816 etenim
992 2749 1034 2812 ilri
1063 2767 1169 2812 sermo
1183 2759 1231 2813 est
1257 2746 1298 2810 de
1314 2745 1336 2810 J
1339 2743 1445 2808 udaeis
1466 2753 1521 2807 nee

234 2879 316 2943 dum
329 2873 511 2959 baptizatis,
526 2871 601 2932 iteur
616 2847 656 2930 tle
671 2855 784 2930 officiis
801 2856 937 2948 publicis
954 2849 1019 2922 non
1034 2854 1184 2941 gerendis
1199 2855 1241 2916 ab
1254 2851 1393 2928 Iudaeo,
1407 2858 1524 2930 quorum

235 2978 414 3058 officiorum
429 2971 561 3049 nornine
576 2957 709 3043 minime
725 2975 861 3038 veniunt
878 2973 908 3037 in
926 2991 964 3034 eo
979 2988 1103 3034 canone
1119 2966 1209 3052 Sacri
1225 2962 1366 3042 ordines,
1382 2980 1420 3028 ac
1432 2953 1522 3020 divina

236 3099 425 3170 ministeria.
467 3073 670 3160 Postremum
685 3100 742 3166 est,
756 3073 787 3150 'si
801 3097 916 3167 agatur
931 3079 971 3145 dc
988 3079 1054 3143 filio
1069 3075 1251 3144 Sacerdotis
1267 3073 1368 3134 etiarn
1395 3067 1522 3150 legitimo,

237 3215 326 3281 hunc
341 3177 543 3276 nullomodo
558 3195 746 3266 immediata
770 3193 976 3258 successione
987 3188 1129 3250 obtinere
1145 3201 1238 3268 posse
1261 3176 1464 3252 beneficium,
1481 3167 1521 3228 de·

238 3307 349 3386 iuncto
364 3329 462 3402 patre,
477 3307 562 3396 qrrod
581 3311 669 3392 pater
683 3305 751 3387 ips'e
777 3299 903 3364 dudum
929 3297 1130 3370 obtinuisset,
1157 3303 1323 3374 propterea
1340 3281 1429 3368 ‹lrrcd
1448 3273 1519 3342 uriel·

238 3451 292 3498 nte
309 3429 430 3502 deceat,
445 3419 604 3488 beneficia
618 3411 833 3478 ecclesiastica
850 3425 979 3488 utroquo
994 3403 1090 3467 rnodo
1106 3401 1173 3464 ficri
1189 3395 1415 3468 haereditaria,
1429 3405 1489 3454 een·
1500 3381 1526 3444 l·

239 3557 329 3605 cans.
344 3535 375 3602 Β.
390 3539 515 3616 quaest
531 3525 570 3604 1.,
586 3543 656 3603 cap.
672 3521 701 3582 7.
720 3517 767 3580 10.
784 3515 825 3577 de
841 3513 885 3576 fil.
902 3511 1092 3598 Presbyter,
1107 3525 1178 3588 cap.
1192 3505 1222 3566 3.
1239 3503 1279 3566 de
1295 3507 1440 3570 sentent,
1463 3505 1489 3550 et
1500 3503 1524 3550 tt

242 3645 306 3711 nd.
322 3635 356 3708 in
370 3638 401 3705 2.
416 3620 612 3710 collectione,
629 3639 727 3708 atque
742 3623 784 3685 ob
798 3621 947 3686 eamdem
962 3635 1097 3681 causam
1125 3632 1190 3678 non
1214 3629 1316 3694 posse,
1345 3618 1402 3670 aut
1426 3599 1527 3684 pensio

241 3777 300 3826 nes
313 3749 456 3819 oblinere
470 3765 512 3808 ex
528 3734 669 3826 paternis
684 3725 1011 3806 lreneficiisluendas,
1028 3735 1085 3788 aut
1100 3732 1291 3804 ex-paternrt
1314 3708 1527 3778 rutrnntirrtioue

240 3861 435 3935 ueneficium
451 3853 626 3936 adquirere,
642 3865 683 3910 na
699 3844 781 3914 alias
794 3835 883 3904 fraus
899 3835 955 3898 fiut
967 3831 1192 3896 collationibus
1207 3823 1446 3896 berreficiornnr,
1461 3815 1529 3876 Cou-

240 3977 315 4044 cilio
328 3950 523 4040 Tridentino
537 3979 607 4042 cap,
623 3955 652 4018 5.
668 3971 745 4016 sess.
761 3949 812 4012 25.
829 3947 868 4010 dc
884 3938 1024 4008 Reform.
1041 3943 1076 4002 irr
1088 3935 1163 4001 fine.
1208 3937 1261 4001 Aa
1287 3949 1366 3994 vcro
1388 3926 1470 3994 lilius
1487 3917 1528 3980 ele

242 4088 341 4151 tinere
356 4086 456 4164 possit
469 4045 663 4134 beneficium
679 4047 868 4122 distinctum
884 4043 1076 4118 aberreiiciu
1092 4057 1224 4128 paterno
1241 4041 1273 4102 in
1302 4037 1420 4099 eadem
1435 4021 1529 4137 Eccle

245 4191 303 4270 sia,
319 4181 465 4270 quaestio
479 4187 528 4241 est
542 4167 748 4236 distinctione
763 4161 908 4226 adhibita
934 4145 1125 4220 dirimenda.
1170 4146 1340 4232 Siquidem
1364 4141 1430 4204 alia
1449 4133 1532 4214 legin

246 4309 372 4361 morum
387 4289 560 4355 liberorum
574 4289 622 4341 est
637 4271 725 4352 ratic,
741 4269 806 4336 alia
822 4268 1072 4352 illegirinrorum.
1116 4251 1376 4340 Legitimi'liberi
1404 4241 1532 4329 poterunt

248 4409 282 4468 iu
296 4399 412 4466 cadem
426 4389 578 4460 Ecclesia
593 4383 663 4448 siue
677 4379 792 4466 injuria
807 4392 970 4441 canonum
983 4370 1174 4465 ministrare,
1191 4383 1263 4448 cap.
1281 4361 1329 4435 12.
1347 4358 1388 4422 de
1403 4353 1445 4420 fit.
1460 4349 1531 4413 nee

252 4509 409 4588 byt,nen
424 4481 501 4566 item
517 4489 684 4577 illegitimi,
700 4483 844 4554 Concilio
859 4481 1054 4580 Tridentino
1069 4495 1145 4544 sess.
1161 4475 1215 4542 25.
1230 4471 1270 4538 dc
1285 4467 1426 4537 uetera
1440 4449 1532 4542 canl·
