3146 4980
181 403 250 472 318
509 427 753 484 nrssstrnerre
764 429 939 492 numme,
951 423 1105 488 nunnae.
1116 409 1159 478 11.

177 547 303 614 ndum
345 547 513 622 emerem
528 551 727 634 quicumque
751 552 786 618 in
797 563 947 620 -retsrnm
971 547 1105 620 Petrum
1119 563 1332 628 morumne
1348 571 1483 640 neotum·

173 657 240 724 tius
266 657 422 739 intendet,
452 660 621 728 commode
646 661 840 742 observarit,
866 661 1108 731 Sacerdotalem
1129 661 1395 746 benedictionem,
1412 683 1483 749 qun

173 764 327 849 conjungis
338 775 576 847 enumeretur,
591 763 805 852 multiplicem
819 765 931 851 luisse
947 777 1016 834 eron
1029 770 1117 840 enim
1131 769 1312 851 bendictio
1325 771 1386 852 ills
1395 790 1483 857 nup·

173 873 227 942 tiis
240 873 392 942 omnibus
406 877 598 958 commouit,
620 896 706 960 quae
720 877 996 945 mussnnonribu's
1009 877 1138 960 sponsis
1152 877 1270 962 inipso
1288 881 1485 962 contrairem

173 981 219 1048 do
228 984 381 1070 coniugio
393 984 513 1065 omnm,
539 995 572 1051 et
583 985 656 1055 sine
669 985 840 1052 interrnlio
855 985 1106 1068 coneedebntur,
1131 1004 1234 1071 quam
1257 989 1410 1062 nonnulli
1426 1007 1482 1057 re·

173 1112 245 1158 rom
256 1093 460 1160 Saerememi
473 1091 611 1163 formam
624 1101 776 1178 putente
790 1091 965 1162 Sacerdote
976 1094 1073 1178 queri
1086 1099 1109 1160 e
1123 1095 1272 1168 Ministro
1291 1096 1482 1182 pronuntin-

172 1211 251 1283 ωας
266 1210 359 1268 erent
372 1199 485 1270 itidem
498 1201 581 1272 aliae
595 1202 844 1284 bmedietioues,
868 1223 953 1286 qrrae
967 1205 1190 1292 omremurries
1201 1205 1388 1288 eelebrnndi
1403 1227 1480 1286 eon·

117 1379 123 1388 ,
168 1307 253 1393 jurgii
278 1307 484 1376 solemniores
508 1309 686 1379 reddebant
707 1309 789 1378 dum
812 1310 971 1390 Seendos
985 1315 1084 1392 etiem
1108 1313 1191 1380 iuter
1205 1313 1279 1397 ipsa
1298 1314 1481 1387 unsrun

170 1418 328 1484 solemma
342 1419 472 1504 publice
482 1421 611 1504 sponsis
625 1422 712 1488 bone
724 1424 835 1492 omnia
848 1428 871 1491 e
883 1423 956 1491 Dee
969 1423 1159 1508 nuptiarum
1172 1435 1311 1507 auctore,
1332 1431 1354 1494 e
1368 1425 1480 1494 Chris·

129 1615 135 1622 Ι
171 1537 205 1592 to
218 1527 418 1594 Sacramenti
442 1529 630 1610 institutore,
656 1531 855 1614 precabatur;
882 1549 967 1615 quse
982 1551 1061 1598 sene
1086 1526 1197 1598 emnia
1207 1535 1303 1603 uisne
1327 1546 1378 1602 eet
1389 1537 1478 1602 node

170 1621 399 1720 singularibus,
425 1637 592 1722 pempicm
606 1637 795 1706 distinxisse
820 1639 1043 1720 Tertulinnus,
1068 1641 1149 1708 dum
1164 1641 1295 1726 nuptm
1320 1660 1478 1711 memora·

169 1754 225 1822 ret,
239 1763 324 1829 quas
339 1745 492 1813 Ecclesia
504 1747 665 1826 nnete,
690 1745 864 1830 confirmat
876 1749 1003 1828 orento,
1031 1750 1188 1834 obsim
1202 1751 1390 1832 benedictin
1405 1751 1475 1820 libr.

167 1854 198 1920 2.
214 1853 259 1920 nd
282 1873 418 1920 uxorem
442 1873 512 1938 esp.
529 1855 586 1923 ult.
629 1847 874 1928 Recentinribus
899 1858 1034 1926 demum
1057 1859 1199 1926 saeculis
1224 1859 1478 1930 eScbolesticie

168 1961 316 2030 doniors
328 1961 442 2045 coepit,
467 1981 549 2030 num
563 1961 664 2031 semel
690 1974 841 2046 suscepte
854 1966 1036 2050 mujugelis
1062 1966 1244 2034 benedicn'o
1262 1969 1413 2037 iteranda
1427 1990 1475 2036 es·

149 2075 225 2150 set,
249 2085 352 2153 quem
375 2081 529 2154 perpetuo
552 2071 587 2138 in
611 2072 765 2154 personis,
791 2072 910 2154 quibos
937 2075 1142 2145 benedictum
1163 2077 1277 2159 fueret,
1299 2081 1475 2146 consistere

168 2177 329 2251 nonnulli,
343 2179 528 2262 credebant'
549 2179 828 2263 quemadmodum
853 2181 1026 2248 arbitratur
1050 2183 1150 2254 irrisus
1176 2187 1304 2252 ridetur
1319 2187 1475 2259 Urbsunr

167 2285 228 2352 111.
242 2285 278 2352 iu
291 2305 362 2370 etp
377 2287 407 2355 3.
422 2287 464 2354 de
479 2287 630 2357 secundis
646 2289 777 2377 nuptiis,
791 2288 874 2354 duur
888 2287 960 2358 ideo
974 2289 1113 2372 htgsmis
1135 2291 1357 2358 benedictione
1372 2295 1472 2360 susci·

167 2393 286 2478 piendn
312 2395 479 2476 interdicit,
507 2399 589 2484 peric
602 2417 678 2465 oum
702 2398 856 2465 olieoice
879 2397 1037 2464 nmini
1058 2399 1136 2478 stru,
1158 2419 1273 2464 eonem
1297 2399 1477 2482 benedictin

166 2505 287 2573 &nori
299 2526 366 2573 nott
379 2505 477 2572 mitet.
520 2506 629 2588 Atque
642 2504 674 2570 id
690 2503 786 2574 tasin
799 2504 951 2571 nonnulli
964 2505 1103 2588 recipere
1127 2507 1315 2590 potuissent,
1330 2504 1431 2582 etium
1445 2506 1475 2570 si

165 2611 352 2683 orduobue
376 2613 642 2681 contrahentibus
664 2631 750 2680 unns
776 2623 904 2681 tentum
927 2610 1076 2696 bigamus
1090 2620 1183 2690 esset,
1208 2608 1296 2694 quod
1322 2609 1474 2694 bigenem

165 2719 235 2803 inne
247 2735 327 2792 enm
340 2717 493 2793 ,emunda
507 2722 646 2805 conjuge
670 2721 927 2788 benedictionem
942 2737 1038 2782 susm
1063 2735 1272 2794 communem
1290 2717 1411 2782 bebere
1425 2719 1472 2784 ri·

164 2827 300 2912 dentur,
315 2829 430 2901 eodem
445 2831 550 2912 modo,
578 2851 643 2915 quo
653 2834 729 2917 jure
742 2831 921 2900 suminus
934 2840 1119 2896 eonnnotae
1143 2829 1222 2896 olim
1237 2829 1271 2896 in
1286 2830 1473 2898 secundum

163 2940 337 3023 noningenti
362 2940 668 3020 transmittebantur,
693 2939 775 3006 dnm
801 2937 911 3006 adhue
936 2937 1082 3022 uigerent
1108 2937 1169 3002 trie
1183 2936 1240 3002 illa
1260 2936 1472 3006 adfinitatum

163 3064 291 3130 genera,
306 3047 481 3130 dequibus
506 3047 626 3114 mentio
641 3058 689 3112 est
702 3048 737 3114 in
750 3067 822 3130 cap.
838 3047 867 3112 8
882 3045 924 3110 de
937 3049 1161 3130 consangnin,
1181 3057 1214 3110 et
1226 3045 1362 3128 adfinia,
1377 3065 1471 3132 prop

163 3166 251 3226 terea
275 3155 363 3238 quod
377 3155 571 3237 illud,quod
596 3155 660 3226 dici
676 3155 758 3220 solet
782 3155 823 3220 de
839 3155 906 3218 viro
928 3166 961 3218 et
976 3174 1076 3220 uxore
1099 3155 1216 3220 Erunt
1231 3155 1296 3236 dno
1318 3157 1357 3220 in
1370 3177 1471 3226 cartre

162 3287 243 3348 mro,
266 3267 314 3332 ita
336 3285 379 3332 ex
404 3266 676 3334 Scholasticonun
700 3277 849 3348 provecte
874 3267 1132 3348 interpretatione
1158 3265 1406 3350 intelligebatur,
1432 3279 1471 3334 et

162 3395 249 3461 quoe
263 3377 321 3456 uui
335 3385 557 3460 congruerent,
572 3374 606 3438 in
621 3373 758 3441 alterum
773 3371 1026 3450 transferrentur,
1038 3375 1134 3456 juxta
1148 3391 1202 3458 ee,
1217 3391 1303 3456 quine
1318 3372 1470 3454 superins

162 3487 395 3571 expendebant,
410 3505 489 3570 qum
502 3485 545 3551 de
560 3484 658 3549 uariis
673 3481 878 3550 adfinitatum
892 3474 1064 3568 generibbs
1079 3499 1217 3562 agerem.
1369 3567 1375 3576 .

204 3597 267 3666 nn
281 3597 457 3682 praejectis,
482 3592 650 3661 commode
676 3593 879 3676 explicantur
895 3591 1046 3673 propositi
1066 3607 1217 3667 oenones,
1238 3597 1297 3652 aut
1310 3589 1468 3656 constitu·

162 3704 274 3773 tiones
312 3703 352 3768 Si
366 3702 510 3766 enimex
534 3699 598 3766 illis
613 3699 756 3782 adparet,
781 3699 928 3780 bigamos
955 3696 996 3760 nb
1012 3693 1224 3759 Ordinationo
1249 3711 1342 3756 sacre
1364 3693 1467 3762 fnisse

162 3810 302 3895 reiectos,
328 3808 489 3872 constabit
502 3808 620 3886 statim,
646 3825 710 3870 non
726 3803 798 3868 ideo
823 3803 922 3870 fuisso
939 3799 1132 3885 rejiciendos,
1158 3795 1246 3882 quod
1261 3799 1404 3864 criminis
1420 3799 1466 3866 rei

163 3919 366 3998 haberentur,
381 3915 439 3980 sed
453 3915 540 3998 quon
557 3926 664 3983 essent
689 3913 889 3994 infirmiores3
907 3911 1090 3974 Ecclesiam
1108 3929 1181 3972 vero
1199 3911 1408 3974 consuevisse
1421 3908 1466 3974 ad

161 4033 284 4100 clerum
299 4047 485 4115 promouere
499 4046 566 4094 non
581 4025 730 4092 innoxios
745 4043 977 4106 qrtoecnmque,
993 4021 1050 4084 sed
1065 4040 1127 4102 eos,
1142 4020 1198 4102 qui
1212 4021 1374 4104 digniores
1390 4041 1467 4106 pree

161 4143 296 4210 caeteris
309 4143 491 4209 existerent.
534 4138 570 4202 Si
585 4157 627 4202 ex
642 4137 705 4201 illis
730 4136 870 4219 adparet,
898 4154 961 4198 non
976 4132 1184 4199 consuevisse
1209 4133 1396 4208 Ecclesiam
1416 4153 1468 4199 se·

161 4253 278 4326 nundin
299 4251 422 4336 nuptiis
436 4247 631 4325 benedicere,
658 4245 789 4310 nomine
815 4242 1044 4308 berrediotionis
1068 4261 1134 4306 uon
1153 4241 1338 4324 generalem
1363 4239 1466 4324 illam,

161 4373 194 4430 et
216 4361 338 4446 nuptiis
363 4357 514 4424 omnibus
539 4372 747 4420 communem
772 4351 997 4431 intelligemus,
1024 4349 1082 4412 sed
1107 4350 1252 4417 menime
1274 4349 1464 4430 solemnem,

164 4491 250 4560 quse
271 4474 369 4538 etiem
383 4487 465 4536 num
479 4469 595 4536 nostris
616 4465 815 4548 wtemporibus
830 4463 935 4531 ornitti
949 4459 1038 4542 solet,
1063 4479 1131 4531 nen
1144 4460 1266 4542 omissa
1284 4461 1467 4546 communi;

542 4577 564 4611 ἱ
