3134 4984
614 485 664 539 un
679 489 842 538 eruorem.
1320 461 1381 537 189

89 627 166 680 eene
182 619 210 681 1.
220 623 349 700 rqnaffi
367 619 404 697 l,
417 615 479 680 ael
495 625 530 679 nt
544 620 667 700 arrepti
683 615 832 699 duplum,
848 625 907 676 aut
921 609 1141 696 quadruplum
1163 609 1240 688 litat,
1263 629 1335 676 oen.
1351 611 1384 674 7.

92 728 155 793 aiat⁴
172 731 227 805 ln,
243 742 315 793 een.
329 731 383 793 26:
397 746 486 794 aem.
503 731 531 792 l.
546 739 671 810 qrtnest.
685 729 728 804 7.,
743 744 813 810 esp.
829 727 880 789 41.
897 726 930 793 in
945 724 1010 788 fine
1026 723 1067 788 de
1082 723 1231 788 simonia.
1262 721 1315 787 Ex
1333 721 1384 784 ln's

93 830 389 918 taeta-teretuguar,
414 854 516 919 qttare
532 837 696 914 Praelatio,
712 843 767 918 qui
784 832 961 916 aliquando
987 831 1157 898 simoniam
1174 831 1383 912 admiserant,

94 954 246 1008 noranta
262 945 413 1010 orutmun
429 943 601 1010 collatione
615 945 820 1008 interdictum
836 942 938 1021 luerit,
961 961 1038 1006 curn
1052 942 1217 1007 decretum
1232 941 1384 1020 aciamus,

93 1056 198 1121 annun
213 1074 274 1121 suo
285 1074 407 1122 ‘carere
422 1075 547 1122 sueram
573 1057 816 1132 ordinationem,
831 1056 897 1137 qui,
913 1067 986 1118 utut
999 1073 1065 1118 aon
1088 1053 1294 1128 simoniacae,
1309 1058 1328 1118 a
1344 1052 1386 1118 si·

95 1169 242 1230 mutnus
258 1180 366 1232 tamen
394 1157 599 1244 semestrem,
616 1167 680 1244 rix,
696 1178 727 1227 et
742 1185 784 1228 ex
799 1163 943 1246 ‹ptadam
969 1159 1262 1244 dispensationem]
1280 1157 1387 1222 officia

94 1266 235 1339 admissis
250 1277 413 1356 arduioris,
436 1295 520 1360 qtrae
535 1281 554 1340 a
571 1275 748 1339 simoniaco
762 1293 803 1337 ex
819 1271 1001 1356 ignorantia
1022 1269 1151 1334 ordines
1164 1275 1386 1349 susceperuut,

93 1405 155 1446 raa.
176 1385 254 1462 lllss,
270 1397 301 1447 et
317 1385 388 1448 lust.
405 1405 494 1448 nans.
512 1387 538 1448 l.
555 1395 678 1466 quaest.
697 1385 724 1446 l.

128 1491 295 1559 Quoniam
312 1509 387 1552 vero
410 1493 545 1555 attilius
563 1509 770 1574 personarum
788 1491 958 1574 gonoribus
982 1490 1107 1552 admitti
1123 1489 1258 1552 simonia
1277 1498 1387 1570 potest,

92 1603 223 1680 primum
239 1599 282 1662 ab
296 1619 342 1678 eo,
367 1601 423 1681 qui
442 1621 505 1662 reru
523 1602 720 1681 spiritualem
737 1601 838 1678 tradit,
866 1599 1010 1662 secundo
1025 1601 1066 1662 ab
1080 1619 1127 1676 eo,
1143 1599 1198 1680 qui
1217 1617 1282 1660 reru
1299 1597 1389 1680 spiri-

93 1711 204 1775 tualem
221 1713 348 1794 ancipit,
375 1714 466 1774 tertio
481 1713 522 1774 ab
537 1715 707 1788 extraneis,
729 1715 799 1796 jure
814 1713 986 1794 quaeritur,
1014 1731 1055 1773 an
1084 1721 1294 1772 marmoratae
1317 1729 1389 1790 poe-

91 1839 146 1883 nae
163 1822 269 1884 laeum
299 1821 562 1896 uulnerauerunt
590 1823 617 1884 si
634 1841 696 1883 nou
724 1833 837 1883 ornnes
860 1821 1005 1882 criminis
1028 1819 1147 1880 consoli
1176 1817 1303 1892 suerint,
1331 1817 1388 1880 aad

92 1945 172 1992 unus
187 1947 227 1990 err
244 1929 321 2010 ipsis
338 1929 553 2011 ignoraverit?
597 1927 688 1998 Quid
705 1929 800 2002 enirn,
818 1929 843 1988 si
860 1939 1034 1988 extraneus
1049 1925 1223 2006 quisquam
1242 1929 1388 2006 ignoran-

91 2045 117 2094 te
131 2035 255 2096 trtartoo
282 2033 472 2098 betteficium
490 2049 677 2118 suscepturo
703 2036 826 2117 aliquid
842 2035 939 2097 donet
963 2035 1127 2097 Praelata?
1170 2034 1271 2110 Quid,
1294 2035 1319 2096 si
1338 2033 1389 2095 be·

91 2147 237 2212 aeficium
254 2157 463 2230 suscepturus
487 2149 610 2229 aliquid
626 2149 724 2210 donet
750 2160 910 2224 extraneo,
929 2159 964 2209 nt
980 2147 1113 2229 probum
1142 2147 1327 2209 Praelaturn
1345 2143 1361 2208 f
1377 2182 1388 2194 ·

92 2253 180 2316 rilem
195 2254 402 2316 correerlenrlo
430 2255 584 2318 beneficio
601 2255 727 2317 redolet?
772 2255 978 2336 Distinguam
993 2265 1114 2336 oportet
1137 2255 1219 2316 iuter
1244 2271 1388 2334 poenam,

91 2381 150 2441 qua
167 2371 255 2444 gesta
273 2368 327 2443 per
342 2363 513 2426 simoniam
532 2363 618 2424 irrita
634 2361 725 2440 fiuut,
742 2373 773 2423 et
788 2362 869 2422 alias
887 2381 1013 2442 poenas,
1028 2379 1114 2442 quae
1130 2361 1181 2421 vel
1203 2371 1341 2442 vergunt
1356 2359 1389 2421 ln

91 2467 252 2548 spirituale
268 2470 396 2532 animae
412 2464 650 2547 detrimentum,
666 2469 716 2530 vel
734 2481 859 2550 turpent
876 2480 986 2530 notam
1002 2467 1143 2530 inurunt.
1178 2467 1212 2529 Si
1230 2465 1269 2528 de
1285 2481 1389 2548 poena

91 2590 267 2655 quaeratur,
284 2595 349 2656 qua
365 2576 451 2656 quod
468 2587 595 2658 gestum
610 2587 659 2637 est
674 2593 728 2658 per
743 2575 926 2651 simoniam,
952 2575 1076 2636 irritum
1091 2573 1136 2650 fit,
1154 2575 1214 2636 ista
1230 2571 1390 2636 nihilomi-

92 2701 152 2744 nus
169 2685 275 2748 locum
291 2688 441 2764 rarenter,
457 2698 520 2748 non
538 2687 630 2767 quasi
648 2700 749 2766 poena
763 2684 920 2746 adversus
934 2685 1135 2765 ignorantem
1154 2685 1226 2762 lata,
1243 2684 1299 2746 sed
1311 2703 1390 2766 qua·

92 2813 117 2856 st
134 2799 243 2860 rlti'um
260 2797 373 2860 intime
388 2795 569 2860 adhaerens
584 2797 691 2879 gostis,
707 2795 794 2878 quod
813 2809 974 2878 propterea
990 2809 1080 2879 gesta
1094 2797 1164 2877 ipsa
1187 2795 1343 2878 deturpat,
1359 2804 1391 2856 et

90 2907 204 2982 evertit,
223 2925 293 2968 can.
319 2905 349 2968 3.
365 2925 453 2969 cans.
469 2891 508 2968 Ἰ]
516 2919 641 2988 quaest.
658 2907 686 2968 5.
731 2905 817 2968 Hinc
834 2905 987 2968 irmoxius
1003 2905 1130 2967 salubre
1152 2905 1323 2968 consilium
1339 2923 1391 2966 en·

93 3013 162 3089 piet,
177 3029 241 3090 nno
254 3013 365 3074 statim
382 3029 421 3074 aa
436 2997 579 3076 attalum
595 3013 707 3075 dolum
723 3025 922 3096 compertum
939 3014 1060 3090 habuit,
1077 3013 1278 3090 beneficium,
1303 3013 1390 3096 quod

92 3119 251 3182 attellana
275 3121 415 3184 simonia
438 3123 586 3204 sttsnepit,
614 3133 726 3204 sponte
742 3121 892 3201 dinrlttat,
917 3143 973 3206 spe
987 3136 1150 3207 correepta,
1178 3123 1333 3204 futurum,
1355 3135 1391 3188 ut

93 3247 175 3294 nora
187 3233 356 3296 collatione
368 3233 539 3297 dimissum
551 3235 744 3297 berrolioium
757 3247 983 3316 consequatur,
996 3255 1066 3298 oon.
1082 3237 1108 3298 l.
1122 3255 1210 3299 caris.
1226 3237 1254 3299 1.
1265 3247 1390 3318 quaest.

94 3337 130 3413 5.,
148 3357 217 3420 cap.
231 3341 282 3402 aa
298 3341 338 3402 tle
353 3340 515 3418 electione,
531 3359 601 3422 sap.
617 3341 672 3403 25:
683 3341 724 3402 tle
739 3341 887 3404 simonia.
923 3342 1047 3426 Excipe
1065 3355 1171 3406 tamen
1187 3363 1310 3422 oasuru,
1326 3363 1391 3424 quo

92 3453 225 3529 pecunia
240 3451 283 3516 ali
298 3466 451 3515 entmnoo
475 3453 605 3515 daretur
621 3453 653 3514 in
669 3453 816 3516 fraudem
834 3453 1036 3532 beirefioierii,
1061 3474 1124 3516 non
1140 3455 1181 3516 erl
1198 3475 1273 3520 eum
1291 3455 1391 3519 finam

93 3567 131 3616 ut
154 3560 229 3638 quis
252 3552 444 3622 lienefie'iuin
471 3571 726 3642 consequeretur,
754 3562 810 3624 aad
836 3564 941 3644 potins
973 3571 1007 3625 ut
1034 3563 1193 3627 leuelieio
1214 3565 1391 3628 simoniace

92 3659 206 3744 adepto
229 3682 296 3729 uon
311 3667 492 3749 potiretur·
516 3667 621 3750 Finge
647 3673 796 3752 epactam.
819 3671 965 3736 Clericus
991 3671 1034 3734 ad
1049 3685 1172 3736 oertutn
1197 3675 1392 3740 beneficium

95 3767 267 3850 adspirans,
292 3785 372 3835 eunt
385 3775 540 3858 conliniet,
568 3777 752 3840 collatorem
770 3777 915 3842 beneficii
932 3781 1014 3843 velle
1041 3781 1235 3846 beneficium
1251 3785 1392 3852 consorte

95 3872 192 3957 Titio,
206 3881 379 3962 pecuniam
395 3880 497 3962 trouu,
521 3885 765 3950 rrtltenellcium
774 3887 871 3951 Titio
884 3889 1074 3968 oorrleratur,
1097 3911 1165 3956 non
1178 3895 1310 3976 qrritiem
1326 3897 1393 3960 ani·

98 4001 154 4045 mo·
164 3987 253 4053 'Plau
266 3977 616 4067 laaatrdii'sedanima
631 3995 852 4078 proclamandi
876 3999 1099 4077 simoniacam,
1122 4019 1162 4063 oo
1177 4012 1340 4084 propterea
1353 4003 1392 4064 ir·

98 4094 416 4179 ritanr⁷eallalloaenn
432 4113 469 4165 nt
484 4101 601 4166 deinde
616 4105 685 4187 ipse
705 4105 899 4170 beneficium
913 4119 1139 4188 consequatur.
1183 4107 1393 4172 Vatusium

98 4203 155 4262 etit
166 4206 302 4285 eolletio',
328 4209 606 4290 attornadtttodum
622 4213 808 4276 definivisse
835 4213 960 4277 videtur
975 4215 1177 4277 Caelestinus
1199 4215 1258 4277 111.
1274 4216 1307 4278 in
1323 4235 1393 4298 cap.

98 4305 361 4395 waleramnus,
390 4327 456 4398 quo
470 4319 566 4381 etiam
583 4321 718 4402 pertinet
732 4323 912 4404 capitulum
928 4323 978 4387 33.
1004 4322 1074 4386 eod.
1091 4325 1138 4386 rit.
1154 4325 1185 4386 in
1202 4343 1266 4408 qua
1281 4323 1394 4388 defini·

99 4423 316 4505 anselmum,
333 4427 388 4507 nul
404 4425 580 4491 astutam·
593 4427 750 4492 exaliena
765 4431 904 4494 simonia
916 4439 1108 4514 susceperat,
1124 4450 1188 4493 non
1205 4431 1337 4514 quidem
1351 4449 1395 4497 ex

100 4525 236 4598 simonia
259 4543 278 4602 a
294 4538 439 4622 parsurus
448 4539 691 4605 neaemlturiiae
713 4541 893 4626 conjunctis
908 4541 1061 4622 admissa,
1090 4541 1146 4607 rod
1161 4544 1203 4610 eb
1220 4541 1395 4623 extraneis,
1493 4555 1495 4558 ·
