3276 4984
182 357 224 424 et
540 378 783 424 nrssssuscro
805 378 979 439 secunus,
1002 379 1079 424 css.
1102 357 1128 422 L

181 498 300 566 exinde
314 498 478 584 sponsalia
493 503 566 578 sint,
582 509 691 583 utpote
705 519 791 582 quae
804 500 887 564 alias
902 501 1031 566 nullum
1047 519 1196 584 uuquam
1210 499 1362 564 effectum
1376 512 1486 568 essem

179 610 339 677 habitura.
381 609 496 692 Itaque
516 610 588 693 Jure
608 607 777 688 concludo,
802 608 838 672 in
852 607 1065 672 celebratione
1076 607 1307 694 conjugiorum,
1333 610 1361 673 si
1376 609 1484 674 mndi-

181 721 284 787 tiones
298 731 416 803 turpes,
438 731 496 784 arrt
509 721 592 782 alias
606 719 819 802 impossibiles
834 717 1035 804 adjiciantur,
1059 715 1115 784 eas'
1130 739 1186 804 pro
1200 741 1267 786 nou
1282 719 1415 805 adjectis
1429 721 1486 786 hs·

181 833 257 915 beri,
281 833 476 898 consistente
500 831 658 916 conjugio.
703 831 818 914 Neque
842 851 903 914 ego
917 831 1009 895 aliter
1034 833 1136 896 sentio
1160 831 1201 897 de
1226 833 1487 916 quibuscumque

181 943 428 1021 conditionibus,
444 959 529 1024 quae
543 941 641 1003 etiam
656 959 712 1023 per
727 959 761 1002 se
777 939 1024 1004 honestissimae
1038 939 1222 1021 videantur,
1244 941 1289 1004 ita
1303 935 1489 1026 postulante

182 1051 323 1137 conjugii
337 1062 462 1130 natura,
477 1069 562 1132 quae
577 1049 764 1134 conjugium
780 1049 888 1132 ipsum
905 1049 940 1112 in
955 1067 1113 1132 suspenso
1126 1069 1196 1116 esse
1210 1069 1277 1116 non
1292 1053 1378 1132 sinit,
1387 1054 1488 1138 cujus
1525 1055 1530 1092 ⁷

182 1181 263 1228 saue
277 1161 322 1225 rei
344 1177 455 1238 causa,
480 1157 654 1242 singularis
676 1155 850 1240 disciplina
872 1168 1001 1242 recepta
1014 1169 1071 1240 est,
1096 1169 1133 1223 ut
1146 1169 1331 1222 contractus
1355 1177 1489 1244 sponsa·

182 1267 265 1334 lium
290 1265 500 1350 praecederet,
524 1265 649 1346 quoties
671 1273 875 1327 contractum
895 1265 1037 1348 conjugii
1063 1265 1096 1327 in
1112 1262 1204 1328 allud
1219 1275 1356 1348 tempus,
1381 1283 1440 1330 seu
1454 1265 1489 1330 in

182 1385 307 1444 certum
324 1385 479 1439 euentum
502 1373 620 1438 differri
634 1371 808 1454 expediret.
853 1371 1012 1458 Exceptio
1037 1382 1165 1444 tentum
1180 1384 1228 1437 est
1253 1375 1287 1438 iu
1301 1373 1490 1440 conditioni·

183 1488 246 1552 bus
261 1485 409 1567 turpibus
433 1494 544 1546 contr-a
559 1479 775 1560 substantiam
790 1481 940 1564 conjugii,
966 1479 1086 1562 quibus
1102 1479 1225 1544 irritum
1242 1479 1311 1544 fieri
1325 1480 1491 1546 matrimo-

184 1592 277 1656 nium
296 1589 473 1671 -Gregorius
488 1589 598 1668 voluit,
626 1599 791 1672 propterea
806 1585 964 1670 quod-ubi
979 1587 1207 1652 contrahentes
1231 1589 1272 1652 de
1286 1590 1380 1652 certis
1394 1589 1490 1654 rebus

183 1700 388 1785 pepigissent,
404 1700 437 1762 in
452 1699 571 1782 quibus
587 1697 830 1760 matrimonium
845 1715 910 1762 uon
925 1711 1018 1776 esset,
1034 1717 1100 1762 non
1111 1699 1354 1764 matrimonium
1369 1699 1490 1765 voluis·

184 1830 220 1874 se
234 1809 401 1889 celebrare,
428 1806 486 1872 sed
500 1807 602 1871 alium
618 1806 767 1871 illicitum
790 1807 869 1870 inire
884 1817 1084 1870 contractum
1107 1805 1339 1890 intelliguntur.
1384 1809 1491 1894 Hujus

184 1917 310 2000 generis
324 1911 523 1980 conditiones
550 1915 750 1978 voluntatem
765 1914 878 1997 ipsam,
905 1925 936 1977 ct
950 1933 1148 1978 consensum
1164 1916 1426 1981 contrahentium
1442 1917 1492 1982 in·

185 2025 264 2090 time
274 2021 430 2102 afficiunt,
445 2033 478 2086 et
491 2021 634 2102 laedunt,
650 2023 746 2104 quasi
759 2023 852 2087 nulla
864 2025 904 2088 sit
920 2025 985 2088 reri
1000 2023 1211 2088 contrahendi
1222 2025 1363 2108 conjugii
1378 2024 1493 2090 volim-

186 2143 247 2196 tas:
262 2131 382 2214 quibus
407 2139 516 2194 autem
532 2129 565 2193 iu
579 2130 710 2193 casibus
736 2131 876 2194 conditio
891 2131 1097 2214 impossibilis
1111 2129 1314 2196 uoluntatem
1338 2131 1444 2211 afficit,
1460 2143 1493 2198 et

183 2242 313 2346 minuit,
328 2251 429 2319 actus,
454 2243 568 2324 quiex
591 2239 760 2304 voluntate
785 2239 972 2322 potisimum
987 2239 1114 2322 pendet,
1140 2240 1313 2304 consistere
1329 2239 1493 2324 nequitae

186 2358 364 2433 praetextu,
379 2345 467 2430 quod
492 2345 632 2412 conditio
646 2345 844 2424 detrahatur,
868 2357 900 2408 et
915 2345 1073 2410 habeatur
1099 2365 1235 2429 pronon
1261 2347 1417 2431 adposita,
1443 2349 1493 2412 uti

188 2458 337 2540 superius
352 2443 558 2534 adnotabant,
574 2466 764 2538 argumento
780 2455 861 2538 legis
875 2455 926 2518 70.
942 2453 974 2518 ff.
991 2453 1031 2517 de
1046 2454 1173 2518 haered.
1191 2453 1405 2520 instituendis.
1428 2453 1493 2517 Ad·

188 2565 230 2630 de
244 2567 297 2630 his
311 2585 376 2629 non
391 2563 490 2628 luisse
505 2563 685 2645 serendum,
702 2575 736 2627 ut
750 2563 908 2648 ejusmodi
924 2565 1129 2628 matrimonia
1139 2566 1358 2644 consisterent,
1372 2563 1494 2628 detrac-
1526 2609 1531 2622 .

188 2678 231 2744 tis
243 2675 492 2758 conditionibus,
516 2675 592 2740 licet
606 2675 693 2738 enirn
717 2674 780 2738 has
793 2673 993 2738 conditiones
1008 2673 1189 2738 detraheret
1207 2676 1288 2760 juris
1303 2676 1363 2755 vis,
1387 2695 1426 2738 ac
1440 2693 1494 2759 pc·

188 2798 295 2867 testas,
321 2785 396 2869 quis
411 2795 521 2848 tamen
535 2781 719 2867 suspicione
745 2783 938 2863 liberabitur,
964 2802 1015 2862 ne,
1031 2783 1088 2865 qui
1112 2791 1341 2846 contraxerunt
1363 2780 1495 2845 nefariis

188 2895 277 2960 lusce
292 2891 538 2971 conditionibus,
553 2891 703 2974 conjugio
717 2891 910 2954 abutuntur't
953 2890 1087 2972 inquies
1102 2900 1222 2952 umen:
1243 2889 1416 2971 Gregorius
1429 2887 1493 2952 lX.

188 3018 259 3071 turn
273 3002 408 3068 demum
422 2999 562 3082 tradidit,
578 3001 776 3064 conditiones
792 3001 957 3083 adpositas
971 3000 1005 3062 iu
1019 2999 1223 3064 matrimonio
1237 3017 1294 3081 pro
1310 3017 1375 3062 non
1390 2997 1494 3081 adjec-

189 3113 231 3176 tis
245 3110 366 3190 haberi,
381 3111 413 3174 si
427 3119 551 3194 turpes,
567 3118 628 3172 ortt
642 3101 1020 3193 impossibilisfueruut.
1044 3105 1117 3170 Non
1132 3123 1208 3188 crgo
1223 3105 1395 3168 subsumes
1409 3123 1496 3186 quas

188 3223 354 3302 honestae,
370 3233 401 3286 et
416 3221 584 3304 possibiles
599 3230 685 3300 sunt,
702 3240 757 3302 pro
773 3239 838 3282 non
851 3218 983 3302 adjectis
992 3218 1206 3282 habebuntur.
1249 3215 1295 3280 Et
1305 3235 1365 3298 ego
1380 3217 1413 3280 id
1428 3233 1496 3279 nou

188 3333 321 3412 inficior,
336 3351 506 3416 quousque
532 3331 621 3394 hisce
636 3329 781 3392 terminis
806 3327 970 3392 conclusio
986 3328 1196 3418 contineatur.
1240 3325 1327 3390 Atei
1342 3345 1380 3388 eo
1395 3325 1495 3388 etiam

187 3443 274 3508 obire
291 3441 371 3506 velis
394 3452 431 3504 ut
445 3439 633 3518 concludas,
659 3450 691 3502 ct
706 3439 866 3502 sententia
892 3437 1036 3518 Gregorii
1063 3433 1263 3498 conditiones
1277 3433 1439 3512 honestas,
1465 3444 1499 3495 et

187 3548 356 3632 possibiles
371 3548 559 3629 conjugium
583 3543 788 3628 suspendere,
817 3563 881 3606 non
899 3543 1015 3627 injuria
1030 3559 1183 3624 repugno:
1210 3540 1392 3604 notandum
1408 3540 1498 3604 enim

187 3667 245 3736 est,
271 3655 361 3719 aliud
376 3675 447 3718 esse
461 3653 662 3718 conditiones
677 3671 734 3736 pro
749 3672 815 3716 non
831 3653 964 3737 adjectis
979 3653 1100 3730 haberi,
1125 3651 1217 3714 aliud
1231 3650 1432 3714 conditiones
1446 3669 1498 3713 ac·

188 3782 259 3832 tum
275 3787 340 3832 uon
356 3765 562 3850 suspendere.
607 3767 706 3836 erae
721 3785 777 3849 pro
793 3784 858 3828 non
874 3765 1007 3847 adjectis
1023 3764 1191 3840 habentur,
1219 3763 1346 3826 nullum
1362 3763 1497 3826 omuino

187 3887 359 3959 operantur
373 3875 533 3938 effectum:
549 3893 634 3956 quae
649 3885 759 3936 actum
783 3887 911 3936 tautum
927 3892 991 3937 nou
1007 3871 1220 3955 suspendunt,
1247 3871 1368 3952 aliquid
1385 3872 1496 3936 adhuc

186 3985 309 4070 operari
336 3994 479 4067 possunt.
524 3983 748 4053 Quamobrem
776 3983 803 4046 si
829 3993 946 4064 turpes,
973 3993 1031 4044 aut
1056 3979 1271 4062 impossibiles
1296 3979 1496 4042 conditiones

186 4092 392 4157 matrimonio
406 4089 605 4174 adjiciantur,
634 4109 689 4171 pro
706 4109 770 4154 non
785 4087 918 4172 adjectis
936 4089 1097 4150 habentur
1111 4107 1153 4150 ex
1179 4085 1325 4148 doctriua
1342 4087 1500 4167 Gregorii,

185 4213 417 4286 proptereaque
432 4199 563 4262 nullum
578 4199 712 4260 omniuo
727 4199 901 4260 sortiemtur
916 4197 1076 4258 ellectum.
1121 4192 1221 4262 Quod
1238 4193 1265 4253 si
1280 4192 1445 4269 honestae,
1466 4202 1501 4252 et

185 4307 355 4391 possibiles
371 4309 445 4385 sint,
470 4325 530 4368 ucc
546 4306 625 4368 istae
641 4305 774 4386 quidem
790 4301 989 4385 suspendent
1010 4300 1261 4378 matrimonium,
1289 4310 1322 4361 al
1338 4317 1404 4362 nou
1420 4297 1499 4360 inte·

186 4435 241 4481 rea
256 4435 392 4498 pronon
408 4415 542 4498 adjectis
557 4415 772 4495 habebuntur,
789 4413 844 4476 sed
861 4411 1069 4492 resolventur,
1086 4411 1131 4475 ita
1140 4409 1286 4491 dixerim,
1311 4410 1345 4476 in
1358 4408 1502 4474 modurn»
