3168 4982
283 365 381 418 evae
404 363 557 418 vincunt
579 364 813 414 roccamaura
833 363 1019 412 conruens
1041 363 1183 409 oasrnv.
1321 341 1386 411 22⁵

15 553 16 556 ,
89 505 181 575 mm
194 509 263 553 esse
290 509 384 574 posse
411 490 611 574 conjugium:
638 488 749 572 primo,
778 487 806 552 si
832 488 913 552 inter
940 488 1011 552 illos
1035 487 1126 567 fides,
1151 499 1184 550 et
1206 485 1313 568 pactio
1337 481 1388 556 tu.

15 629 17 648 v
89 602 145 666 turi
166 599 361 664 matrimonii
384 599 602 678 intercesserit,
629 590 719 679 quod
743 607 776 660 et
790 595 964 659 definitum
978 593 1041 658 snit
1064 597 1098 658 in
1112 613 1182 678 cap.
1201 596 1237 675 1.,
1252 607 1284 659 et
1299 597 1328 658 6.
1345 597 1388 660 ds

15 713 16 716 ’
89 731 130 786 eo,
144 710 198 792 qui
213 709 317 774 duxit:
333 707 487 790 secundo,
501 709 528 770 si
544 709 664 772 conscii
685 707 771 770 vitae
786 706 946 790 conjugiis
962 705 1176 768 nihilominus
1193 704 1304 789 palam
1320 726 1389 772 ma-

88 825 264 890 trimonium
278 825 467 888 contrahere
483 843 548 888 non
572 825 772 904 erubuerint,
796 823 864 886 sive
876 821 908 885 id
924 823 1117 905 contingerit
1131 835 1215 903 erite,
1233 825 1301 886 sive
1317 837 1389 907 post

89 933 260 998 admissum
289 933 439 998 adulterii
469 933 601 1012 crimen,
616 951 686 1016 cap.
703 933 759 997 ult
790 931 859 997 eorl.
877 934 931 1014 tit,
947 933 1027 1016 quin
1044 945 1152 996 umen
1179 933 1328 1013 sufficiat,
1344 935 1391 996 al-

87 1052 236 1106 terutrum
249 1043 420 1106 conscium
434 1061 516 1122 esso,
537 1041 640 1104 altero
655 1043 833 1124 ignorante3
861 1061 939 1104 nam
955 1043 981 1102 si
998 1039 1076 1102 forte
1092 1039 1228 1102 maritus
1243 1037 1389 1122 puellam

88 1152 224 1215 nubilem
250 1153 370 1216 blande
395 1151 571 1236 pellexerit,
597 1151 734 1233 lingens,
755 1169 794 1232 se
819 1147 960 1234 conjugii
988 1149 1058 1232 loge
1087 1149 1239 1230 solinum,
1269 1161 1300 1212 et
1327 1149 1389 1213 sub

88 1257 177 1322 loturi
191 1259 334 1342 conjugii
351 1277 407 1341 spe
432 1259 602 1322 violaverit
625 1260 837 1342 ignorantem,
863 1257 1017 1322 traditum
1036 1269 1093 1337 est,
1109 1258 1191 1322 inter
1206 1260 1291 1344 ipsos
1307 1281 1389 1346 nup·

86 1367 140 1430 tias
166 1367 277 1430 soluto
305 1367 510 1432 matrimonio
540 1386 606 1430 non
636 1367 804 1450 prohiberi,
834 1367 920 1429 dicto
949 1383 1019 1450 cap.
1051 1369 1088 1444 1.,
1118 1377 1151 1430 et
1178 1387 1248 1452 cap.
1272 1371 1301 1433 7.
1317 1370 1388 1432 eod.

15 1559 16 1564 ἵ
85 1477 135 1540 tit:
171 1479 273 1558 tertio,
309 1479 338 1542 si
374 1479 509 1542 maritus
545 1477 682 1557 adulter,
719 1476 771 1539 vel
809 1495 891 1539 uxor
932 1475 1079 1538 adultera
1116 1477 1240 1560 aliquid
1277 1479 1396 1560 moliti,

15 1577 16 1660 ξ
86 1587 196 1654 inerint
212 1591 246 1652 in
274 1601 411 1654 mortem
436 1591 590 1673 conjugis,
617 1591 687 1652 sive
711 1600 822 1654 secuta
849 1587 944 1652 irretit
971 1607 1065 1669 mors,
1092 1589 1161 1652 sive
1183 1609 1257 1670 non,
1273 1611 1342 1674 cap.
1359 1591 1389 1656 3.

15 1671 17 1740 l
83 1697 144 1760 aod.
176 1699 235 1777 tit,
274 1699 330 1762 ubi
358 1697 689 1762 animadvertendum
717 1710 774 1778 est,
801 1711 903 1762 morte
939 1701 1086 1784 conjugis
1123 1715 1242 1780 secuta,
1282 1703 1389 1768 matri-

15 1819 16 1888 ,
85 1808 228 1870 monium
258 1807 332 1870 iniri
361 1806 608 1870 interillosnon
637 1825 737 1890 posse,
767 1809 866 1872 etiarn
882 1810 909 1871 si
939 1809 1135 1874 adulterium
1165 1829 1231 1874 non
1248 1831 1393 1894 praeces·

81 1915 126 1978 sit
169 1917 280 1980 lmmo
308 1927 340 1980 et
365 1917 521 1980 traditum
545 1926 603 1995 est,
634 1915 667 1978 id
696 1917 806 1980 adhuc
835 1919 998 1982 observari
1027 1931 1179 2004 oportere,
1211 1921 1283 1984 licet
1312 1921 1393 1989 forte

15 2037 16 2070 l
81 2029 196 2110 conjnx
233 2027 362 2090 cccmus
395 2023 541 2090 infidelis
577 2035 671 2106 esset,
708 2036 741 2089 et
777 2025 819 2090 ad
856 2027 989 2092 alterius
1024 2030 1173 2113 conjugis
1211 2035 1389 2096 conversio

82 2149 151 2196 uem
165 2143 200 2194 et
214 2144 328 2196 secuta
341 2133 460 2196 occisio
475 2131 580 2214 fuerit,
607 2146 640 2197 et
669 2135 786 2200 initum
813 2138 1067 2216 matrimonium,
1094 2157 1174 2202 curn
1205 2141 1269 2203 tale
1298 2140 1389 2206 dam-

15 2223 16 2226 *
82 2256 251 2304 nunrcnm
268 2241 428 2306 talilucro
453 2243 603 2332 Ecclesia
626 2263 693 2308 non
719 2255 915 2327 compenset,
942 2267 1012 2329 cap.
1045 2249 1072 2310 l.
1089 2249 1130 2311 de
1158 2267 1300 2313 convers.
1320 2251 1392 2315 inli-

77 2345 135 2410 del.
180 2350 307 2414 Verum
333 2351 416 2414 haec
430 2353 548 2431 omnia,
564 2371 649 2436 quae
664 2351 811 2416 diximus
826 2354 867 2416 de
882 2355 929 2435 iis,
945 2357 1002 2437 qui
1018 2354 1119 2420 fidem
1134 2359 1276 2442 conjugii
1293 2359 1391 2423 dede·

15 2453 16 2520 ἶ
80 2469 156 2534 mut,
172 2455 269 2518 alteri
284 2457 436 2540 conjugio
450 2477 517 2520 non
537 2457 729 2542 jungendis,
755 2462 889 2526 minime
914 2463 1075 2545 pertinent
1100 2465 1143 2530 ad
1158 2487 1222 2548 eos,
1246 2469 1303 2550 qui
1319 2479 1389 2534 tan·

15 2537 17 2608 ἷ
81 2572 144 2627 tum
169 2564 334 2628 dederunt
359 2566 561 2648 sponsalium
577 2566 686 2651 lidem3
703 2569 778 2634 licet
792 2572 881 2635 enirn
896 2573 949 2654 isti
970 2573 1172 2660 delinquant,
1188 2577 1268 2643 duro
1295 2601 1389 2664 spon-⁴

79 2675 195 2740 salium
225 2675 416 2740 fidemnon
443 2689 581 2758 servant,
609 2681 813 2763 subsequens
837 2695 945 2748 tamen
972 2690 1165 2771 conjugium
1191 2709 1267 2754 cum
1290 2691 1391 2757 altera
1424 2765 1426 2771 y

77 2797 281 2850 conuectum
301 2788 375 2870 jure
393 2790 560 2869 consistet,
587 2807 658 2875 cap.
685 2795 731 2855 15.
749 2789 789 2856 de
813 2797 954 2878 sponsal.
1009 2799 1100 2862 Nihil
1123 2802 1156 2865 in
1171 2803 1258 2866 hanc
1274 2820 1340 2868 rem
1357 2807 1390 2871 in

77 2894 258 2972 praesentia
274 2895 398 2978 adjicio,
415 2904 524 2978 utpote
550 2899 698 2981 superius
708 2901 778 2983 jam
793 2901 899 2966 fusius
925 2905 1131 2991 explicatam,
1147 2931 1224 2976 cum
1240 2911 1279 2974 de
1295 2931 1390 2996 spon—

15 3047 16 3062 ,
75 3002 198 3066 salibus
215 3004 316 3066 verba
333 3003 483 3068 lacento.

15 3083 17 3164 l
113 3111 272 3176 Succedit
287 3111 387 3176 altera
415 3112 622 3196 investigatio
636 3113 677 3178 de
702 3116 749 3196 iis,
765 3120 822 3201 qui
837 3129 912 3182 voto
927 3122 1144 3186 continentiae
1168 3121 1273 3188 elicito
1288 3125 1388 3192 fidem

76 3241 166 3284 suam
183 3203 262 3284 Deo*
273 3221 521 3301 obstrinxerunt,
539 3242 579 3286 ne
606 3243 752 3306 unquam
768 3229 919 3312 conjugia
950 3231 1183 3295 contraherent
1226 3235 1388 3304 unicun-

15 3367 16 3380 ,
74 3351 134 3414 qna
160 3331 365 3416 generaliter,
381 3343 413 3394 et
428 3333 498 3396 sine
529 3335 598 3398 ulla
612 3353 742 3418 prorsus
767 3341 958 3422 exceptione
983 3341 1111 3424 diceret,
1128 3363 1193 3408 non
1209 3346 1303 3410 licere
1319 3367 1387 3411 nta-

73 3445 223 3508 trimonio
231 3443 331 3527 jungi
359 3461 424 3522 eos,
454 3443 511 3526 qui
541 3458 653 3510 votum
668 3450 886 3515 continentiae
901 3453 1074 3536 emiserint,
1100 3459 1301 3542 quicumque
1317 3471 1385 3526 tan-

15 3603 16 3624 ,
74 3553 143 3618 dem
182 3555 206 3617 ii
244 3557 318 3634 sint,
355 3565 387 3616 ot
422 3556 662 3640 qualecumque
677 3560 718 3628 sit
734 3575 855 3642 votum,
878 3563 1058 3630 dummodo
1095 3567 1191 3632 libere
1217 3574 1383 3662 emissum,

73 3683 108 3725 ac
136 3663 331 3742 voluntarie,
357 3683 424 3728 rem
456 3665 509 3728 ille
540 3665 677 3730 traderet
706 3670 740 3732 in
764 3671 892 3754 vulgari
921 3675 1093 3756 prudentia
1122 3681 1269 3763 positam,
1297 3699 1381 3765 quae

72 3782 228 3836 consonat
257 3772 460 3838 naturalibus
489 3793 601 3856 aeque,
632 3795 672 3840 ac
701 3777 821 3842 divinis
847 3783 1026 3866 praeceptis
1053 3783 1124 3868 lege
1153 3788 1285 3869 publica
1307 3809 1384 3853 con·

74 3883 216 3948 firmatis.
262 3883 308 3949 At
336 3884 463 3966 quoties
477 3905 516 3948 eo
530 3905 581 3950 rea
610 3887 782 3972 redigatur,
813 3903 849 3956 nt
877 3902 1078 3962 contractae
1104 3901 1298 3964 voventibus
1314 3921 1380 3964 rna-

72 3993 221 4056 trimonia
248 3991 336 4056 irrita
363 3991 429 4058 sore
458 3997 640 4078 credantur,
678 3999 868 4064 intricamur
899 4001 1172 4085 disputationibus
1208 4009 1379 4089 acerrimis,

72 4104 285 4181 quihussane
305 4101 369 4166 nisi
385 4102 496 4186 legum
524 4107 770 4172 definitionibus
799 4108 876 4174 linis
906 4124 990 4176 esset
1006 4115 1183 4198 impositus,
1215 4137 1379 4200 propemo-

72 4207 149 4272 dum
165 4210 199 4274 in
224 4210 354 4290 incerto,
382 4223 439 4276 ant
464 4214 580 4280 saltem
604 4216 686 4280 inter
706 4217 922 4281 contradictus
942 4221 1112 4302 opiniones
1135 4221 1379 4292 fluctuaremus.

15 4363 16 4386 ,
74 4317 216 4400 Antiqua
229 4329 280 4382 est
303 4317 344 4382 de
370 4320 493 4387 viribus
518 4324 705 4406 nuptiarum
730 4337 802 4409 post
829 4338 940 4392 votum
962 4329 1179 4394 continentiae
1202 4343 1379 4397 contracta·

71 4441 143 4490 rnnr
172 4427 399 4516 oonuoversie3
429 4449 507 4496 narn
537 4432 588 4496 vel
618 4434 681 4518 ipsi
706 4447 828 4504 veteres
858 4435 1027 4502 Ecclesiae
1058 4440 1168 4502 Patres
1194 4440 1329 4510 diversis
1343 4447 1378 4511 in
