3168 4982
395 363 407 376 “
494 370 511 408 Ι

171 500 239 567 268
531 517 774 566 nrsssarsrro
788 477 947 580 661661,
969 517 1047 566 car.
1070 495 1142 564 tu.

173 640 286 708 eodem
301 639 346 704 rei
361 657 449 720 suae,
464 649 497 704 et
511 639 694 705 reddendae
709 641 786 705 ritae
802 640 934 705 rationis
949 638 1105 724 pertentet
1127 638 1147 702 1.
1165 639 1214 704 16.
1229 637 1263 704 ff.
1278 637 1324 702 de·
1333 637 1484 722 sponsal.

172 747 212 815 Id
226 767 340 812 rerum
355 758 411 828 est,
426 748 526 812 etiarn
551 748 578 811 si
593 747 684 812 liberi
698 759 807 812 essent
822 747 977 830 adoptivi,
997 745 1175 810 dnmmodo
1190 765 1256 813 non
1270 745 1484 830 emancipati,

172 869 231 923 aut
245 857 410 922 naturales
425 857 500 921 aiiis
525 861 558 920 in
574 857 780 941 adoptionem
795 857 872 938 dati,
898 857 919 921 1.
935 859 986 922 66.
1003 861 1025 926 6.
1041 859 1079 938 6.,
1096 859 1171 922 617.
1188 857 1219 922 6.
1240 859 1280 922 de
1296 858 1360 924 ritu
1373 869 1482 942 nupt,

172 967 341 1038 autetiam
356 966 384 1030 si
410 977 556 1030 mortuus
572 975 657 1028 esset
670 975 768 1049 pater,
795 977 826 1030 et
841 965 899 1028 fiiii
914 963 967 1032 661
993 963 1148 1028 haeredes
1176 965 1259 1050 patri
1284 975 1402 1044 essent,
1425 965 1484 1030 661

170 1075 369 1141 haereditate
384 1085 516 1158 paterna
541 1074 781 1153 abstinuissent,
796 1075 838 1140 ob
852 1093 976 1156 graves,
1003 1093 1087 1156 quae
1102 1071 1227 1138 fraudis
1247 1094 1318 1138 esse
1333 1085 1486 1160 possum,
1579 1053 1580 1114 1

172 1186 285 1251 dolive
294 1186 504 1274 suspiciones,
530 1185 551 1250 l.
567 1187 617 1250 67.
643 1185 676 1248 ff.
692 1185 732 1248 de
759 1185 821 1285 ritu
836 1195 926 1268 nupt
969 1185 1075 1250 Immo
1085 1195 1121 1256 ‚et
1137 1185 1365 1265 iureconsulti,
1390 1185 1485 1268 quod
1579 1219 1580 1224 1

172 1289 213 1356 de
229 1293 297 1358 6116
311 1292 431 1372 tutoris,
446 1291 499 1354 661
514 1291 668 1354 curatoris
683 1283 926 1370 statutum⁰suit,
947 1301 1034 1356 recta
1049 1291 1308 1374 interpretatione
1323 1290 1366 1354 ad
1381 1309 1482 1374 nepo·
1579 1285 1580 1290 ’

171 1415 220 1472 tes
234 1403 458 1483 extenderunt,
486 1401 506 1465 l.
523 1401 573 1466 69.
589 1400 622 1466 ff.
638 1401 708 1464 eod.
724 1395 1002 1486 quemadmodum
1016 1411 1048 1466 et
1062 1401 1104 1466 ad
1119 1401 1249 1466 libertos
1270 1411 1414 1466 tutorum
1429 1421 1483 1466 eo·

170 1511 330 1593 rumdem,
344 1512 397 1576 661
412 1521 606 1591 curatorum,
633 1510 653 1574 1.
669 1509 731 1589 37,
745 1523 777 1574 et
791 1512 842 1576 66.
867 1513 888 1578 6.
907 1513 934 1574 1.
951 1511 985 1576 ff
998 1511 1079 1594 eods
1096 1512 1191 1594 quasi
1205 1521 1320 1578 contra
1331 1511 1486 1580 officium
1579 1571 1580 1598 ,

170 1614 357 1694 libertorum
370 1627 462 1696 esset,
489 1615 645 1680 adversus
662 1625 811 1700 patronos
826 1617 937 1680 uxoris
963 1619 1093 1682 nomine
1109 1637 1203 1700 agere
1224 1637 1325 1684 causa
1344 1617 1488 1684 redden·
1579 1601 1580 1654 1

170 1725 232 1792 dac
247 1725 387 1805 rationis;
403 1724 481 1788 item
495 1722 537 1787 ad
553 1733 722 1788 extraneos
736 1741 962 1806 quoscumque
976 1722 1141 1805 haeredes,
1157 1723 1240 1790 164.
1257 1728 1280 1794 6
1299 1727 1329 1790 1.
1345 1725 1381 1790 ff.
1396 1727 1485 1810 eod,
1579 1777 1580 1822 ,

169 1835 301 1918 insuper
315 1831 358 1896 ad
382 1842 507 1916 patrem
522 1831 642 1913 tutoris,
668 1831 721 1896 vel
735 1832 900 1912 curatoris,
926 1841 1023 1914 atque
1038 1831 1082 1895 ad
1107 1832 1219 1898 fratres
1244 1833 1307 1897 snb
1334 1845 1489 1918 paterna,
1579 1827 1580 1840 ¹

164 1947 239 2032 pua
252 1961 329 2006 cum
344 1951 447 2006 tutore
462 1961 500 2004 ac
515 1951 660 2004 curatore
674 1951 830 2024 potestate
848 1939 1049 2026 constitutos,
1070 1942 1090 2005 1.
1106 1943 1157 2008 67.
1174 1945 1196 2010 6.
1212 1943 1252 2024 2.,
1268 1954 1299 2007 et
1313 1943 1343 2008 3.
1358 1943 1392 2008 ff.
1407 1943 1490 2010 eod.
1579 1945 1580 1970 ¹

170 2050 246 2118 Non
260 2069 337 2114 vero
350 2049 493 2132 idipsum
517 2046 729 2112 statuendum
742 2046 805 2112 suit
819 2047 859 2110 de
886 2047 955 2112 6116
970 2050 1095 2130 tutoris,
1118 2051 1171 2114 661
1186 2057 1340 2116 curatoris
1362 2055 1487 2137 nuptui

170 2153 361 2224 collocanda
375 2155 506 2238 pupillo,
522 2154 575 2218 vei
589 2153 798 2237 adolescenti,
820 2175 926 2239 neque
941 2158 1029 2222 enim
1044 2158 1075 2222 id
1092 2157 1409 2241 impedimentossse
1423 2181 1487 2245 po-

172 2265 458 2354 terat,¹qucminus
473 2266 554 2326 ratio
569 2263 858 2328 administrationis
873 2263 963 2328 reddi
978 2263 1154 2344 commode,
1172 2273 1211 2328 et
1223 2265 1416 2350 postularia
1431 2278 1490 2332 tu·-
1579 2255 1580 2332 }

172 2386 247 2454 tore,
261 2373 315 2438 661
341 2383 486 2438 curatore
500 2371 630 2453 valeret,
657 2373 678 2436 1.
693 2372 745 2438 64·
764 2375 785 2440 6.
801 2374 830 2437 2.
857 2371 890 2438 ff.
916 2373 995 2454 eod,
1011 2374 1032 2436 1.
1049 2375 1078 2438 5.
1094 2373 1167 2438 666.
1180 2373 1221 2438 (16
1236 2374 1350 2440 interd.
1374 2385 1488 2458 matu,
1579 2375 1580 2382 '

170 2479 451 2569 quemadmodum
466 2499 572 2564 neque
583 2479 725 2564 idipsum
741 2492 904 2565 receptum
919 2481 981 2546 snit
996 2481 1037 2559 de
1053 2493 1153 2548 matre
1167 2460 1490 2568 66611166661666-
1579 2515 1580 2534 1

170 2589 321 2678 iescentis
336 2591 442 2671 tutori,
456 2589 508 2656 661
523 2591 660 2654 curatori
676 2601 826 2674 nuptura,
842 2591 863 2654 1.
878 2591 909 2654 2.
924 2591 996 2656 666.
1012 2590 1053 2654 de
1067 2591 1180 2656 interd.
1202 2594 1353 2674 matrim,
1362 2595 1488 2680 juncta
1579 2573 1580 2614 1

171 2699 194 2765 l.
209 2699 268 2764 uit.
283 2701 355 2764 cod.
380 2699 421 2762 de
446 2713 583 2786 contrat.
603 2699 674 2784 jud.
689 2709 748 2764 tut.
792 2697 905 2766 Sedet
929 2701 1110 2766 notandum
1130 2713 1188 2783 est,
1215 2703 1362 2786 reguiam
1386 2705 1488 2772 illam

172 2809 355 2894 generalem
370 2819 499 2890 certam,
525 2819 557 2872 et
571 2808 770 2892 probabilem
796 2807 950 2872 habuisse
964 2811 1196 2894 exceptionem,
1223 2811 1372 2876 videlicet
1390 2813 1427 2878 in
1440 2833 1489 2878 66
1579 2897 1580 2902 ¹

172 2919 287 3004 specie,
314 2939 380 3002 qua
394 2929 542 3001 ageretur
556 2917 597 2982 de
612 2917 744 3000 pupilla,
769 2917 822 2980 vel
838 2918 961 2982 minore
985 2925 1109 3002 epatre
1124 2905 1286 3002 desponsa
1300 2921 1404 3001 tutori,
1426 2921 1489 2986 661
1579 2991 1580 3010 ,

172 3027 321 3106 curatori,
335 3044 488 3090 eorumve
503 3023 580 3104 filio,
603 3023 623 3088 1.
639 3023 699 3102 36,
716 3023 860 3088 staats.
877 3023 917 3086 de
933 3025 994 3086 ritu
1010 3035 1110 3110 nupt,
1126 3025 1147 3088 1.
1163 3027 1195 3090 6.
1215 3025 1287 3090 cod.
1309 3026 1350 3090 de
1364 3027 1490 3092 interd.
1579 3013 1580 3062 t

173 3131 322 3212 matrim,
345 3130 505 3214 siquidem
520 3142 690 3212 paternum
706 3127 900 3212 praecedens
916 3131 1097 3211 consilium,
1120 3131 1208 3214 quod
1222 3131 1395 3198 liberorum
1409 3155 1491 3220 gra·
1579 3143 1580 3172 1

174 3240 220 3304 tia
234 3241 382 3304 omnium
396 3240 554 3322 optimum
580 3239 890 3322 essepraesumitur,
916 3248 948 3302 et
961 3240 1105 3322 generali
1130 3240 1241 3326 legum
1258 3241 1487 3326 providentiae
1579 3291 1580 3302 ,

174 3350 357 3431 antefertur,
383 3349 537 3414 liberabat
552 3359 697 3438 tutorem,
719 3369 763 3440 ¹uc
778 3360 957 3414 curatorem
971 3355 992 3416 6
1008 3369 1217 3434 quaqumque
1231 3349 1306 3433 doli,
1323 3353 1485 3430 661666·
1579 3397 1580 3434 i

92 3445 96 3454 ⁸
173 3459 225 3526 dis
240 3459 433 3544 suspicione,
458 3457 572 3522 eodem
587 3457 684 3522 modo
698 3477 763 3540 quo
778 3457 852 3522 licet
866 3469 994 3538 tutores,
1019 3468 1052 3521 et
1066 3465 1229 3522 curatores
1256 3457 1413 3522 satisdare
1428 3479 1487 3544 ge-
1579 3439 1580 3470 ³

174 3567 323 3652 neraliter
336 3585 378 3630 ex
394 3565 475 3648 legis
489 3565 683 3649 praescripto
697 3577 893 3648 cogerentur,
917 3577 1026 3630 tamen
1042 3563 1248 3630 relaxabatur
1262 3567 1296 3630 in
1310 3567 1373 3632 hac
1388 3579 1490 3652 perte
1579 3563 1580 3628 1

19 3685 21 3688 ’
85 3757 88 3762 ¹
174 3676 255 3760 legis
270 3676 361 3758 rigor,
387 3675 443 3740 ubi
458 3685 629 3758 paternum
643 3673 786 3738 officium
802 3677 920 3756 tutoris,
945 3675 998 3740 vel
1013 3675 1167 3740 curatoris
1188 3677 1292 3758 gratia
1305 3677 1489 3742 intercede-
1579 3641 1580 3692 ³

175 3784 239 3866 bat,
256 3788 278 3853 6.
296 3785 438 3849 l.·instit.
463 3783 505 3847 de
520 3783 665 3848 satisdat.
680 3793 738 3848 tut
795 3783 920 3849 Similis
947 3781 1179 3867 propemodum
1205 3785 1352 3867 exceptio
1374 3795 1425 3849 est
1438 3786 1490 3850 ob

175 3913 311 3960 eattsam
324 3882 477 3978 paternae
492 3893 682 3958 adfectionis
706 3892 740 3956 in
755 3893 861 3976 specie
877 3891 956 3976 legis
985 3892 1036 3956 67.
1054 3893 1081 3959 6.·
1094 3891 1122 3954 l.
1137 3889 1171 3956 ff.
1197 3891 1238 3956 de
1253 3891 1315 3956 ritu
1330 3893 1486 3975 mtptiar.,
1579 3905 1580 3978 g

173 4001 209 4064 in
223 4020 291 4084 qna
304 4001 548 4085 proponebatur,
573 4019 675 4064 artam
689 4000 825 4064 tutelam
850 4001 988 4084 gessisse
1003 3999 1107 4084 neptis
1132 4019 1175 4064 ex
1190 3998 1258 4063 6116
1272 4001 1485 4084 emancipato
1579 4015 1580 4088 ᾗ

175 4121 280 4189 natae,
305 4121 337 4176 et
351 4109 532 4192 definitum,
558 4111 699 4194 potuisse
713 4129 814 4174 avum
841 4119 979 4174 tutorem
1002 4107 1153 4174 eamdem
1177 4117 1307 4193 neptem
1321 4109 1486 4176 collocare

173 4220 282 4306 nepoti
296 4240 339 4284 ex
353 4219 453 4284 altero
467 4219 543 4301 fitis,
559 4219 628 4284 sive
642 4219 854 4302 emancipato,
870 4220 938 4280 sive
948 4217 1092 4280 manenti
1107 4215 1141 4280 in
1152 4225 1316 4300 potestate,
1331 4215 1411 4298 quia
1421 4234 1488 4298 per

173 4325 364 4398 adfectionis
385 4349 486 4396 causa
501 4329 717 4412 suspicionem
732 4325 855 4392 fraudis
870 4325 1051 4390 amovebat.
1094 4323 1292 4394 Quaesitum
1314 4336 1485 4408 practerea

171 4439 242 4520 tuit,
257 4459 301 4508 an
314 4438 474 4524 generalis
499 4435 613 4522 regula
626 4435 743 4513 locum,
756 4433 891 4500 baberet
904 4435 1002 4500 etiam
1027 4432 1061 4498 iu
1077 4429 1147 4496 6116
1160 4419 1312 4516 66611166,
1333 4428 1387 4492 661
1401 4427 1486 4494 ado·
1579 4413 1580 4492 ἶ

173 4548 332 4629 incentis,
356 4567 441 4634 quaa
455 4547 586 4632 nuptias
600 4555 805 4612 contractura
827 4553 913 4610 esset
924 4561 1002 4608 cum
1016 4551 1128 4622 tutore,
1154 4549 1187 4604 et
1199 4547 1345 4604 curatore
1363 4546 1485 4603 mater-
