3210 4990
236 392 284 437 na
308 393 476 438 rnaarcrs
498 393 634 444 ronnas
658 395 888 448 mammem
904 400 1292 448 nannnrra‘rrcrsraus.
1353 385 1417 452 w

150 511 364 578 Concludunt
377 515 488 580 Patres
509 515 706 598 Tridentini,
729 519 758 584 si
781 519 959 602 aliqnando
967 523 1140 606 probabilis
1154 521 1249 592 inerit
1262 531 1417 626 suspicio,

109 621 351 700 matrimonium
367 625 525 690 malitiose
546 627 693 710 impediri
707 647 806 711 passe,
833 629 861 692 si
882 640 928 694 tot
953 635 1183 714 praecesserint
1197 637 1416 713 denuntiatio·

108 749 172 810 nee,
188 731 354 798 ordinarii
368 734 565 816 prudentiae,
581 747 613 798 et
632 734 755 820 judicio
776 735 923 820 relinqui,
940 737 994 802 vel
1017 757 1119 804 unam
1133 751 1261 810 tentum
1275 767 1333 831 pro
1346 771 1415 820 om.

107 841 202 906 nibrrs
231 841 513 910 denuntiationem
537 842 721 910 faciendam
744 843 895 924 indicere,
921 843 974 910 vel
997 845 1187 930 permittere,
1212 861 1249 916 ut
1270 855 1413 937 primum

103 952 318 1018 contrahatur
342 953 375 1017 in
412 951 580 1017 Ecclesiae
614 963 790 1036 conspectu
824 953 1019 1038 conjuginm,
1056 953 1175 1021 deinde
1209 959 1252 1024 ad
1286 961 1414 1030 denna.

107 1061 256 1124 tiatiorm
288 1073 365 1126 ante
396 1061 712 1144 constmnnetionem
741 1061 937 1126 matrimonii
965 1059 1166 1144 devenimus,
1195 1066 1247 1130 vel
1276 1067 1413 1138 demum

104 1169 239 1232 omnino
258 1174 280 1232 e
302 1167 602 1232 denuntiationibus
623 1166 820 1250 dispensare.
863 1165 922 1234 Fut
945 1166 997 1232 his
1021 1168 1128 1235 multa
1151 1163 1357 1256 colliguntt'm
1379 1185 1413 1242 at

104 1275 357 1360 primoquidem
370 1275 511 1358 adparet,
528 1274 699 1340 Ordinatio
724 1289 913 1340 cencessum
928 1283 1057 1341 tanturn
1071 1273 1172 1340 tuisse
1186 1275 1413 1354 facultatemd

105 1379 405 1448 denuntiationibus
432 1381 651 1464 dispensandi,
677 1381 730 1446 rel
755 1383 789 1446 iu
815 1393 942 1464 tempus
968 1382 1163 1452 matrimonii
1188 1389 1343 1454 contracti
1357 1389 1413 1456 de·

103 1487 324 1557 nuntiationes
340 1487 518 1570 differente
535 1504 601 1552 non
626 1505 705 1554 ucrc
726 1488 808 1552 elias
831 1487 1028 1556 immutandi
1051 1487 1336 1560 denunneticnum
1349 1495 1410 1568 ior.

103 1619 202 1678 marn,
216 1611 254 1664 ut
267 1619 319 1664 ex.
335 1620 380 1681 gr.
397 1599 478 1664 fiant
503 1599 763 1666 denuntiationes
787 1609 878 1667 extre
902 1599 1103 1678 Paroohiam,
1119 1601 1173 1664 rel
1188 1601 1303 1670 diebus
1317 1605 1409 1676 ierim

104 1711 154 1776 tis
195 1709 357 1776 Secundo
384 1719 484 1774 totam
511 1710 597 1776 lianc
626 1709 901 1790 dispensationem
926 1709 968 1776 ab
992 1707 1164 1777 Ordinatio
1186 1713 1333 1795 pendere,
1361 1717 1410 1784 ui.

104 1819 215 1901 hiique
230 1832 397 1904 propterea
422 1817 558 1882 Perochi
586 1819 682 1882 unius
708 1817 838 1882 arbitrio
861 1835 1054 1882 muccosum
1078 1816 1188 1898 luisse,
1213 1841 1292 1886 cum
1313 1825 1409 1890 Pem-

102 1928 185 1994 ehus
200 1928 288 1992 ineo
304 1923 497 1992 Tridentino
522 1926 649 1990 decreto
673 1942 736 1992 non
762 1923 872 1988 veniat
894 1923 1026 1990 nomine
1052 1923 1226 2007 Ordinatii,
1250 1929 1351 1996 nnnc
1374 1944 1409 2000 et

99 2039 135 2103 in
148 2036 267 2102 eodem
280 2036 386 2118 capite
402 2035 430 2100 1.
445 2050 597 2115 expresse
611 2031 798 2099 Tridentini
822 2032 934 2101 Patres
957 2033 1141 2101 Parentum
1167 2037 1209 2102 eb
1235 2039 1407 2108 Ordinatio

100 2143 317 2220 distinxerint,
342 2143 463 2212 etenim
484 2139 564 2210 dum
589 2139 672 2206 inita
696 2149 939 2218 constituerunt,
963 2140 1219 2212 benedictionem
1244 2149 1407 2216 matrimo-

99 2255 220 2322 nialem
235 2273 307 2316 esse
321 2259 344 2318 a
358 2252 482 2334 proprio
504 2265 695 2333 sponsorum
716 2249 863 2314 Perochc
888 2250 1069 2330 petendam,
1084 2251 1286 2336 addiderunt,
1301 2278 1406 2344 neptes

99 2371 121 2428 d
134 2381 312 2446 quenquam,
328 2359 397 2448 uici
406 2359 445 2424 ab
456 2359 529 2442 ipse
542 2357 700 2434 Peraean,
711 2358 762 2422 cel
773 2355 814 2421 alr
829 2356 1010 2422 mommio
1021 2359 1189 2426 licentiosa
1201 2363 1246 2431 ad
1252 2370 1406 2449 praedie-

99 2467 640 2551 tnoadenedictiouemsoeieodosn
653 2467 715 2532 olii
737 2463 908 2534 Smodcu·
922 2466 1050 2536 concedi
1070 2487 1174 2550 posce.
1217 2469 1329 2540 Tertio
1342 2490 1405 2559 agn

97 2601 162 2646 non
177 2579 302 2658 dubito,
317 2579 397 2659 quin
407 2575 604 2659 dispensatio
618 2574 753 2641 obtineri
761 2575 835 2658 jure
848 2573 949 2655 possit
963 2580 983 2638 a
998 2574 1125 2638 Vicanio
1141 2577 1293 2662 Episcopi
1308 2602 1404 2664 gene,

97 2691 165 2770 tali,
178 2685 359 2753 dummodo
374 2686 406 2750 in
424 2685 521 2752 literis
536 2685 721 2750 Vicetiatus.
731 2702 804 2748 earu
820 2680 1009 2751 facultatem
1029 2685 1089 2750 sibi
1104 2703 1254 2768 expresse
1269 2690 1405 2771 Episco-

4 2775 5 2784 ἵ
97 2812 242 2880 ρυείιοη
256 2794 476 2860 reservaverit.
517 2791 638 2858 Etenin
653 2791 687 2854 in
711 2789 905 2857 Tridentino
931 2788 1077 2852 Concilio
1091 2791 1222 2855 nornine
1237 2792 1402 2867 Ordinarii

97 2927 161 2974 uon
174 2905 361 2970 excluditur
376 2903 523 2968 vicarius
535 2901 691 2985 Episcopi
703 2900 871 2983 genereus,
884 2911 991 2982 utpote
1006 2901 1063 2981 qui
1079 2919 1145 2966 una
1159 2905 1401 2984 quodammodo

96 3005 233 3099 persona
246 3034 324 3077 cum
339 3011 510 3076 Ordinatio
524 3013 594 3094 ipso
607 3020 765 3088 censetur,
780 3021 812 3072 et
826 3009 976 3076 eandem
993 3010 1248 3094 jurisdictionem
1263 3029 1403 3082 exercet.

95 3123 269 3207 Quidquid
305 3124 393 3188 enim
424 3121 459 3186 in
495 3141 572 3186 sess.
609 3121 659 3186 tt
697 3137 767 3201 cap.
804 3119 827 3181 6
864 3117 905 3185 de
937 3117 1021 3197 Rei,
1047 3120 1179 3201 quando
1214 3123 1399 3195 Concilium

95 3237 327 3302 Tridentinum
352 3247 474 3298 certam
499 3231 688 3297 obsolvendi
703 3230 893 3296 notrltntem
907 3229 1149 3298 concadentium
1158 3232 1401 3316 Episcopisuc-

95 3347 162 3428 luit,
176 3365 245 3410 non
260 3345 389 3408 illorum
399 3339 543 3421 vicariis,
558 3337 707 3423 express'c
722 3337 755 3402 id
779 3339 867 3402 cavit
880 3339 915 3402 in
929 3339 996 3404 illis
1024 3339 1138 3406 verbis:
1163 3341 1231 3408 Eia
1254 3351 1400 3426 tantem,

94 3479 157 3524 acc
184 3479 301 3522 eorum
335 3455 475 3519 Victoriis
502 3455 550 3516 sit
569 3453 812 3537 permisceant
835 3451 964 3520 Quarto
992 3451 1122 3516 nomine
1151 3451 1401 3524 Ordinationrnn

94 3567 309 3647 intelligemus
324 3565 421 3627 etiam
437 3581 499 3642 eos,
515 3563 571 3644 qui
586 3559 744 3644 Episcopi
756 3578 823 3636 non
846 3567 930 3638 sum,
957 3558 1138 3624 dummodo
1161 3563 1326 3642 gattdeant
1344 3567 1398 3650 ju·

93 3676 274 3741 riedictions
287 3673 380 3754 qttosi
397 3670 591 3754 Episcopali,
608 3681 640 3732 et
654 3670 727 3748 sint,
742 3680 777 3732 nt
792 3668 991 3750 Pragtrrats'ei
1010 3680 1140 3748 vocant,
1161 3671 1286 3738 nullius
1310 3675 1401 3746 dioc.-¹

93 3785 177 3864 cesis,
207 3784 262 3846 isti
288 3783 375 3844 crsirn
402 3779 525 3863 proprie
548 3777 792 3842 Ordinsricrutn
816 3777 913 3840 etiam
939 3775 1073 3845 nornine
1097 3777 1311 3859 appellantur.
1354 3783 1394 3854 ld

93 3903 197 3956 nmen
222 3909 339 3954 verum
363 3900 420 3968 est,
448 3889 477 3950 si
499 3887 604 3950 verbis
629 3883 817 3949 Tridentini
840 3885 979 3950 Consilii
1003 3893 1135 3952 tantum
1158 3887 1402 3978 inhaerendum.

92 4001 135 4064 sit.
180 4002 355 4064 Caeterum
377 4013 488 4060 recens
513 3993 686 4078 disciplina
708 3992 798 4056 aliud
824 3993 957 4071 invexit,
984 3991 1104 4074 quibus
1129 3993 1164 4057 in
1190 3993 1274 4059 locia-
1289 4011 1400 4076 rooepq

93 4106 281 4170 uetuerunt
293 4103 568 4186 Pragmaticcrum
577 4099 1397 4184 traditionesTribunalinmpuoejudieiitounfirma—

93 4223 147 4276 tce.
169 4215 298 4286 Quinto
312 4211 480 4294 colligitur,
496 4229 562 4274 non
574 4210 667 4274 aliter
677 4211 720 4273 ab
734 4209 905 4274 Ordinatio
932 4209 1257 4280 deveniendumesse
1273 4211 1314 4282 ed
1330 4211 1399 4282 diss

4 4395 5 4410 χ
93 4323 306 4399 pausationem
324 4317 617 4417 denuntiationum,
642 4321 784 4401 unanimi
796 4320 970 4403 metae-an
986 4320 1167 4405 probabiles
1181 4320 1399 4410 tlispotfflondi,
1445 4351 1453 4360 ³

4 4447 5 4504 t
92 4445 202 4494 musae
218 4429 347 4506 incunt
388 4428 483 4492 Anae
499 4447 574 4492 rere
588 4428 670 4492 istae
698 4426 884 4512 prebendae
907 4437 1002 4496 emat
1018 4429 1185 4516 intuma
1208 4430 1402 4514 jadertinae
