3168 4982
279 397 325 444 ne
346 395 477 456 66666,
500 397 543 442 ac
565 394 876 454 concurreramus
899 393 1156 440 consecraneus.
1304 373 1365 445 281

92 517 250 596 16666611
266 519 319 582 10.
335 521 356 586 1.
371 519 401 582 3.
416 517 447 582 ff.
464 517 619 582 mandati.
663 517 755 580 Haec
770 517 850 580 ratio
864 527 939 594 erat,
958 535 1057 598 quare
1072 517 1195 600 passim
1210 533 1367 616 parentes,

92 625 263 708 adquorum
277 629 480 712 potissimum
494 626 636 691 officium
652 627 830 712 pertinebat
845 625 930 690 filias
945 627 978 690 in
993 625 1180 710 conjugium
1192 625 1276 707 dare,
1291 647 1369 692 666-

29 735 30 738 ’
93 736 313 820 aretincndaa,
339 755 398 800 nec
413 734 615 800 abdicandae
640 736 762 818 patriae
777 712 1111 818 poteslatiscurarcnt,
1139 747 1174 798 ut
1189 735 1368 802 filiaefami·

92 840 140 906 lias
152 862 210 910 nott
229 847 444 932 jungerentur
468 854 525 908 aut
546 842 641 924 sarra,
656 853 714 908 661
738 843 945 926 coemptione,
974 843 1031 906 sed
1057 863 1129 926 usn,
1154 864 1252 928 quem
1270 846 1368 914 eriam

92 948 252 1020 idemtidem
266 953 548 1040 interrumpebant,
564 961 754 1034 argumente
768 953 787 1015 l.
806 954 832 1016 1.
851 956 871 1020 l.
888 955 917 1016 5.
933 951 964 1016 ff.
981 953 1021 1018 de
1036 953 1122 1018 liber.
1139 953 1256 1031 exhib,
1278 955 1299 1018 l.
1317 955 1366 1020 11.

91 1059 145 1124 eod.
157 1060 193 1127 (16
206 1064 337 1146 nuptiis,
363 1082 404 1126 ne
420 1081 501 1126 uxor
517 1071 745 1153 usucaperetur
769 1062 928 1140 amarito,
955 1071 987 1122 et
1001 1061 1034 1123 in
1051 1061 1156 1124 mariti
1178 1072 1367 1144 potestatem
1462 1138 1468 1150 ¹

91 1171 283 1264 dedirperetur.
327 1176 425 1246 Quae
438 1173 549 1242 omnia
572 1191 647 1255 epm
664 1171 772 1236 minus
796 1172 931 1235 honesta
945 1181 1060 1252 essent,
1087 1173 1155 1236 sive
1170 1174 1256 1255 qnod
1274 1173 1367 1238 facile

90 1280 215 1364 conjugia
237 1281 472 1368 dirimerentur,
498 1291 554 1348 aut
583 1281 786 1346 turbarentur
812 1291 948 1366 paterna
975 1285 1150 1360 voluntate,
1181 1283 1249 1346 sive
1278 1280 1366 1366 quod

89 1385 205 1466 clam-et
218 1391 320 1457 veluti
335 1389 447 1463 furtim
461 1389 611 1478 conjugia
626 1389 746 1468 fierent,
762 1389 899 1468 Praetor,
927 1391 973 1454 uti
989 1377 1144 1472 superius,
1160 1388 1365 1474 adnotabam,

88 1507 185 1560 utram
199 1497 407 1586 disciplinam
421 1497 461 1564 (16
476 1498 634 1583 conjugiis
648 1497 876 1564 contrahendis
892 1497 1027 1580 induxit,
1044 1517 1109 1580 qua
1125 1498 1221 1578 fieret,
1239 1509 1274 1561 ut
1288 1492 1366 1563 hinc

89 1604 202 1668 maritali
217 1605 342 1684 honeri,
357 1625 396 1671 ac
411 1605 566 1689 potestati,
583 1605 672 1670 illinc
687 1605 836 1688 potestati
853 1605 955 1668 vetiarn
971 1615 1122 1688 paternae
1137 1606 1378 1673 consuleretur·

88 1707 156 1776 llam
168 1715 286 1781 omissa
301 1725 406 1803 vetere
420 1713 558 1794 formula
579 1713 835 1800 mancipationis,
859 1736 942 1798 quae
960 1690 1151 1778 rerrditionis
1175 1719 1273 1780 instar
1288 1726 1363 1800 erat,

87 1819 249 1902 simpliciter
263 1821 351 1890 iacta
365 1805 425 1893 snit
439 1826 608 1911 conventio
623 1825 657 1890 in
673 1843 809 1889 rtranurn
836 1826 895 1886 viri
907 1827 977 1908 J'ure
992 1826 1161 1888 honorario
1175 1827 1364 1906 consistens,

86 1944 129 1990 666
141 1931 293 2012 praetoris,
304 1927 559 1997 solemnitatibus
576 1914 758 2010 constituta,
772 1923 891 2014 unibus
908 1929 1004 2012 fieret,
1032 1944 1067 1996 nt
1082 1934 1302 2024 (6666666616,
1321 1953 1365 1995 re·

85 2053 199 2120 1166666
216 2041 404 2128 naeniarum
417 2041 575 2124 possessio
591 2041 624 2102 in
641 2043 792 2104 maritum
809 2040 1036 2121 transferretur,
1060 2063 1123 2106 uon
1139 2043 1296 2108 directum
1312 2043 1366 2106 do·

84 2145 210 2226 minium,
220 2151 284 2234 jtrs,
301 2160 356 2212 aut
372 2161 520 2232 potestas,
536 2170 620 2235 quac
636 2169 736 2232 penes
753 2161 874 2230 patrem
890 2171 931 2212 ex
941 2153 1013 2232 jure
1028 2151 1207 2224 Quiritium
1224 2170 1365 2214 remane·

84 2254 132 2336 bat,
146 2259 162 2321 1.
177 2260 228 2322 20.
244 2259 276 2322 11.
293 2259 335 2322 ad
351 2258 410 2344 leg.
426 2259 446 2322 J
449 2257 490 2322 61.
507 2259 545 2322 de
562 2259 707 2340 adulter,
733 2272 804 2322 tum
819 2279 892 2320 vero
906 2260 1030 2342 proprie
1046 2259 1142 2324 locari
1169 2259 1236 2321 filia
1251 2261 1365 2327 marito

83 2345 444 2460 dicebaturhactionibus
471 2381 598 2432 tantum
626 2369 759 2436 utilibus
777 2369 810 2431 iu
837 2387 912 2431 curn
938 2369 1108 2452 translatis,
1136 2388 1199 2430 non
1218 2369 1307 2446 tradi,
1333 2377 1366 2432 et

82 2477 249 2556 mancipari.
294 2455 381 2538 Hinc
395 2476 503 2556 quoad
518 2489 619 2538 certos
629 2479 711 2560 juris
727 2473 859 2564 effectus
877 2477 1044 2540 videbatur
1073 2498 1153 2542 uxor
1175 2480 1208 2542 in
1223 2493 1363 2562 paterna,

81 2584 170 2662 quoad
185 2585 264 2649 alios
288 2585 321 2644 in
337 2584 441 2646 ruariti
467 2595 632 2666 potcstate3
659 2605 764 2666 neque
779 2588 877 2650 eninr·
893 2587 1101 2676 repugnabat,
1126 2587 1227 2652 filiam
1243 2587 1365 2670 duplici

77 2689 135 2770 jure
148 2695 268 2778 censeri
283 2677 318 2758 id
333 2693 469 2777 diversis
484 2695 599 2778 666616,
616 2671 730 2783 eodem
744 2693 807 2756 iere
823 2695 926 2777 modo,
943 2715 1007 2776 quo
1022 2707 1053 2757 et
1068 2693 1205 2778 duplicis
1215 2697 1297 2778 juris
1313 2716 1364 2778 pe·

81 2800 185 2865 eniinrn
201 2822 271 2866 esse
286 2813 413 2889 6616661Ι
421 2780 521 2884 penes
537 2783 675 2881 serrum,
692 2801 712 2863 l.
731 2803 778 2865 19.
797 2807 817 2870 l.
837 2803 862 2864 i.
879 2801 911 2866 ff.
927 2803 967 2865 de
982 2805 1116 2886 peculia,
1136 2815 1167 2868 et
1182 2803 1301 2888 duplici
1313 2807 1363 2890 ju-

80 2913 218 2974 revenire
233 2921 467 3000 paternitatem
482 2909 636 2980 adversus
662 2920 901 3000 testamentum,
930 2909 1062 2973 12211.
1080 2909 1120 2974 de
1141 2911 1201 2990 his,
1228 2931 1311 2992 quae
1329 2921 1364 2974 ut

80 3015 213 3102 indiguis.
252 3021 305 3086 En
320 3038 464 3118 carmpm,
479 3039 578 3118 qppare
594 3019 675 3082 tradi
691 3019 807 3112 deinde
822 3021 969 3104 coeperim
986 3038 1119 3082 uxorem
1135 3019 1177 3081 ad
1194 3027 1363 3100 utramque
1396 3055 1401 3062 ·

78 3125 227 3217 iamiiiam,
240 3144 410 3217 paternam
425 3130 552 3212 scilicet,
579 3141 609 3192 et
624 3129 803 3218 maritalem
819 3133 983 3214 pertinere,
1010 3129 1029 3193 l.
1048 3131 1073 3194 1.
1091 3129 1122 3193 ff.
1141 3133 1188 3196 15.
1204 3129 1238 3192 ff:
1252 3131 1290 3196 ad
1309 3132 1364 3220 Se·

78 3241 239 3305 ruccas.
266 3237 510 3328 61166..,11666
535 3238 645 3300 omnia
671 3249 878 3300 6166666616
904 3237 1155 3320 distinguantur,
1176 3235 1364 3301 observatur

73 3348 174 3432 primo,
186 3349 285 3434 iniis,
300 3368 386 3432 quae
401 3325 598 3414 matrimonii
612 3331 746 3412 causam
760 3347 895 3410 minime
910 3347 1106 3428 spectabant,
1123 3345 1290 3408 mulierem
1307 3347 1363 3408 ha-

77 3451 288 3544 menturae,
310 3469 467 3546 tanquam
480 3469 632 3542 paternae
654 3457 803 3540 potestati
829 3455 938 3520 adhuc
959 3457 1143 3520 obnoxiam.
1172 3457 1241 3524 ‚Sic
1257 3458 1364 3522 soluto

77 3569 265 3645 matrimonio
278 3569 475 3657 reincidebat
489 3567 558 3635 iiiia
572 3571 605 3635 in
619 3569 776 3664 integram
801 3569 900 3652 patris
916 3579 1114 3652 potestatem,
1128 3568 1221 3650 quasi
1236 3588 1363 3634 cessan-

76 3679 191 3760 1661111,
197 3689 232 3758 ‚ep
246 3678 403 3762 praetoria
416 3687 571 3768 potestate
586 3677 700 3758 mariti,
715 3688 805 3762 pater
819 3675 954 3762 pristina
968 3675 1096 3760 penitus
1107 3677 1181 3760 jura
1196 3695 1361 3760 recupera·

77 3796 121 3866 161
135 3791 303 3873 66166166
327 3807 488 3870 66666666
503 3788 603 3875 patris
627 3785 727 3854 vidua
753 3785 962 3850 filiafamilias
978 3805 1043 3850 non
1057 3795 1181 3872 poterat
1200 3783 1361 3852 secundas

77 3901 273 3986 nantissime
297 3897 493 3984 commanere,
520 3895 539 3961 1.
557 3897 605 3979 18.
620 3894 661 3962 11.
680 3895 720 3960 (16
734 3895 797 3983 ritu
822 3893 969 3978 nuptiar,
995 3888 1016 3958 l.
1032 3893 1062 3956 t.
1077 3893 1146 3956 cod.
1163 3892 1204 3956 de
1229 3891 1359 3976 nuptiis.

76 4001 120 4068 Sic
132 4009 229 4082 etiam
240 4007 413 4093 1111661616
426 4025 492 4070 666
507 4003 569 4073 1611
582 4003 722 4100 amplius
738 4004 925 4086 6661666666
941 4003 1062 4084 marito,
1085 4001 1142 4066 sed
1156 4003 1247 4088 patri,
1264 4003 1282 4064 l.
1301 3999 1360 4082 12,

76 4125 102 4178 61
114 4119 157 4182 11.
170 4119 240 4186 cod.
265 4094 554 4204 dooolimpuibus,
574 4135 778 4202 ,quamquam
796 4113 1145 4204 ⁴Praetorqnibusdam
1170 4135 1204 4180 ru
1220 4115 1359 4196 casibus,

77 4227 306 4314 uteqpqffiis
318 4226 434 4316 vptpris
448 4224 599 4310 reliquias
613 4233 825 4308 censervaret,
841 4224 997 4288 bonorum
1017 4207 1250 4308 possessionem
1267 4216 1361 4286 uxori

76 4332 338 4425 dederitimbppie
361 4333 1129 4426 ,161666666πί1116611661666616666,
1158 4335 1359 4422 ubinomine
1417 4398 1423 4410 ,
1459 4427 1462 4432 1
1553 4351 1554 4408 t

71 4439 441 4525 1666666666666
456 4446 653 4539 intelligitur,
667 4445 754 4531 qnod
764 4447 835 4535 jure
850 4447 1220 4597 prpetorioncpppgagcturo
1235 4443 1357 4528 inisset,

916 4550 974 4594 ou.
1049 4577 1055 4594 .
1144 4577 1150 4594 .
