3120 4980
204 403 247 469 tu
364 451 367 456 -
458 423 548 470 auus
564 425 692 486 aarum
713 425 957 472 praeunctum
971 427 1100 488 uuus,
1120 411 1258 477 crau.

247 546 414 615 Praeterea
427 563 505 612 vers
529 557 579 610 est
592 547 693 610 altera
717 547 838 630 regula,
864 550 1051 614 conuictum
1074 551 1106 614 in
1117 551 1241 636 judicio
1250 555 1322 638 jure
1342 552 1483 632 damnari,

202 655 299 718 etiarn
315 653 342 718 si
357 654 477 718 crimen
493 655 662 719 confessus
676 656 810 720 minime
825 655 928 736 luerit,
942 675 1013 740 cap.
1029 658 1059 722 4.
1071 659 1112 722 de
1121 657 1266 742 judiciis.
1308 660 1426 724 Dicitur
1438 679 1483 722 au·
1523 687 1527 698 ·

195 775 265 827 tero
281 763 458 842 conuictus,
484 763 538 845 qui
557 761 742 844 manifestis,
770 775 800 826 et
815 765 1024 848 apertissimis
1049 767 1289 849 probationibus
1310 769 1424 831 crimen
1439 765 1483 828 ad-

200 871 328 936 misisse
342 871 587 950 demonstratur,
604 871 623 934 l.
639 877 695 934 ult.
711 871 780 934 cod.
797 873 836 936 de
852 875 1028 956 probation.
1072 877 1180 940 Primo
1196 877 1228 940 id
1243 879 1404 960 contingit,
1417 893 1481 940 curn

200 979 273 1059 quis
286 978 320 1042 in
337 977 496 1059 flagranti,
513 976 617 1056 idest,
644 979 677 1040 in
694 981 762 1060 ipso
777 993 852 1043 actu
874 983 1017 1046 criminis
1039 983 1299 1067 deprehenditur.
1342 985 1484 1060 Secunda

199 1106 276 1150 cum
291 1085 365 1156 talis
379 1097 428 1151 est
442 1087 486 1150 rei
501 1086 672 1165 evidentia,
689 1088 889 1170 ssqrraenulle
905 1101 1006 1172 potest
1031 1092 1294 1176 tergiversatione
1308 1096 1411 1173 celari,
1424 1111 1483 1176 cup.
1549 1150 1550 1158 ,

198 1195 249 1257 21.
266 1195 299 1258 in
311 1194 380 1280 ¹line
394 1193 426 1256 ff.
442 1193 483 1257 de
499 1195 583 1257 verb.
599 1194 705 1276 signif.
749 1195 861 1259 Tertio
874 1217 951 1262 currr
967 1199 1100 1262 testibus
1115 1200 1285 1282 probatum
1300 1213 1357 1278 est,
1377 1203 1482 1262 crimen

199 1311 225 1368 a·
236 1323 287 1366 reo
302 1305 401 1368 luisse
417 1303 606 1367 admissum:
621 1325 688 1388 qua
703 1306 736 1368 in
753 1325 784 1368 re
799 1306 928 1384 obtinet,
946 1318 980 1368 ut
996 1307 1125 1372 testium
1152 1327 1308 1372 numerus
1321 1307 1484 1391 quadrage
1505 1361 1512 1374 .

198 1413 325 1478 trariurn
341 1433 404 1476 non
421 1413 566 1477 excedat:
593 1433 634 1476 ne
648 1414 824 1477 criminalis
850 1435 1017 1498 processus
1035 1417 1067 1480 iu
1095 1417 1259 1480 inlinitum
1284 1415 1484 1500 protendatur,
1550 1482 1551 1508 ¹

160 1566 164 1574 =
199 1544 268 1608 cap.
285 1525 334 1590 37.
351 1525 392 1588 de
407 1525 552 1606 testibus;
579 1525 693 1588 saltem
708 1543 784 1588 vero
798 1525 864 1588 duo
880 1537 975 1590 testes
990 1529 1137 1590 concordi
1158 1529 1340 1591 testimonio
1357 1527 1388 1591 id
1403 1523 1485 1589 adfir·
1550 1513 1551 1538 ²

197 1648 292 1714 urent,
309 1635 486 1700 dummodo
501 1635 583 1698 alius
598 1635 792 1718 integerrimi
808 1636 881 1714 sint,
896 1649 928 1698 et
943 1635 983 1698 de
998 1657 1137 1718 quorum
1152 1639 1327 1718 calumnia,
1344 1638 1395 1700 vel
1409 1653 1484 1700 rnen·

194 1743 296 1822 dacio,
313 1742 404 1806 nulla
420 1743 520 1825 possit
545 1743 679 1804 suboriri
695 1743 844 1823 suspicio,
871 1761 943 1805 can.
962 1745 988 1806 1.
1004 1762 1093 1806 caus.
1120 1745 1149 1805 2.
1166 1755 1289 1826 quaest
1315 1745 1345 1807 4.
1361 1763 1427 1826 cap.
1442 1740 1484 1802 23.

194 1851 393 1914 detestibus.
438 1851 573 1913 Frustra
588 1861 697 1912 arrtem
711 1849 808 1912 hodie
822 1849 895 1932 quis
910 1849 1063 1932 allegaret
1080 1851 1112 1914 iu
1124 1852 1321 1913 contrarium
1337 1865 1485 1912 canonem
1551 1865 1552 1886 r

189 1963 223 2031 2.
240 1979 327 2022 caus.
353 1959 384 2019 2.
410 1966 533 2038 quaest.
561 1957 601 2036 4.,
628 1957 683 2019 ubi
709 1957 851 2035 traditur,
879 1957 961 2019 duos
987 1975 1085 2038 supra
1110 1957 1316 2040 septuaginta
1343 1949 1485 2017 testesad

186 2069 355 2154 Episcopi,
371 2079 510 2150 quatuor
525 2085 621 2150 supra
643 2065 860 2149 quadraginta
875 2067 915 2128 ad
934 2066 1122 2148 Presbyteri,
1139 2077 1261 2148 septem
1282 2083 1381 2147 supra
1397 2063 1487 2144 vigin-

192 2176 216 2240 ti
241 2175 284 2238 arl
312 2173 458 2253 Diecoul,
485 2185 607 2251 septem
633 2173 676 2236 ad.
701 2185 899 2238 caeterorum
923 2175 1056 2238 minoris
1082 2173 1203 2254 gradus
1232 2171 1485 2236 administrorum
1552 2209 1553 2232 r

186 2280 434 2348 »damnationem
460 2283 585 2366 requiri.
628 2283 713 2347 Sunt
728 2284 809 2347 haec
834 2283 989 2366 figmenta
1007 2282 1119 2345 Isidori
1146 2282 1343 2362 Mercatoris,
1365 2282 1432 2365 qui,
1447 2277 1488 2340 uti

191 2396 340 2478 superius
354 2395 559 2458 obseruatum
586 2393 681 2456 estin
697 2394 803 2475 capite
828 2393 1046 2476 praecedente,
1073 2393 1155 2455 nihil
1178 2394 1345 2474 antiquius
1370 2389 1486 2466 babuit,

190 2523 290 2585 quam
306 2513 342 2566 ut
356 2502 578 2566 accrrsationes
594 2503 827 2585 Episcoporum
842 2503 1001 2566 demedio
1017 2502 1149 2584 tolleret;
1165 2522 1266 2584 quam
1281 2503 1322 2565 ob
1339 2521 1404 2566 rem
1418 2515 1486 2562 cum
1553 2482 1554 2546 l

184 2614 253 2676 ⁴istu
268 2615 329 2678 sub
344 2615 474 2676 nurnine
489 2611 629 2676 Romani
645 2611 779 2675 Concilii
797 2612 858 2674 sub
873 2611 1039 2692 Syluestro
1054 2611 1203 2674 celebrati
1221 2611 1367 2690 traderet,
1386 2606 1486 2686 subdi·

188 2720 237 2784 dit
252 2723 370 2784 statim:
393 2721 635 2786 Testimonium
650 2720 728 2784 inici
743 2719 905 2782 aduersus
924 2716 1088 2784 Clericum
1103 2741 1196 2784 meno
1211 2722 1359 2805 recipiat,
1374 2737 1444 2782 can.
1460 2717 1484 2778 9.

189 2851 279 2896 caus.
298 2834 345 2895 ll.
362 2841 485 2914 quaest.
503 2832 530 2893 l.
574 2831 608 2894 si
624 2830 704 2892 haec
730 2830 825 2912 recipi
842 2829 1039 2912 quandoque
1061 2843 1241 2914 potuerunt,
1264 2835 1375 2915 ignoro
1390 2832 1488 2914 plane,

189 2941 322 3023 aliquod
339 2941 371 3004 in
397 2939 507 3003 causis
522 2939 729 3018 clericorum,
756 2940 941 3020 praesertim
964 2941 1130 3024 majorum,
1157 2943 1323 3005 criminale
1334 2942 1486 3026 judicium

190 3056 314 3120 institui
331 3053 495 3137 potuisseq
523 3071 600 3114 narn
617 3052 782 3114 semeliae
807 3049 938 3112 serendo
954 3053 1134 3115 testimonio
1156 3053 1255 3132 laicis,
1278 3049 1487 3116 invernsinrile

190 3173 246 3242 est,
265 3171 309 3224 tot
325 3176 464 3222 nurnero
483 3169 579 3222 testas
595 3159 626 3221 ln
645 3173 708 3221 uno
734 3157 819 3221 clero
834 3159 979 3237 inveniri,
997 3159 1180 3241 praesertim
1202 3178 1279 3224 curn
1295 3163 1379 3226 idem
1389 3159 1487 3224 Iside

191 3287 246 3334 rus
260 3279 291 3333 ct
307 3270 338 3332 in
365 3269 435 3350 ipsa
451 3285 511 3330 suu
536 3267 685 3329 Romana
711 3265 847 3349 synodo,
870 3265 1036 3348 Sylvestro
1062 3267 1180 3328 tributa
1196 3267 1335 3352 rejecerit
1355 3267 1488 3330 testimo

190 3379 283 3443 niurn
300 3378 415 3442 Clerici
442 3375 596 3440 interioris
612 3374 733 3458 gradus
758 3374 915 3439 adversus
941 3375 1104 3438 clericum
1131 3378 1260 3459 majoris
1275 3375 1402 3454 ordinis,
1415 3389 1486 3434 carr.

186 3493 241 3558 ln.
258 3511 346 3556 caus.
362 3493 391 3554 2.
408 3501 531 3573 quaest.
548 3489 576 3552 7.
621 3487 712 3557 Quid
728 3487 769 3549 ed
785 3487 871 3550 hanc
886 3503 954 3549 reru
969 3486 1087 3548 diceret
1103 3485 1289 3550 Alexander
1303 3487 1372 3566 ΙΙΙ,
1386 3487 1437 3567 qui
1454 3483 1485 3544 in

192 3617 261 3686 cup.
281 3603 328 3664 10.
344 3599 385 3664 de
400 3607 581 3662 testament.
624 3597 847 3660 Romanarum
864 3594 973 3676 legum
995 3593 1263 3655 consuetudinem
1280 3594 1409 3674 probare
1421 3605 1484 3652 non

191 3715 303 3801 potuit,
319 3715 409 3796 juxta
437 3728 519 3793 quas
535 3719 656 3793 septam
673 3707 802 3770 testium
829 3723 985 3769 numerus
999 3705 1032 3766 in
1048 3703 1248 3766 testamentis
1266 3701 1485 3786 requirebatur,

178 3843 232 3888 .·eu
248 3824 366 3886 ductus
382 3820 511 3898 ratione,
527 3815 614 3900 quod
630 3826 651 3880 d
666 3817 781 3880 diuina
797 3816 878 3894 lege,
895 3821 926 3875 et
941 3812 1142 3875 Sanctorum
1157 3809 1305 3872 Petrum
1320 3803 1485 3876 institutis,

185 3943 223 4004 'et
249 3945 270 4001 rt
292 3933 446 4019 gererali
471 3929 639 3994 Ecclesiae
663 3925 894 3992 consuetudine
919 3923 954 3986 id
979 3925 1125 3988 reeseitur
1151 3941 1218 3984 esse
1235 3921 1389 3996 alienum,
1412 3933 1485 3979 cum

182 4045 355 4128 'scriptum
370 4041 422 4117 sit,
439 4037 526 4123 quud
540 4037 576 4100 in
591 4055 644 4098 ore
659 4035 809 4110 duorum,
833 4033 884 4096 uel
898 4031 1004 4094 trium
1018 4032 1154 4094 testitum
1176 4031 1222 4093 sit
1236 4050 1330 4093 omae
1342 4023 1485 4092 verbam?

192 4149 355 4236 Equidem
371 4147 445 4225 scio,
463 4143 665 4208 traditionem
680 4143 767 4206 hanc
782 4141 968 4205 Mercatoris
984 4139 1153 4203 laudatam
1167 4137 1267 4202 irrisae
1282 4137 1416 4203 ilicone
1429 4129 1482 4193 lll-

179 4263 226 4330 iu
241 4261 374 4347 epistola
389 4257 430 4322 ad
457 4256 633 4340 Episcopus
642 4253 820 4332 -Britaniae,
844 4254 937 4336 cujus
952 4261 1200 4315 monumeutum
1215 4259 1304 4315 extat
1326 4250 1357 4312 in
1371 4259 1435 4308 cen.
1450 4238 1482 4302 3.

179 4379 280 4433 ‘crus
305 4367 334 4430 2.
351 4373 475 4449 quaest.
502 4361 541 4442 4.,
557 4379 697 4442 eamque
721 4359 825 4444 ipsam
840 4358 960 4424 Leonis
985 4359 1040 4424 IV.
1056 4359 1249 4423 sententiam
1275 4359 1377 4421 visam
1390 4351 1482 4418 irrissc

181 4469 454 4538 ‘eonfi2matame
479 4467 613 4533 Nicolao
628 4467 654 4532 1.
671 4468 702 4531 in
730 4467 865 4552 epistola
890 4467 932 4532 sd
948 4467 1156 4534 Salomonem
1179 4467 1302 4549 Regem
1318 4465 1483 4530 Britouum·
