3120 4980
241 433 283 500 18
493 456 582 502 rans
599 457 725 518 eurus,
748 457 991 507 nrsssaaaare
1006 461 1133 523 rarus,
1154 463 1230 510 cre.
1246 443 1290 510 11.

236 575 333 644 dicto:
348 576 391 666 Si
406 577 566 646 Sacerdos
578 582 768 670 peccaverit,
785 583 862 667 qvis
876 583 982 648 orabit
992 606 1057 682 pro
1071 587 1124 650 eo?
1138 585 1223 670 qued
1241 585 1302 651 sub
1318 587 1513 676 nominata·

234 689 330 754 brosii
344 688 476 756 refertur
501 690 535 759 in
550 687 636 758 dicto
650 709 721 754 carr.
748 691 788 755 59
805 689 844 754 de
861 695 976 776 poenit.
1003 691 1075 758 dist.
1094 685 1131 775 l'.,
1142 692 1339 780 jamdudum
1361 695 1511 777 explicavit

230 797 423 866 Ambrosius
447 797 604 864 adversus
627 797 827 863 Novatianos
853 799 886 862 iu
902 781 969 863 libi.
998 799 1025 864 1.
1048 797 1089 863 de
1112 791 1309 882 poenitentia
1329 799 1438 882 capii.
1452 783 1511 862 scri·

231 903 319 986 bens,
335 906 395 986 his,
411 915 469 972 aut
484 905 642 1000 similibus
654 907 953 991 interrogationibus
969 928 1033 972 nou
1049 905 1311 974 subandiendum
1325 927 1404 971 essa:
1417 909 1511 974 attilus

230 1017 346 1096 nabit,
361 1014 419 1080 sed
434 1016 549 1100 potins,
572 1035 638 1082 nou
653 1016 735 1083 adeo
761 1015 854 1080 facile
870 1017 1112 1098 inveniendum,
1139 1017 1195 1101 qui
1212 1025 1287 1098 oret,
1313 1017 1405 1101 quasi
1419 1015 1512 1080 diffisi·

230 1125 294 1192 iius
309 1126 406 1192 venia
428 1125 470 1188 sit
484 1123 694 1210 impetranda.
739 1127 867 1190 Clarius
882 1127 1025 1210 pandam
1040 1140 1072 1190 et
1086 1115 1273 1192 divinarum
1296 1127 1451 1192 literanrnr
1464 1141 1511 1189 tes·

230 1234 373 1316 dmenia,
390 1245 422 1299 et
436 1241 612 1300 sententias
628 1235 771 1300 Petrum.
788 1235 1211 1318 Clamantdiviuacliterae,
1223 1237 1510 1322 praedicantSancti

229 1343 349 1426 Patres,
376 1345 525 1410 omniurn
539 1344 713 1410 criminum
728 1343 857 1410 veniam
874 1345 993 1430 sperari
1015 1353 1036 1412 a
1052 1345 1122 1410 Deo
1137 1349 1206 1412 sine
1227 1347 1411 1414 discrimine
1425 1339 1508 1430 possa

230 1457 384 1527 {lamam
398 1457 530 1524 divinae
547 1457 664 1539 literae,
690 1454 856 1542 predicant
870 1457 982 1523 Sancti
1008 1459 1129 1540 Patres,
1153 1479 1324 1544 nunquam
1346 1461 1453 1526 remitti
1465 1459 1510 1522 cri·

225 1568 325 1660 miua,
340 1568 404 1634 nisi
418 1587 474 1653 per
488 1567 728 1652 poenitentiam.
751 1567 827 1630 Duo
842 1565 919 1631 hine
934 1567 1130 1652 colliguntur
1143 1571 1352 1634 consectaria
1385 1569 1509 1634 Primum

222 1686 283 1758 cst,
300 1675 355 1742 ubi
369 1675 444 1758 quis
459 1675 608 1760 proclivis
624 1673 664 1738 ad
681 1673 911 1758 poenitentiam
927 1673 976 1756 sit,
993 1695 1119 1758 sperare
1134 1675 1239 1759 ipsum
1257 1675 1387 1742 facilem
1400 1677 1508 1740 venian

226 1805 330 1872 possa
359 1785 507 1852 Alterum
521 1795 577 1866 est,
594 1784 649 1848 ubi
665 1785 738 1866 quis
753 1783 872 1848 adduci
888 1783 1001 1866 nequit
1017 1783 1058 1847 ad
1074 1784 1313 1870 poenitentiam,
1329 1772 1387 1848 aut
1399 1781 1439 1848 ad
1451 1799 1508 1844 cau

213 1893 354 1976 ‚difficile
370 1891 542 1972 inducitur,
558 1891 610 1956 vel
626 1892 854 1976 impossibilem
870 1913 949 1976 esse,
965 1891 1015 1955 vel
1032 1891 1196 1957 difficilem
1213 1893 1438 1958 remissionem.
1461 1889 1507 1954 llis

215 2002 388 2086 principiis
402 2003 523 2086 positis,
547 2002 649 2069 notari
672 2002 852 2069 necessario
867 2001 984 2083 debuit,
1010 2015 1073 2066 tres
1089 2021 1159 2066 esse
1185 2003 1438 2086 delinquentium
1455 2019 1508 2084 per·

221 2131 331 2194 eonas,
358 2131 496 2196 quarum
512 2111 595 2176 aliae
616 2109 809 2194 delinquunt
825 2109 1110 2194 unianimitatem,
1137 2110 1220 2174 aliae
1235 2112 1277 2174 ob
1302 2109 1507 2194 ignorantiam,

221 2223 308 2291 altae
323 2223 397 2289 dolo
421 2223 517 2306 malo,
544 2224 648 2304 idest,
671 2223 807 2286 seientes
823 2219 1005 2304 prudentes.
1049 2219 1322 2302 Deliaquentibus
1342 2221 1384 2284 ob
1398 2213 1508 2282 infirmi·

222 2345 333 2416 tatere,
349 2315 400 2400 rel
414 2336 456 2400 ob
471 2334 694 2418 ignorantiam,
717 2331 891 2396 faciliorem
909 2329 1036 2393 veniam
1062 2327 1315 2412 spoponderunt3
1343 2327 1420 2410 quia
1434 2321 1509 2406 etja-

223 2447 306 2524 uari
320 2445 490 2510 infirmitas
506 2444 598 2510 novis
614 2441 789 2527 praesidiis,
806 2451 837 2504 et
851 2437 981 2522 disipari
997 2437 1178 2522 ignorantia
1193 2433 1287 2500 novis
1303 2435 1461 2500 doctrinae
1474 2429 1509 2492 lu·
1550 2473 1551 2487 .

220 2555 366 2622 minibus
380 2552 474 2621 [aab
484 2563 597 2638 potest3
615 2561 682 2618 tutu
696 2571 771 2614 vero
786 2547 1011 2631 delinquentes
1025 2547 1123 2610 etiarn
1135 2545 1230 2610 facile
1241 2543 1283 2609 ad
1298 2541 1507 2629 poenitentiam
1548 2551 1550 2635 χ’

219 2663 352 2732 adduci.
394 2665 439 2730 At
453 2661 714 2745 delinquentibus
737 2658 811 2722 dolo
827 2657 920 2738 malo,
948 2656 1120 2738 difficilem,
1137 2667 1168 2720 ct
1191 2676 1272 2740 pene
1294 2649 1507 2742 impossibilem
1547 2689 1548 2711 t

219 2776 353 2840 aarum
372 2772 614 2841 concedendam
629 2790 699 2834 esse
722 2768 884 2850 dixerunq
912 2767 990 2849 quia
1004 2767 1056 2830 isti
1082 2767 1225 2830 duriores
1250 2767 1508 2837 cervicositate

217 2883 327 2964 armo,
340 2883 578 2966 deliberatoque
596 2880 698 2945 nnimi
713 2877 872 2964 proposito
899 2877 1045 2942 tenacius
1070 2875 1260 2940 criminibus
1284 2875 1427 2939 haerent.
1464 2865 1506 2934 ur
1544 2879 1545 2936 l

218 3009 355 3059 causatu
371 2991 584 3077 perspicuam,
602 3009 701 3072 qaaere
716 2999 848 3072 peccata
871 2987 1104 3070 baptizatorum
1121 2983 1285 3048 difficillus
1313 2984 1506 3050 remittuntur,

216 3121 320 3188 quam
336 3120 400 3166 nou
414 3100 656 3184 baptizatorum,
669 3097 746 3180 quia
758 3095 910 3178 baptizati
926 3115 985 3157 nec
996 3091 1077 3156 adeo
1090 3089 1208 3156 infirmi
1221 3098 1306 3171 sunt,
1321 3109 1383 3154 nee
1397 3083 1507 3152 adeoin

219 3217 314 3282 rebus
330 3214 449 3278 divinis
463 3211 688 3288 caecutientes,
703 3209 747 3272 uti
764 3227 828 3271 nou
845 3207 1006 3290 baptizati.
1050 3205 1102 3268 En
1119 3221 1263 3282 calisam,
1276 3223 1379 3286 quare
1395 3203 1507 3284 peccata

216 3327 431 3396 Sacerdotum
446 3323 610 3388 difficilius
626 3321 837 3398 remittuntur,
854 3337 953 3400 quam
966 3315 1083 3380 delicta
1098 3324 1306 3396 caeterorum3
1324 3313 1403 3395 quia
1416 3310 1508 3374 Sacer·

215 3441 309 3506 dotes
324 3438 433 3504 selecti
447 3447 525 3500 sunt
539 3435 571 3500 in
589 3433 737 3498 Ecclesia
750 3431 817 3510 viri,
830 3441 861 3494 et
873 3450 929 3492 seu
940 3429 1117 3506 sanctitate,
1135 3419 1191 3489 ¹seu
1204 3423 1350 3487 doctrina
1368 3439 1438 3506 prae
1452 3433 1506 3480 cae·

219 3550 293 3612 teris
309 3547 440 3630 probati.
484 3543 538 3607 Eu
554 3542 693 3624 deniqne
708 3559 852 3618 sarisam,
880 3557 979 3620 quare
995 3547 1128 3627 peccata
1144 3533 1177 3597 iu
1193 3531 1352 3616 Spiritum
1368 3533 1506 3597 Sanctum

217 3659 384 3726 difficilius
399 3656 611 3738 remittuntuq
627 3655 706 3738 quia
721 3655 752 3716 in
768 3653 924 3735 Spiritum
940 3652 1097 3714 Sanctum
1119 3651 1348 3734 blasphemare
1365 3647 1505 3712 dicuntur

218 3768 276 3849 qui
292 3765 463 3849 prudentes
479 3765 625 3836 scientes,
651 3775 683 3826 et
697 3760 770 3826 dolo
786 3761 879 3836 malo,
908 3758 1139 3838 manifestatae,
1165 3760 1385 3841 cognitaeque
1401 3745 1504 3818 raritati

216 3873 383 3938 resistunt.
427 3870 591 3954 Equidem
607 3881 669 3934 tres
684 3870 815 3934 divinae
832 3869 999 3947 Personae,
1023 3887 1107 3950 quae
1123 3867 1156 3930 iu
1172 3867 1286 3930 eadem
1303 3866 1418 3930 divina
1433 3873 1506 3925 natu·

221 4004 257 4048 ra
273 3984 460 4061 subsistunt,
475 3981 629 4064 aequales
640 3992 725 4060 sunt,
741 3999 845 4060 neque
862 3997 926 4041 una
940 3977 1095 4040 naturalis
1111 3978 1286 4060 proprietas
1301 3977 1344 4040 de
1363 3995 1425 4038 rura
1437 3985 1505 4055 prae·

222 4094 323 4158 dicari
338 4103 449 4177 petest,
474 4091 554 4174 quin
570 4089 610 4154 de
625 4090 725 4180 altera
751 4089 960 4172 praedic-euru
977 4090 1069 4152 docet
1084 4101 1191 4152 tamen
1216 4089 1347 4152 traditio
1362 4084 1506 4151 ecclesias·

225 4206 296 4286 tica,
312 4203 466 4287 singulari
481 4200 626 4284 quodam
636 4202 708 4284 jure
724 4200 818 4264 tribui
837 4199 920 4264 Patri
937 4199 1120 4280 potentiam,
1137 4197 1221 4261 Filio
1236 4199 1438 4281 sapientiam,
1453 4187 1507 4272 spi·

225 4321 298 4386 ritui
313 4319 433 4385 Sancto
447 4315 628 4390 bonitatem,
656 4323 819 4396 propterea
833 4309 920 4392 quod
947 4311 980 4374 in
995 4309 1136 4374 externis
1151 4309 1269 4372 divinis
1289 4309 1439 4392 operibus
1452 4317 1506 4363 eae·

227 4434 302 4504 datu
316 4430 446 4495 divinae
471 4429 630 4494 Personae
647 4425 785 4510 pressius
811 4421 1087 4486 manifestaverint
1113 4421 1260 4505 siugulae
1285 4419 1435 4506 singulas
1450 4413 1510 4478 illas

227 4539 445 4625 proprietates.
486 4535 572 4600 Cum
585 4543 695 4598 autern
708 4531 869 4616 potentiae
890 4542 1069 4616 opponatur
1083 4529 1262 4612 infirmitas,
1285 4529 1461 4616 sapientiae
1475 4522 1514 4602 ig·
