3168 4982
485 634 941 890 ltltlltlttt
972 635 1222 894 tltltt

201 1105 316 1206 nn
332 1039 642 1218 uenum
663 1107 774 1207 ao
791 1105 1501 1208 sennmunennmos

361 1334 365 1344 ·
521 1301 767 1376 OONJUGII
789 1301 1183 1376 CON’l'RAHENDI.

266 1627 344 1694 HUC
367 1645 580 1693 REFBRENM
604 1643 697 1688 SUNT
720 1643 847 1690 't't'rum
871 1645 1142 1705 oscannum«,
1165 1645 1212 1690 D!
1235 1645 1435 1692 CLANDEST.

465 1755 690 1815 Desponsam,
720 1755 767 1799 tta·
797 1755 844 1800 DE
873 1747 1020 1800 couniri
1047 1753 1238 1800 aaronem

200 1988 497 2200 Helvetium]
515 2122 745 2208 propemodum
761 2135 881 2208 gentes,
897 2145 954 2190 eae
968 2123 1181 2209 potissimum,
1203 2143 1288 2207 quae
1302 2122 1452 2188 cultiores
1466 2133 1497 2188 et

199 2235 352 2314 doctriua,
378 2224 410 2295 et
424 2232 566 2296 moribus
580 2229 670 2292 visae
684 2229 823 2312 inerunt,
847 2241 950 2294 certas
965 2229 1190 2307 solemnitates,
1211 2236 1243 2290 et
1257 2227 1337 2291 ritus
1351 2227 1498 2310 publicos

198 2345 455 2430 praestituerunt,
478 2346 596 2428 quibus
611 2343 724 2406 decore
738 2339 944 2405 matrimonia
964 2337 1207 2416 celebrarentur,
1228 2353 1269 2406 ne
1284 2325 1405 2418 passim
1419 2335 1498 2400 obti-

198 2459 319 2530 nerent,
344 2451 433 2534 quod
447 2451 535 2534 apud
550 2461 692 2535 agrestes
706 2450 864 2528 homiues,
890 2457 922 2510 et
937 2446 1036 2509 instar
1058 2442 1199 2509 ferarum
1214 2443 1247 2507 in
1262 2455 1384 2508 certem
1402 2463 1500 2510 vene·

168 2583 174 2594 ·
197 2573 265 2620 rem
279 2567 407 2621 ruentes
422 2557 456 2620 in
471 2575 557 2620 more
572 2555 671 2622 luisse
688 2555 816 2620 tradidit
831 2555 1010 2634 Lueretius,
1025 2552 1071 2616 ita
1085 2552 1235 2616 scribens.

407 2778 458 2842 Et
470 2799 573 2842 uenus
588 2778 624 2840 ie
638 2777 742 2860 sylvis
748 2777 917 2860 jungebat
931 2797 1068 2860 corpere
1083 2785 1266 2858 emeritum,

408 2887 613 2952 Conciliubet
626 2885 714 2948 enim
729 2885 779 2948 vel
792 2895 911 2958 mattea
926 2908 1088 2972 petamque
1102 2887 1212 2950 libido.

410 2997 464 3060 Vel
477 2997 634 3059 violentia
647 2981 714 3058 uiri
729 2995 787 3071 ut's,
805 3003 902 3080 atquae
916 2997 1067 3080 impense
1082 2995 1189 3075 libide,

412 3105 466 3170 Vel
476 3105 636 3190 precium,
650 3099 803 3186 glandes,
818 3111 915 3186 atque
930 3103 1057 3181 arbeita,
1074 3105 1124 3168 ael
1133 3125 1225 3188 pyra
1237 3105 1327 3170 lecte.
1413 3135 1418 3146 ·

196 3323 348 3390 Infinitus
363 3339 478 3400 essem,
494 3320 521 3382 si
538 3318 644 3381 varios
660 3319 850 3401 populorum
867 3340 970 3384 meres
986 3329 1233 3402 persequeretur.
1277 3319 1424 3386 Tantum
1440 3343 1495 3406 ge·
1560 3299 1562 3392 Ῐ

196 3433 344 3498 neraliter
359 3431 475 3509 dicam,
491 3429 543 3492 vel
559 3429 701 3492 aetnicos
716 3429 801 3510 ipsos
817 3429 885 3491 suis
900 3427 1126 3510 superstitiosis
1141 3427 1252 3491 ritibus
1269 3429 1313 3491 ita
1328 3449 1383 3512 pro
1400 3431 1496 3494 modo
1559 3479 1560 3531 ,

194 3559 256 3604 sue
271 3549 383 3602 sancta
398 3535 574 3599 reddidisse
590 3535 750 3618 conjugia,
776 3536 1026 3618 eorumdemque
1041 3533 1278 3614 celebrationes,
1307 3549 1341 3599 ut
1357 3539 1498 3622 populus
1558 3557 1559 3635 p

196 3661 391 3734 agnosceret,
418 3646 566 3709 nonnihil
582 3645 740 3724 divinum,
768 3665 825 3709 seu
841 3645 901 3708 sub
917 3645 1060 3707 Deorum
1076 3645 1228 3726 auspiciis
1255 3646 1287 3708 iu
1303 3646 1495 3710 celebrando
1557 3655 1558 3741 l

195 3756 345 3850 conjugio
359 3753 433 3835 geri,
450 3755 547 3833 atque
562 3751 643 3815 haee
658 3753 757 3815 otiam
772 3753 852 3814 ratio
875 3751 944 3832 suit,
960 3771 1059 3833 quare
1074 3752 1300 3816 Tertullianus
1316 3755 1349 3816 irr
1373 3755 1439 3819 libr.
1458 3755 1500 3817 de
1554 3765 1557 3850 l

125 3941 129 3948 Ι
194 3881 312 3928 corona
326 3859 437 3924 militis
463 3877 531 3940 cap.
552 3859 597 3920 13.
614 3859 779 3937 scribebat,
807 3859 1006 3922 Christianos
1021 3861 1225 3923 matrimonia
1240 3880 1317 3924 cum
1339 3863 1501 3926 aethnicis

195 3993 261 4040 uon
276 3969 482 4047 contraxisse,
499 3967 585 4050 apud
602 3987 683 4050 quos
699 3970 837 4052 rrrrptiee
852 3969 891 4031 ab
907 3969 1065 4032 idolatrie
1080 3971 1289 4052 decipiebant.
1327 3973 1502 4036 Caeterum

194 4104 271 4149 cum
286 4081 326 4144 de
342 4077 608 4156 solemnitatibus,
623 4089 655 4138 et
670 4077 781 4140 ritibus
797 4077 1062 4157 Christianorum,
1085 4097 1167 4160 quos
1183 4077 1332 4143 Ecclesia
1353 4081 1503 4156 instituit,

194 4206 226 4260 st
240 4190 394 4278 probavit,
420 4169 584 4268 agendum
600 4187 647 4264 sit,
675 4205 805 4248 necesse
825 4199 873 4248 est
899 4185 1037 4249 iudicate
1063 4189 1246 4269 generalem
1272 4191 1500 4276 cotrjugierum

193 4297 484 4368 contrahenderum
509 4295 680 4360 sormema
705 4295 816 4378 priscis
831 4297 987 4360 Rourauis
1013 4311 1185 4382 receptum.
1230 4301 1315 4365 Cum
1331 4303 1412 4366 eninr
1431 4301 1503 4366 Ec·

192 4407 292 4471 clesia
306 4405 393 4486 leges
419 4421 496 4465 suas
512 4403 631 4484 passim
656 4403 842 4486 imposuerit
867 4405 915 4483 iis,
941 4405 995 4488 qui
1011 4406 1159 4470 Murano
1170 4407 1247 4492 jure
1275 4421 1308 4474 et
1325 4411 1500 4482 Quiritum

192 4511 363 4596 disciplina
378 4511 541 4594 vivebant,
569 4530 643 4574 cum
659 4511 757 4574 etiam
781 4512 957 4577 Christiani
972 4513 1049 4578 sacti
1065 4517 1275 4600 Imperatores
1297 4519 1503 4586 constitutio·
