3146 4980
359 454 406 502 ΒΕ
422 457 585 503 consueti
603 459 692 506 ntra
708 459 915 506 CELEBRATI
930 458 1166 506 sennonteus.
1346 439 1414 510 809

124 575 280 658 xwdrino,
294 579 503 662 ejusdemque
518 583 751 664 responsiones,
764 582 847 648 haec
860 580 1008 648 babetur:
1025 583 1262 668 iuterrogatio:
1283 583 1339 666 Es,
1355 586 1414 674 qni

121 687 314 754 moirimmsii
329 694 480 756 societate
485 695 694 778 junguntur,
722 695 760 758 itt
774 694 974 778 ptribnsnom
987 697 1194 780 septimanae
1208 693 1325 760 diebus
1336 715 1414 780 pro·

120 817 229 879 ponere
241 807 372 883 oportet,
387 809 426 864 ut
440 810 461 864 d
475 811 591 864 mutuo
606 823 785 886 congressu
800 803 995 882 obstineant,
1012 813 1043 868 et
1057 805 1258 890 quibusnam
1266 814 1411 892 potesta·

119 907 344 972 meumst
388 909 587 996 Responsio:
628 912 726 986 Quod
750 921 826 976 arete
852 912 935 991 ttici,
959 933 1048 978 neruo
1072 935 1199 1000 quantoe
1219 913 1304 980 dico:
1329 915 1413 982 dicit

121 1015 291 1098 Apostolus.
337 1017 559 1103 Nesrandcte
572 1043 630 1084 nos
643 1022 791 1121 taenea
806 1021 875 1086 nisi
885 1023 973 1103 forte
987 1043 1027 1088 aa
1042 1043 1199 1088 consensa
1215 1021 1261 1088 orl
1271 1033 1411 1109 tempus,

118 1135 153 1189 nt
164 1131 277 1192 notetis
292 1133 444 1208 orationi,
471 1141 501 1194 et
517 1153 639 1196 rursus
654 1131 699 1194 nd
723 1133 812 1196 idern
821 1135 1033 1210 conveniatis,
1060 1155 1101 1198 ne
1116 1155 1172 1200 aas
1196 1144 1296 1204 tentet
1311 1135 1411 1202 Sata·

118 1251 175 1296 aar
192 1246 324 1320 propter
347 1240 620 1304 incontinentiam
643 1249 797 1304 oestrum.
841 1239 1034 1306 Necessario
1063 1254 1177 1310 cutem
1199 1245 1364 1312 Subballio
1379 1256 1412 1312 et

114 1343 166 1405 dis
179 1343 349 1410 Dominico
363 1347 525 1413 abstinero
540 1357 672 1435 oportet,
699 1351 785 1435 qaod
798 1351 979 1434 spiritrme
994 1349 1206 1436 Sacrificium
1230 1357 1278 1422 eis
1293 1355 1410 1424 Domi·

114 1473 149 1514 no
176 1455 337 1535 offeratur.
381 1457 593 1539 Quicumque
619 1458 701 1520 hece
727 1458 920 1540 gravissima
943 1458 1138 1524 Sanctorum
1164 1460 1299 1526 Petrum
1321 1461 1411 1527 dicta

115 1562 287 1642 consideret,
314 1565 431 1644 nescio,
461 1581 503 1628 an
522 1577 589 1629 tuto
612 1565 787 1628 adhaerere
811 1566 914 1647 possit
938 1567 1132 1630 Gratiuneee
1157 1567 1329 1648 traditioni,
1351 1571 1409 1652 qut

117 1679 179 1751 post
193 1671 316 1754 aliquos
332 1673 448 1736 relatos
462 1673 649 1758 hnjnsmodi
664 1692 806 1737 curiones
820 1673 854 1738 in
869 1673 957 1738 dieta
971 1693 1059 1736 caus.
1075 1673 1125 1736 35.
1141 1685 1264 1755 quaes
1289 1675 1319 1738 t
1335 1687 1421 1758 post.

118 1796 263 1844 monem
279 1782 327 1844 ll.
342 1781 388 1844 ita
402 1780 580 1844 adnotavit·
606 1781 700 1846 llaec
711 1790 823 1846 autern
836 1781 1004 1846 oswenda
1018 1788 1105 1859 arnt,
1130 1781 1162 1843 si
1177 1801 1260 1847 rosor
1277 1785 1415 1846 consus

116 1909 184 1956 utut
197 1893 353 1958 edilibus
362 1894 516 1973 nolimu,-
531 1904 696 1960 caeteram
709 1897 782 1959 sirie
796 1895 1038 1980 ojrts'conseusn
1058 1915 1116 1960 nec
1129 1915 1232 1960 curua
1246 1897 1407 1960 contionis
1495 1961 1497 1967 ,

114 2005 303 2068 ammitte
326 2005 456 2070 sanari
470 2001 569 2070 debet.
613 2006 746 2070 Putavit
759 2007 848 2070 enim
874 2005 1061 2088 imprudens
1085 1993 1244 2071 Collector
1263 2007 1296 2070 id
1312 2007 1410 2074 tasilo

113 2128 143 2177 se
155 2113 315 2176 ostendere
331 2133 425 2197 posse
440 2134 482 2178 ex
498 2115 626 2180 duobus
640 2115 821 2179 canonibus
837 2115 885 2178 ta.
904 2113 962 2194 ta,
987 2134 1070 2198 qnos
1085 2115 1160 2178 inde
1175 2135 1407 2184 cominemora·

116 2221 162 2302 tit
177 2243 313 2306 quornm
328 2245 413 2310 prror
426 2227 537 2292 Sancti
553 2227 730 2309 Augustini
745 2237 801 2306 est,
817 2228 971 2308 posterior
985 2225 1121 2294 Goneilii
1139 2227 1181 2292 Π.
1197 2227 1405 2295 Arelatensis.

113 2335 225 2401 Atbue
240 2357 306 2402 non
322 2349 446 2422 spectet
470 2338 663 2402 Sanctorum
689 2337 883 2400 Antistitutn
898 2337 1066 2402 sententia.
1109 2337 1272 2422 Imprimis
1288 2339 1321 2404 S.
1338 2339 1407 2406 Au-

111 2447 249 2526 gnstinus
263 2447 298 2511 in
313 2445 400 2510 dieto
425 2465 497 2510 can.
515 2447 564 2509 12.
580 2445 770 2528 deprompto
794 2465 836 2508 ex
853 2445 920 2510 libr.
938 2447 966 2510 1.
993 2465 1063 2528 cap.
1087 2445 1136 2508 12.
1152 2443 1193 2510 de
1215 2444 1406 2512 adulterinis

110 2553 264 2636 conjugiis,
280 2553 361 2617 nilril
387 2541 477 2618 itinn
493 2554 594 2634 docet,
607 2573 711 2636 quarn
725 2553 831 2630 libere,
856 2564 944 2620 etex
960 2554 1085 2636 privata
1099 2553 1266 2618 voluntate
1286 2573 1352 2619 uon
1367 2555 1405 2622 li-

110 2677 172 2725 core
185 2666 241 2729 uni
253 2665 386 2749 eonjrtgi
411 2665 509 2728 altero
524 2665 732 2730 dissentiente
758 2663 926 2744 abstinere,
943 2681 1008 2728 non
1023 2679 1299 2730 sereser-munera
1314 2665 1405 2728 iusti·

110 2772 161 2836 tuit
174 2774 214 2838 de
227 2775 425 2858 temporibus
450 2773 570 2838 seriatis
585 2773 718 2857 publica
742 2771 912 2836 Ecclesiae
938 2771 1009 2853 lege
1025 2769 1230 2854 praestitutis.
1273 2769 1403 2836 Deinde

110 2879 209 2946 Patres
224 2847 430 2947 Arelatenses
456 2883 496 2946 de
512 2881 576 2946 elia
591 2903 693 2947 eausa
707 2882 893 2967 loqtutnttu.
938 2881 1126 2946 Statuerant
1140 2881 1202 2964 ipsi
1227 2879 1259 2946 in
1275 2899 1403 2946 canona

107 2988 161 3069 21,
176 2991 322 3074 publicae
337 2992 550 3074 poenitentiae
575 2991 722 3054 addictos
737 3009 802 3054 non
819 2989 926 3053 solum
942 2989 984 3052 ab
998 2987 1154 3052 uxoribus
1169 2987 1328 3052 abstinere
1346 2985 1401 3052 de-

27 3119 28 3126 *
108 3093 179 3178 bere,
194 3099 249 3163 sud
264 3109 296 3162 et
311 3099 466 3162 uxoribus
491 3099 626 3163 mortuis
642 3101 803 3164 secundas
818 3099 950 3182 nuptias
966 3115 1032 3162 non
1054 3115 1147 3180 posse
1164 3096 1230 3160 ullo
1252 3115 1401 3181 utquam

107 3215 235 3292 tempore
249 3212 447 3275 contrahere.
490 3211 534 3274 Ar
548 3211 582 3276 in
597 3183 752 3294 sequente
776 3229 902 3276 canone
917 3211 979 3289 22,
1005 3209 1062 3292 qui
1078 3208 1164 3274 idem
1179 3219 1228 3274 ost
1242 3229 1319 3274 enm
1333 3209 1397 3274 dic·
1469 3196 1473 3204 ⁵

106 3325 266 3386 tocnncne
284 3323 332 3385 l3.
376 3323 559 3402 Gratianeo,
586 3331 777 3401 statuerunt,
803 3319 991 3405 hujttsmodi
1017 3319 1228 3402 poenitentias
1254 3319 1399 3384 nonnisi

108 3427 373 3492 rennuentibus
386 3427 577 3492 indicendus
592 3447 672 3510 esse,
686 3449 743 3494 eas
756 3430 917 3510 nimirum,
934 3427 1053 3511 quibas
1067 3428 1141 3510 quis
1155 3440 1309 3512 perpetua
1323 3447 1396 3496 con

105 3533 247 3602 tinentiae
262 3539 335 3622 lege
348 3540 574 3624 obstringetur.

139 3644 345 3729 opportunus
360 3649 414 3712 hic
438 3661 521 3712 osset
535 3647 626 3712 locus
642 3648 820 3713 disserendi
845 3648 886 3712 de
901 3635 1055 3732 potesttite
1079 3649 1185 3714 utariti
1201 3649 1234 3714 in
1249 3667 1394 3732 uxorein,

103 3771 178 3834 qnae
192 3757 226 3820 in
239 3759 339 3822 Sacro
354 3757 472 3820 Genesi
487 3777 557 3840 cap.
572 3757 602 3820 Β.
618 3758 717 3820 veluti
735 3757 767 3822 in
784 3756 979 3842 adjutorium
994 3757 1052 3822 viri
1068 3756 1145 3822 data
1160 3755 1278 3822 dieitur
1291 3775 1395 3832 carisa

106 3862 254 3942 regendae
276 3863 430 3944 t‘amilise,
457 3865 502 3928 ita
516 3875 635 3945 tamon,
660 3865 937 3948 quemadmodum
962 3846 1138 3951 esplicavit
1162 3867 1335 3950 Apostolus
1357 3867 1391 3931 iu

98 3971 180 4051 epist.
197 3973 225 4036 1.
239 3973 282 4038 ed
296 3974 441 4040 Corinth.
456 3991 527 4056 cap.
544 3975 603 4054 11,
619 3985 650 4039 ct
665 3975 706 4038 ad
723 3975 883 4058 Ephesios
905 3995 975 4059 cap.
992 3977 1031 4056 5,
1049 3985 1085 4040 ut
1099 3973 1214 4038 mulier
1237 3975 1303 4036 viro
1318 3983 1390 4038 tan·

100 4095 187 4156 quarn
201 4082 306 4164 capiti,
323 4094 355 4152 et
368 4081 671 4170 tauriliae‚ptincipi
687 4085 799 4164 subsit,
815 4104 887 4148 cun.
905 4085 952 4147 11.
970 4084 1018 4148 12.
1037 4083 1096 4163 ld,
1112 4091 1144 4145 et
1166 4083 1214 4144 17.
1229 4099 1317 4144 catis.
1334 4079 1384 4144 31

100 4201 214 4268 quaen
229 4193 268 4271 bs,
295 4193 358 4256 nisi
373 4191 490 4258 dehac
517 4203 671 4275 potestate
691 4195 758 4278 jain
787 4191 1005 4276 praecedente.
1051 4191 1282 4256 Dissertation'e
1308 4189 1390 4272 egis·

99 4309 166 4374 nm,
182 4298 237 4362 ubi
252 4299 359 4362 varias
373 4301 604 4384 conjugiorum,
631 4304 817 4386 praesertim
831 4302 919 4386 apud
937 4313 1057 4366 veteres
1073 4302 1246 4378 Meuanas,
1262 4313 1387 4364 carrua-

27 4425 28 4466 ÷
102 4399 270 4474 henderunt
284 4407 405 4476 terens
419 4411 643 4494 expendereni.
688 4413 838 4478 'Pontum
852 4413 1012 4496 quasdam
1037 4411 1213 4476 enucleabo
1228 4409 1387 4492 quaestio-

27 4543 29 4554 =
100 4529 158 4596 uss,
171 4537 257 4601 quiae
270 4519 363 4588 lnctla
376 4521 553 4602 diluantur,
570 4523 597 4588 si
612 4523 654 4586 ad
669 4522 784 4591 eadem
799 4523 1044 4608 superinsjecto
1067 4521 1225 4608 principie
1241 4518 1385 4606 respicia-
