3120 4980
515 385 605 434 »aaa
621 389 747 454 aaran,
760 389 1008 440 manarant-o
1024 389 1150 461 tatus,

723 679 875 750 CAPUT
901 686 938 750 V.

284 877 350 972 De
363 904 637 986 mndanaatimrc,
652 906 704 974 ael
717 908 926 986 absolutione.
937 893 994 980 'vel
1004 915 1210 1000 purgatione
1223 936 1366 984 reorum.

384 1123 460 1192 Huc
475 1128 630 1196 referendi
646 1143 723 1198 sumt
739 1133 853 1200 titulus
869 1137 918 1202 18.
934 1136 1003 1202 libr.
1017 1133 1059 1219 2,
1075 1140 1160 1206 tituli
1174 1143 1205 1208 2.
1219 1137 1271 1206 22

654 1239 716 1320 st,
742 1253 774 1306 et
798 1243 848 1308 35.
876 1244 943 1308 libr.
970 1249 999 1311 5.

174 1451 265 1674 ΕΤ
290 1600 384 1670 facile
398 1615 455 1686 est,
481 1617 513 1670 et
528 1607 661 1689 plenum
678 1609 827 1691 publicae
855 1609 1001 1674 utilitatis
1027 1611 1193 1694 negotium
1220 1612 1309 1697 leges
1326 1617 1468 1700 poenales

168 1707 251 1777 ferre
266 1714 423 1780 adversus
448 1737 518 1780 reos
546 1719 713 1799 scelerum,
738 1731 796 1784 aut
821 1720 1020 1787 delictorum.
1065 1721 1205 1788 Difficile
1219 1738 1328 1812 antem
1350 1743 1467 1812 semper

171 1819 279 1882 uisum
295 1819 364 1901 fuit,
391 1833 423 1885 et
438 1823 570 1906 plenum
586 1827 728 1909 periculi,
754 1839 827 1911 post
842 1829 924 1892 latas
941 1829 1026 1912 leges
1041 1831 1075 1894 iu
1097 1833 1279 1915 singulares
1294 1837 1466 1916 crimmum,

169 1923 402 1991 delictornmre
417 1947 485 1994 reos
501 1935 707 2013 pronuntiare
722 1935 924 2014 sententiam,
939 1935 982 1998 ob
997 1937 1110 2015 varias,
1127 1957 1212 2019 quae
1226 1959 1386 2005 occurrero
1400 1959 1468 2024 pas·

167 2034 232 2097 sim
247 2035 357 2115 solent,
373 2033 450 2100 iacti
464 2037 693 2122 dubitationem
710 2061 776 2124 qua
790 2043 824 2106 ln
839 2061 871 2105 re
881 2041 1010 2125 jamdiu
1028 2043 1062 2106 in
1077 2043 1232 2125 adagium
1247 2046 1355 2123 abivit,
1370 2046 1468 2110 satius

94 2141 103 2158 “
161 2157 239 2206 asse
254 2143 288 2208 in
303 2143 402 2208 dubio
428 2165 494 2212 non
509 2147 764 2229 damnosorum,
788 2150 935 2232 quirem
959 2149 1040 2212 sorte
1055 2151 1104 2230 sit,
1130 2169 1233 2233 quarn
1258 2152 1369 2234 poenis
1382 2153 1471 2216 inno·

167 2259 296 2316 sentem
321 2247 471 2333 affligere.
513 2253 560 2317 Ut
584 2267 679 2318 catrte
705 2255 748 2319 ad
771 2257 1014 2322 damnationem
1039 2248 1166 2322 reortrm'
1192 2259 1389 2342 procedatur,
1413 2260 1469 2324 tria

168 2355 424 2444 suntvgenaralia
432 2359 585 2442 jacienda
599 2361 756 2446 principia
808 2365 955 2458 Primum
969 2376 1019 2428 ast
1033 2365 1182 2430 damnari
1191 2369 1265 2450 jure
1279 2387 1380 2446 mum,
1396 2385 1470 2434 curm

170 2465 297 2546 propria
312 2466 439 2530 sincera
451 2467 653 2534 eonlassione
675 2489 710 2534 se
724 2489 817 2536 raum
830 2491 902 2538 esse
916 2473 1111 2538 adfirmauit.
1155 2475 1303 2540 Alterum
1316 2487 1373 2558 est,
1394 2489 1471 2542 tunc

170 2576 268 2640 otiam
278 2580 351 2662 jure
376 2597 466 2644 reum
482 2579 639 2662 damnari,
664 2585 742 2646 cum
767 2593 817 2648 est
830 2585 1007 2648 convictus.
1051 2583 1254 2650 Postremum
1269 2599 1326 2665 est,
1349 2597 1471 2652 senten-

170 2684 248 2752 tiam
273 2685 491 2750 damnationis
515 2705 581 2752 non
606 2689 715 2752 statim
740 2699 887 2771 paratam
911 2691 1135 2754 executionem
1162 2693 1288 2772 habers,
1303 2709 1471 2776 quousque

169 2793 280 2877 aliqua
306 2795 530 2879 appellationis
554 2815 658 2862 cansa
682 2809 886 2881 proponatur.
931 2777 1096 2865 Mereatur
1120 2797 1202 2860 haec
1224 2797 1471 2880 singularesob·

169 2907 377 2970 narrationes.

213 3010 375 3092 Imprimis
389 3011 579 3093 generaliter
604 3029 717 3074 vertum
732 3019 788 3092 est,
805 3021 896 3076 muru
911 3013 944 3077 iu
955 3011 1079 3098 judicio
1093 3011 1277 3076 consessum
1296 3015 1369 3098 jure
1382 3012 1472 3076 dam·

168 3123 249 3202 nari,
264 3141 332 3204 cap.
344 3121 374 3184 4.
384 3121 571 3206 deJudioiis,
583 3141 656 3204 cap.
668 3123 697 3186 2.
713 3123 754 3186 de
765 3121 1011 3204 confessis-cap.
1026 3125 1053 3188 1.
1065 3123 1107 3188 de
1121 3123 1384 3188 accusationibus
1396 3123 1431 3188 in
1442 3123 1472 3186 6.

167 3231 373 3298 Tnatamen
399 3231 612 3312 requiruntur,
637 3230 799 3312 utregula
824 3230 1075 3296 locumhabeat.
1120 3231 1265 3296 Primum
1289 3231 1385 3296 debat
1399 3247 1473 3296 con·

167 3341 266 3408 fessio
279 3343 415 3406 scienter
429 3341 602 3426 prudenter
614 3341 721 3425 elicita
736 3361 816 3422 esaa3
833 3359 911 3406 nam
926 3343 953 3404 si
968 3361 1023 3425 per
1044 3363 1179 3408 errorem
1195 3343 1282 3407 facta
1295 3343 1474 3427 deprehan-

167 3450 272 3530 datur,
289 3451 368 3514 nihil
395 3451 573 3514 accusatori
589 3449 734 3533 proderit,
748 3469 820 3532 cap.
837 3450 893 3513 ult.
916 3449 957 3512 de
971 3449 1137 3514 confessis.
1180 3451 1334 3518 Secundo
1347 3449 1473 3516 confes

173 3558 222 3620 aio
236 3555 330 3620 debet
344 3575 416 3620 osse
432 3557 630 3637 veroum-us,
645 3567 775 3639 atquae
790 3575 854 3620 non
871 3570 1027 3640 repugnet
1040 3558 1200 3642 adJunctis
1214 3559 1299 3641 sacti,
1314 3579 1404 3643 quae
1419 3560 1476 3622 cri·

168 3683 244 3730 men
260 3663 405 3728 delatum
431 3663 659 3747 undecumque
673 3666 893 3728 circumstant:
919 3664 997 3728 hinc
1011 3664 1117 3746 ajebat
1141 3663 1266 3728 Paulus
1280 3665 1315 3728 in
1335 3665 1354 3728 l.
1376 3666 1427 3729 13.
1443 3663 1475 3728 ld

167 3769 209 3838 de
224 3771 405 3854 interrogat.
420 3771 454 3834 in
475 3773 547 3856 jure
561 3771 708 3852 faciend,
734 3771 951 3838 consessiones
965 3772 1168 3836 naturalibus
1192 3773 1368 3838 convenire
1384 3792 1476 3856 opor·

165 3891 241 3959 tore,
256 3891 288 3942 et
302 3879 479 3944 Javolenus
494 3881 529 3943 iu
543 3879 564 3942 l·
580 3880 628 3943 14.
643 3879 676 3942 ff.
691 3881 770 3962 eod,
785 3879 1002 3944 confossiones
1017 3881 1062 3942 ita
1077 3889 1163 3944 ratas
1177 3897 1257 3958 esse,
1279 3879 1308 3943 si
1322 3877 1367 3960 id,
1383 3877 1475 3963 quod
1551 3907 1552 3952 t

166 3989 201 4052 in
215 3986 451 4052 confessionem
476 3989 572 4065 venit,
587 3999 620 4052 et
629 3987 731 4072 juset
756 3998 908 4060 naturam
929 3985 1070 4068 racipere
1084 3971 1196 4067 pcte‘st.
1238 3983 1294 4048 Sic
1310 3993 1346 4046 ut
1361 4003 1475 4050 exem·

165 4099 258 4184 plum
272 4096 439 4182 proferam,
454 4099 511 4180 qui
526 4097 725 4181 profiteretur
747 4099 912 4163 hominem
926 4097 1091 4175 occidisse,
1106 4096 1163 4178 qui
1178 4095 1276 4160 riuus
1297 4097 1349 4176 sit,
1365 4115 1476 4179 poena

165 4207 333 4272 homicidii
346 4207 451 4291 puniri
467 4225 531 4272 non
557 4207 693 4287 deberet,
709 4206 732 4270 l.
744 4207 797 4276 23.
815 4209 839 4274 l.
854 4205 921 4284 ult,
937 4205 957 4269 l.
972 4204 1033 4284 24,
1059 4215 1092 4270 et
1105 4205 1156 4269 25.
1170 4203 1203 4268 ffi
1219 4203 1263 4268 ad
1279 4205 1339 4286 leg.
1358 4203 1474 4308 Aquil

163 4316 278 4382 Tertio
303 4315 461 4380 consessio
485 4324 574 4380 metu
599 4323 725 4378 extorta
748 4331 814 4380 non
829 4312 975 4393 sufficiet,
1002 4323 1039 4375 ut
1052 4326 1126 4376 reus
1151 4309 1330 4388 damnetur,
1347 4329 1427 4374 cam
1445 4312 1474 4372 l.

165 4439 253 4494 acus.
271 4421 321 4486 15.
346 4430 469 4506 quaest.
494 4419 534 4500 6,
547 4418 665 4485 aaut
689 4437 779 4484 caus.
804 4419 855 4483 31.
870 4429 995 4502 quaest
1009 4418 1050 4500 dc,
1075 4415 1163 4500 quod
1178 4415 1323 4480 absolute
1350 4433 1474 4482 varum
