3216 4988
213 371 277 436 236
461 395 552 438 raas
568 357 694 454 sarus,
717 397 956 445 ntssanrtrro
981 399 1136 460 nutant,
1154 401 1232 448 car.
1248 383 1290 448 11.
1579 395 1580 466 1

212 512 369 596 Magister
396 517 629 582 sententiarum
646 519 806 620 medicam
832 531 935 586 artem
950 521 1112 604 professus
1126 535 1183 602 eat,
1209 525 1342 608 qualem
1360 539 1391 591 et
1404 527 1500 594 Mona-

213 622 266 686 chi
284 641 417 688 nurnero
434 623 572 708 plurimi,
600 631 785 708 praesertim
800 629 889 712 apud
916 629 1090 714 Principes.
1128 631 1223 696 Adde
1235 651 1306 715 cap.
1322 634 1351 696 ⁷.
1365 632 1404 696 de
1417 645 1499 699 aetat.
1579 659 1580 668 ¹

212 742 245 796 et
259 731 347 812 qual.
364 731 461 814 praef.
506 734 619 816 Itaque
635 734 715 800 dum
740 747 772 800 et
782 737 873 820 juris,
888 748 920 800 et
934 737 1150 820 Physicarurn
1172 757 1276 802 return
1300 739 1429 803 scientia
1442 740 1501 804 Ole-

214 841 297 904 ricos
312 859 424 923 aeque,
442 859 480 906 ac
497 842 676 909 Monachus
692 842 864 924 detinebat,
889 844 1111 928 negligebatur
1125 863 1205 910 cura
1220 863 1391 924 sacromm,
1405 856 1434 908 et
1446 864 1501 908 nro
1579 901 1580 948 ,

214 951 357 1020 nesticae
373 951 581 1018 sollicitudini
609 955 682 1020 vale
696 955 872 1039 dicebatur,
917 957 1064 1025 Primum
1079 958 1113 1020 in
1128 957 1351 1024 Lateranensi
1373 957 1501 1025 mimia

213 1059 394 1124 Innocentii
412 1061 453 1126 ll.
469 1063 548 1126 anni
565 1063 655 1128 1139.
664 1082 743 1136 ,can
760 1065 790 1126 9.
807 1067 943 1131 vetitum
958 1066 1140 1146 Monachis,
1155 1078 1186 1130 et
1201 1063 1375 1132 canonicis
1395 1065 1502 1150 regula·
1579 1049 1580 1132 l

153 1211 156 1216 -
213 1170 302 1232 ribus
318 1169 389 1248 suit,
405 1189 445 1234 ne
460 1171 547 1252 leges
564 1172 754 1252 saeculares,
770 1185 802 1236 et
817 1173 1014 1238 medicinam
1029 1173 1240 1250 addiscerent,
1256 1173 1314 1240 aul
1328 1183 1504 1250 exararem,

214 1289 250 1343 ut
265 1277 341 1340 inde
356 1289 438 1342 totas
466 1280 552 1344 vires
572 1279 775 1348 intenderent
800 1283 908 1365 potiris
923 1283 955 1346 in
983 1281 1091 1349 studia
1106 1279 1317 1362 Theologiae,
1343 1297 1425 1360 quas
1444 1288 1502 1342 turn
1579 1271 1580 1352 l

129 1397 132 1403 ’
213 1387 354 1468 primum
370 1389 541 1452 instaurari
557 1373 748 1473 coeperant,
763 1393 950 1460 instituente
966 1389 1190 1472 praecaeteris
1216 1387 1310 1452 Petro
1326 1382 1502 1460 Lombardo‚

212 1513 312 1576 quem
326 1495 439 1560 eodem
457 1507 597 1580 ternpore
621 1499 687 1562 alia
700 1519 743 1562 err
758 1509 849 1582 parte
865 1499 1050 1567 aemulatus
1070 1511 1120 1564 est
1134 1497 1318 1565 Monachus
1333 1495 1504 1572 Gratianus,

212 1623 375 1668 renovans
400 1604 508 1668 studia
534 1617 679 1672 veterum
705 1625 878 1672 munuum.
922 1609 1001 1680 Qua
1017 1607 1051 1671 in
1077 1624 1110 1668 re
1131 1604 1358 1678 observatione
1382 1601 1504 1682 dignum

210 1721 269 1787 ast,
285 1707 539 1777 Lateranensem
566 1731 725 1778 canonem
741 1711 841 1778 tuisse
867 1714 1001 1781 omnino
1015 1709 1199 1778 executioni
1221 1707 1417 1774 mandatum
1430 1711 1461 1774 iu
1473 1725 1505 1772 ea

209 1831 308 1902 parte,
325 1839 392 1901 qua
407 1819 655 1890 interdicebatur
681 1821 837 1904 physicae
852 1820 977 1902 studiis3
995 1821 1029 1884 in
1043 1840 1082 1886 ea
1097 1830 1208 1885 autern
1222 1829 1322 1902 parte,
1343 1817 1504 1900 quainter·

113 1931 116 1938 '
211 1929 377 1994 dicebatur
392 1929 508 1996 studiis
524 1931 643 2014 legum,
669 1931 785 1998 modus
808 1932 953 2017 adJectus
968 1944 1017 1996 est
1030 1929 1237 2016 ex'prudenti
1249 1931 1504 2014 interpretatione,

210 2039 394 2122 rttqoidetn
420 2051 452 2105 et
467 2041 630 2119 Monachi,
657 2051 688 2103 et
716 2040 874 2108 Canoniei
900 2043 1064 2126 regulares
1090 2041 1288 2118 abstinerent
1307 2045 1328 2106 a
1344 2056 1506 2106 causarum

210 2149 406 2232 patrociniis,
422 2161 454 2213 et
464 2151 598 2233 judiciis
611 2150 758 2233 publicis,
776 2151 885 2217 adhuc
901 2162 1010 2219 tantm
1037 2150 1154 2217 studiis
1170 2150 1279 2234 legum
1294 2149 1505 2215 &mnarum

209 2271 345 2324 eatenus
360 2281 491 2345 operam
514 2263 591 2326 dara
608 2263 759 2341 ualerent,
785 2273 948 2344 quatenus
975 2262 1092 2328 studiis
1103 2262 1185 2344 juris
1208 2261 1350 2326 Romani
1373 2257 1506 2344 adjurari

208 2383 340 2453 possent
365 2371 474 2436 studia
500 2373 610 2457 legum
636 2373 952 2454 Ecclesiasticarum,
976 2373 1062 2456 qued
1078 2374 1219 2458 primum
1242 2372 1331 2438 sacto
1345 2393 1408 2440 auo
1428 2373 1506 2436 ratu

208 2498 257 2547 est
282 2485 501 2550 insinuavisse
524 2484 710 2550 Monachus
734 2486 919 2564 Gratianus,
944 2487 1001 2568 qui
1016 2485 1096 2550 dum
1122 2505 1167 2550 eo.
1186 2496 1327 2568 ternpore
1355 2502 1508 2550 canonum

207 2603 422 2656 monumenta
438 2591 635 2674 compilarat,
663 2591 753 2654 varia
770 2591 880 2674 legum
896 2591 1118 2656 Romanarum
1143 2601 1359 2658 monumenta
1385 2590 1507 2654 manere

208 2718 274 2764 non
289 2699 459 2781 dubitaris
476 2698 605 2774 deinde
621 2701 711 2764 visus
726 2710 775 2764 est
789 2673 1049 2782 comprobavistis
1076 2701 1200 2769 Lucius
1216 2701 1284 2780 111,
1301 2701 1384 2766 dum
1400 2702 1432 2764 in
1446 2719 1506 2782 sap.

209 2809 237 2872 l.
253 2807 294 2872 de
309 2809 401 2872 novis
416 2827 502 2890 oper.
520 2826 608 2874 nurrc
624 2809 759 2890 scripsit,
788 2830 960 2874 summum
975 2817 1105 2876 Matala
1126 2831 1290 2876 namnum
1313 2811 1507 2893 Principum

207 2915 497 2980 constitutionibus
516 2913 684 2999 ωἰᾴαυανῗ,
729 2916 918 2982 Laudatum
933 2936 1093 3006 canamus
1115 2919 1371 2984 Lateraneusem
1387 2935 1507 2982 renora-

205 3029 251 3090 rit
268 3027 455 3090 Alexander
480 3027 537 3092 111.
555 3029 588 3092 iu
603 3029 790 3092 Turonensi
815 3030 962 3094 Concilio
976 3031 1055 3096 anni
1072 3031 1172 3110 ltus,
1199 3035 1269 3113 cap.
1285 3029 1314 3093 3.
1332 3049 1376 3095 ne
1392 3028 1505 3104 Clerici,

206 3137 257 3198 vel
275 3136 438 3214 Monachi,
466 3155 530 3218 quo
544 3148 680 3200 cautum
694 3148 753 3215 est,¹
769 3157 809 3202 ne
824 3138 988 3222 regulares
1014 3137 1174 3223 (intellige
1189 3137 1241 3200 vel
1257 3136 1447 3213 Monachus,
1462 3131 1505 3194 sel

207 3244 390 3334 canonicos
416 3245 577 3328 regulares
588 3247 685 3327 jrtxta
709 3265 869 3310 canonem
885 3247 1138 3312 Lateranenram
1154 3247 1251 3311 ruodo
1267 3246 1453 3327 laudatum)
1469 3241 1508 3306 ad

204 3354 365 3436 legendas
390 3355 489 3449 legas,
515 3355 566 3423 nel
591 3333 804 3434 confectiones
825 3357 1017 3450 physicales
1040 3357 1275 3441 portdernndas
1300 3356 1342 3420 de
1357 3351 1504 3420 matris

205 3461 279 3524 stris
294 3462 429 3524 scirent.
474 3461 549 3526 Duo
564 3471 655 3524 erant
680 3461 808 3546 effugia,
826 3466 945 3546 quibus
972 3465 1150 3548 Regulares
1171 3463 1381 3548 disciplinam
1404 3459 1506 3526 Conci·

207 3568 241 3632 lii
258 3568 489 3634 Lateranensis
504 3569 641 3634 evadere
657 3573 856 3654 satagebant.
901 3567 1040 3657 Ajebant
1054 3573 1203 3656 primurn,
1220 3588 1255 3634 se
1270 3572 1314 3636 ad
1329 3570 1507 3636 academias

108 3699 113 3770 j
205 3677 335 3756 invitari
352 3679 392 3742 ad
421 3681 581 3764 legendas
596 3680 692 3764 leges,
719 3681 771 3744 vel
786 3681 941 3762 physicas
967 3693 1058 3761 artes,
1086 3683 1180 3764 quasi
1206 3682 1266 3764 ipsi
1289 3680 1506 3765 praecaeteris

203 3803 258 3848 eas
274 3785 463 3868 disciplinas
478 3787 639 3866 callerent,
656 3809 738 3870 quas
753 3789 926 3872 praecipue
939 3790 999 3872 ipsi
1015 3791 1093 3852 olim
1109 3789 1327 3854 excoluerant.
1376 3791 1505 3874 Ajebaut

207 3892 333 3972 deinde,
349 3915 384 3956 se
400 3894 472 3957 ideo
488 3895 668 3958 medicinae
678 3915 808 3977 operam
824 3897 908 3976 dare,
926 3897 1014 3979 quod
1028 3895 1132 3960 forent
1147 3897 1383 3977 languentibus
1398 3898 1432 3958 irr
1447 3893 1505 3956 Mo

203 4017 344 4067 nasterro
359 4003 509 4068 fratribus
520 4021 613 4086 optem
628 4005 742 4084 daturi,
760 4017 861 4068 atrtse
873 4023 1003 4088 operam
1015 4023 1137 4068 narare
1153 4004 1262 4085 legum
1276 4002 1405 4079 studiis,
1421 3997 1501 4082 quod

134 4109 137 4120 '
201 4111 305 4176 forent
322 4112 694 4194 fidelirtsecclesiastica
720 4113 850 4194 negotia
866 4113 1039 4178 tractaturi.
1085 4113 1213 4177 Veritus
1240 4110 1427 4180 Alexander
1442 4106 1504 4180 111,

202 4241 243 4284 nc
258 4209 422 4288 occasione
448 4223 604 4286 scientiae
618 4222 817 4304 spirituales
838 4224 905 4286 ciri
918 4223 1103 4286 nntudant's
1118 4241 1240 4286 mustra
1266 4220 1449 4286 actionibus
1463 4218 1505 4278 iu·

201 4329 415 4408 volverentur,
443 4341 629 4412 praetentus
646 4330 716 4392 illos
741 4331 875 4397 omnino
891 4331 1003 4413 rejecit
1049 4332 1176 4394 Interea
1192 4332 1224 4394 in
1252 4329 1304 4392 his
1329 4325 1502 4391 canonibus

200 4451 408 4520 praeceptum
436 4439 600 4519 spectabat
616 4449 743 4502 teritum
769 4439 956 4518 Monachos,
985 4450 1016 4502 ct
1034 4417 1217 4504 Garrouicos
1239 4434 1412 4517 regulares,
1435 4448 1503 4498 noa-
