3276 4984
115 436 158 481 on
173 434 374 480 centauros
392 433 556 493 minuar,
570 431 788 492 assumens,
805 433 854 477 nn
867 409 1104 480 esurieris.
1120 429 1325 476 eumenem.
1370 411 1412 478 la

113 571 228 626 natura
244 558 409 638 fiduciam,
424 555 566 639 satisque
581 556 709 638 putarit
732 553 876 618 societati
896 553 1089 634 consultum,
1104 553 1180 618 siin
1195 553 1414 620 minimum

113 669 283 752 anguinis
311 667 481 732 vinculum
505 665 681 730 terendam
709 663 791 728 inter
819 683 873 728 eos
901 664 1092 730 charitatem
1119 662 1254 743 τάττοι,
1282 663 1412 728 malint·

113 793 173 856 qne
197 793 315 838 curam
337 773 551 838 sollicitiorem
576 773 689 836 haberi
712 773 928 852 remotiorum,
953 773 1031 836 istos
1057 791 1132 856 prae
1156 771 1221 838 illis
1242 771 1286 839 ed
1309 791 1414 838 novos

114 881 388 945 matrimoniorum
403 899 510 946 nexus
532 881 731 946 advocanda.
775 881 876 952 Quod
899 880 940 944 de
964 880 1122 962 fratribus,
1137 891 1170 946 et
1184 883 1344 948 sororibus
1365 883 1417 950 dl.

114 1007 155 1066 co,
179 987 282 1052 facile
307 992 530 1074 unusquisque
554 991 812 1056 accommodabit
836 992 967 1074 patruis,
982 991 1035 1069 vel
1059 992 1231 1056 avunculis
1245 1003 1278 1054 et
1291 991 1413 1076 nepoti·

114 1097 179 1178 bns,
196 1099 348 1182 privigno
362 1109 395 1162 et
409 1075 573 1179 novercae,
599 1100 712 1164 sitrico
736 1109 769 1163 et
793 1101 969 1184 privignae,
995 1119 1103 1164 socero
1125 1109 1158 1164 et
1180 1101 1283 1182 notui,
1297 1102 1413 1168 merito

113 1216 141 1268 et
153 1207 258 1270 sorori
274 1206 391 1286 uxoris,
408 1208 500 1272 uxori
516 1218 553 1270 ut
566 1205 654 1272 fratri
668 1205 782 1284 mariti,
797 1207 905 1289 nepoti
919 1217 951 1268 et
966 1207 1057 1270 uxori
1073 1207 1184 1288 patrui,
1201 1207 1253 1272 vel
1268 1225 1415 1276 aranon·

114 1316 142 1378 li.
185 1313 297 1380 Verba
310 1316 496 1397 Augustini,
511 1316 630 1398 quibus
645 1325 711 1380 tota
725 1316 806 1380 hoec
827 1316 1006 1380 observatio
1027 1317 1184 1398 innititur,
1204 1317 1365 1384 habentur
1378 1320 1416 1389 in

115 1425 180 1490 nne
199 1427 249 1488 rs.
266 1423 523 1491 decimatrus
536 1445 606 1508 cap.
623 1425 682 1506 m,
699 1423 804 1490 uerae
816 1425 897 1490 nra
908 1425 999 1506 reae
1010 1427 1150 1492 neam
1161 1429 1311 1513 conjugio
1319 1415 1423 1515 juna

114 1535 152 1598 tis
166 1534 214 1596 ita
226 1533 403 1598 disserebat
416 1535 556 1598 Sanctus
578 1535 731 1598 Antistes:
753 1533 883 1600 Habita
897 1543 945 1599 est
969 1539 1057 1600 ratio
1070 1539 1257 1603 rectissima
1270 1541 1415 1607 maritu-

113 1649 167 1724 tis,
185 1655 224 1710 nt
235 1645 393 1726 nomines,
411 1645 529 1731 quibus
542 1654 625 1708 esset
635 1648 731 1710 utilis
746 1655 844 1732 atque
858 1648 994 1712 bonesta
1008 1650 1187 1729 eoncordia,
1203 1651 1416 1721 diuersorum

113 1755 395 1820 neoessdndinnm
419 1756 563 1820 vinculis
583 1763 794 1834 nectnentnr,
820 1777 879 1820 nea
899 1777 990 1821 unire
1004 1759 1041 1821 in
1054 1781 1120 1822 uno
1134 1761 1260 1826 multas
1273 1763 1413 1829 baberet.

113 1867 170 1930 sed
182 1866 344 1948 singem
357 1873 597 1948 spargerentur
607 1866 645 1928 in
658 1845 825 1948 singulos·
840 1888 879 1930 ac
892 1868 941 1932 sic
965 1868 1011 1931 ad
1034 1871 1188 1934 socialem
1211 1873 1316 1938 uitam
1339 1875 1415 1939 diii·

111 1979 271 2062 gerrtinrn
294 1978 520 2061 colligandam
538 1978 708 2061 plurimae
726 1978 892 2062 plurimos
906 1981 1093 2045 obtinerent.
1117 1983 1222 2048 Pater
1238 1989 1367 2072 quippe,
1384 1997 1416 2052 et

114 2109 201 2152 socer
217 2087 367 2150 duarum
380 2095 460 2150 sunt
474 2087 754 2150 necessitudinum
777 2089 923 2151 nomina.
976 2087 1020 2153 Ut
1044 2109 1123 2173 ergo
1146 2091 1255 2154 alium
1277 2097 1416 2180 quisque

115 2197 236 2260 babeat
244 2205 385 2281 patrem,
397 2195 504 2258 aliurn
514 2215 668 2274 soranum,
679 2197 890 2260 numerosius
901 2219 935 2261 es
943 2199 1090 2262 citaritas
1096 2203 1255 2284 porrigit.
1281 2203 1415 2270 Utrnrn·

116 2328 175 2392 qne
190 2315 306 2372 autem
320 2327 410 2370 nnus
425 2305 534 2370 Adam
557 2327 626 2368 esse
649 2307 824 2390 cogebatur
838 2307 967 2390 etfiliis,
990 2318 1021 2372 et
1026 2309 1167 2392 filiabus
1181 2315 1268 2395 suis,·
1283 2317 1416 2401 quando

108 2421 249 2501 fratres,
266 2437 452 2502 sororesque
467 2417 870 2502 corifugiojnngebantur.
895 2417 952 2482 Sic
967 2423 997 2482 et
1019 2420 1181 2486 Erannor
1196 2425 1267 2508 ejus
1281 2429 1416 2512 utrique

115 2527 458 2616 mistliommfud
472 2536 502 2590 et
522 2549 642 2607 socrus,
659 2536 812 2606 etmater,
839 2547 921 2613 quae
941 2531 972 2592 si
997 2529 1082 2594 duae
1098 2533 1413 2618 feminaefirissent,

115 2651 224 2706 mater
239 2641 355 2716 altera,
371 2647 402 2702 et
415 2657 529 2701 socrus
550 2637 664 2715 altera,
688 2638 852 2722 copiosius
877 2661 911 2702 se
935 2641 1067 2704 socialis
1090 2641 1218 2706 dilectio
1233 2645 1413 2728 colligaret,

115 2751 196 2838 Ipsa
211 2750 437 2834 deniquejam
451 2768 550 2826 soror,
574 2747 774 2832 quodetiam
797 2749 1000 2830 nnorfiebat,
1027 2751 1114 2811 diras
1129 2753 1254 2814 tenebat
1278 2775 1348 2818 unc
1361 2777 1416 2820 ne·

114 2859 343 2932 eemundines,
359 2857 478 2941 quibus
489 2877 550 2939 per
574 2857 731 2938 singulas
756 2855 951 2932 distributis,
976 2863 1016 2916 nt
1039 2855 1144 2918 alteru
1159 2865 1240 2918 esset
1253 2877 1352 2940 soror,
1368 2867 1415 2929 at-

115 2983 187 3036 tera
202 2989 293 3034 uror
308 2967 478 3030 bominum
490 2985 625 3028 numero
640 2963 771 3028 socialis
782 2963 1020 3048 propinquitas
1042 2973 1231 3046 augeretur.
1277 2967 1344 3032 Sed
1357 2974 1416 3040 boe

115 3079 318 3164 nrrdefieret,
335 3085 412 3139 tunc
425 3095 492 3138 non
506 3082 584 3152 erat,
596 3073 725 3158 quando
737 3073 805 3135 nisi
810 3074 951 3154 fratres,
967 3081 997 3135 et
1012 3093 1136 3136 sorores
1152 3095 1191 3137 en
1206 3076 1275 3140 illis
1289 3077 1415 3141 duobus

112 3195 240 3279 prirnis
253 3191 342 3253 nrtili
356 3188 502 3250 homines
517 3194 620 3248 mant.
644 3232 650 3247 .
675 3232 682 3246 .
706 3232 714 3245 .
738 3183 820 3250 Fuit
835 3187 984 3270 antiquis
998 3185 1162 3250 Patribus
1171 3188 1348 3286 religiosae
1362 3211 1415 3254 cu·

115 3325 179 3382 rae,
195 3325 238 3366 ne
253 3301 332 3384 ipsa
343 3297 579 3383 propinquitas
592 3315 627 3357 se
640 3296 809 3379 parrlatirn
822 3297 1052 3380 propaginum
1074 3296 1244 3359 ordinibus
1256 3299 1417 3365 dirimens

118 3411 256 3494 longius
271 3408 385 3483 abiret,
402 3414 432 3468 et
443 3405 679 3489 propinquitas
694 3423 762 3465 esse
775 3403 951 3480 desisteret,
968 3423 1042 3465 eam
1055 3403 1203 3466 nondum
1218 3403 1315 3487 lorrge
1329 3408 1416 3490 posi

117 3531 187 3584 tam
201 3538 328 3584 rursus
337 3515 548 3578 matrimonio
563 3513 724 3595 colligari,
741 3519 772 3574 et
796 3509 1033 3596 quodammodo
1056 3529 1203 3582 revocare
1210 3509 1414 3593 suginrtem.

117 3632 191 3696 Non
206 3629 283 3693 heic
299 3626 447 3688 subsisto:
463 3623 562 3685 altera
576 3621 663 3683 enim
677 3631 855 3702 opportuna
868 3629 917 3680 est
940 3618 1119 3680 observatio
1139 3618 1172 3680 in
1187 3617 1300 3682 eodem
1323 3639 1417 3702 argu·

118 3757 237 3806 memo.
282 3737 458 3808 Quaedam
472 3743 556 3814 sunt,
571 3751 655 3814 quae
676 3751 742 3794 non
764 3731 806 3793 ab
830 3729 921 3792 initio
945 3740 1061 3793 natura
1084 3731 1261 3812 praestituit
1285 3731 1417 3814 speciali

120 3851 197 3935 lege,
210 3849 304 3935 quod
317 3867 436 3912 causae
460 3843 689 3928 praestituendi
711 3839 891 3920 deficerent,
916 3839 991 3902 inde
1013 3852 1122 3903 tamen
1137 3842 1282 3922 subortis,
1297 3843 1415 3924 causis3

120 3959 324 4024 naturalibus
346 3953 620 4038 praeceptionibus
645 3951 875 4034 comprehensa
900 3949 1118 4032 intelligimus.
1161 3951 1206 4014 Ut
1230 3953 1418 4034 exemplum

120 4071 327 4154 perspicuum
340 4061 474 4144 tradem,
487 4061 579 4128 fateri
591 4080 721 4124 necesse
730 4071 786 4138 est,
798 4057 943 4124 futurum
952 4069 1144 4121 essenatura
1155 4059 1315 4140 probrum;
1327 4070 1361 4123 at
1371 4059 1418 4124 in·

121 4189 205 4240 terea
220 4173 370 4239 naturale
384 4169 459 4236 furti
474 4170 678 4234 interdictum
690 4187 755 4232 non
768 4167 982 4251 percipiebant
996 4165 1150 4247 homines,
1160 4187 1304 4250 quosque
1316 4169 1349 4232 in
1365 4170 1419 4231 bo

118 4302 235 4348 norum
246 4281 394 4345 omnium
405 4280 631 4344 communione
643 4279 861 4356 constiterunt,
874 4286 942 4340 tum
957 4275 1096 4358 primum
1105 4287 1221 4340 nature
1235 4287 1340 4340 vetere
1354 4275 1419 4342 fur·

120 4404 189 4456 tnrn
201 4389 386 4475 incipiente,
397 4410 473 4454 cum
485 4389 525 4453 de
532 4387 746 4452 dominiorum
755 4385 981 4450 constitutione
992 4387 1170 4468 cogitatum
1184 4396 1240 4466 est,
1256 4395 1288 4448 et
1302 4385 1419 4454 deven-

2 4571 3 4576 ,
120 4525 190 4578 tnm
203 4509 249 4576 ad
264 4524 374 4575 rerum
389 4501 588 4566 divisionem.
631 4495 676 4561 Ut
686 4495 817 4581 propius
832 4487 875 4556 ad
896 4511 963 4556 rem
985 4491 1148 4574 accedam,
1173 4491 1363 4576 progredior,
1388 4503 1422 4559 et
