3134 4984
211 443 274 512 tta
442 461 531 527 raus
549 465 674 530 ruint,
691 469 935 517 orssunrrrro
949 472 1122 537 sueonos,
1137 476 1216 521 cnr.
1230 455 1286 522 IV.

209 587 350 675 pendere
364 585 499 672 doceret,
519 591 605 654 unde
621 609 678 675 pro
694 593 848 658 varietate
864 593 1089 679 adjunctorum
1104 597 1195 662 varia
1209 617 1338 684 qnoque
1351 599 1483 664 mittentis

210 711 295 763 esset
310 681 507 783 proferenda.
537 701 614 764 Huc
629 711 760 785 spectat,
775 703 863 784 quod
879 703 970 768 initio
984 705 1158 787 profitetur,
1174 727 1208 770 se
1224 709 1379 787 emeritis,
1396 719 1423 774 et
1427 712 1483 793 sre-

209 819 345 894 patenter
360 809 458 874 fuisse
473 811 714 894 interrogatum,
731 812 805 888 huc,
821 811 908 896 quod
924 813 1041 876 deinde
1056 815 1192 898 subjicit,
1207 815 1361 897 diuersos,
1375 819 1483 882 diversa

209 923 365 999 reiecisse·
391 920 465 1004 huc,
480 919 567 1002 quod
584 929 699 1000 mouet,
725 939 810 1001 eum,
835 919 955 1004 dequo
980 921 1202 1004 quaerebatur,
1228 925 1265 987 in
1278 925 1441 1008 principio,
1459 921 1484 986 id

209 1041 266 1111 est,
293 1029 372 1094 durn
398 1028 571 1113 prudentes
596 1029 680 1091 viros
703 1027 743 1090 de
768 1049 808 1091 ea
833 1047 867 1092 re
890 1030 1079 1110 consuleret,
1101 1032 1283 1114 protestari
1302 1031 1485 1114 propositum

210 1157 327 1216 sutrm;
341 1137 415 1214 huc,
431 1135 519 1218 quod
534 1136 706 1216 concludit,
732 1137 934 1224 inquirenda
948 1143 1017 1202 esse
1030 1139 1175 1217 sollicite,
1202 1161 1286 1225 quae
1299 1139 1486 1222 eieosuerint

211 1245 420 1328 requirendo.
464 1243 601 1326 Insuper
615 1245 758 1326 observo,
785 1247 1011 1311 Innocentium
1028 1247 1061 1310 in
1088 1247 1295 1310 dictinctione
1309 1248 1485 1310 duornmca·

213 1369 311 1414 strum
328 1351 535 1434 proponenda
550 1367 614 1414 non
629 1347 840 1434 legislatorem
856 1371 951 1434 agere
962 1353 1071 1432 videri,
1087 1353 1144 1416 sed
1156 1355 1261 1436 potius
1276 1373 1360 1432 enm,
1370 1355 1420 1436 qui
1433 1371 1487 1433 prn-

212 1460 292 1523 dens
308 1460 480 1524 consilium
496 1479 552 1543 pro
567 1458 644 1523 facti
667 1460 827 1546 adjtmctis
843 1461 1054 1542 sequendum,
1069 1460 1122 1523 vel
1138 1479 1202 1523 non
1228 1461 1424 1542 sequendum
1437 1463 1491 1539 pro¹

211 1583 318 1656 ponat,
335 1571 414 1636 dum
430 1557 483 1636 ait:
510 1593 571 1636 nos
585 1574 751 1637 erudimus
776 1573 1070 1657 distinguendum;
1095 1572 1302 1656 praevidebat
1329 1573 1409 1635 enirn
1427 1568 1488 1631 lorte

214 1678 324 1744 utilem
340 1677 484 1742 futuram
509 1699 582 1742 eam
599 1681 846 1762 distinctionem,
874 1682 901 1744 si
915 1694 1001 1744 certa
1026 1659 1162 1746 luissent
1186 1679 1262 1744 sacti
1289 1679 1441 1765 adjuncta,
1459 1675 1489 1740 tle

212 1790 331 1872 quibus
347 1809 417 1851 esse
432 1789 573 1871 suspicio
589 1801 718 1871 poterat,
735 1789 812 1852 sorte
828 1801 937 1853 antem
953 1789 1101 1854 inutilem
1116 1791 1149 1853 in
1165 1789 1238 1852 aliis
1253 1789 1332 1853 facti
1347 1787 1488 1873 adjunctis,

210 1917 294 1982 quae
311 1899 535 1961 Innocentium
552 1897 702 1978 latebant3
720 1911 816 1980 atque
833 1899 866 1961 id
880 1911 936 1978 est,
963 1900 1049 1981 quod
1065 1901 1275 1963 Innocentius
1297 1901 1426 1983 subjicit,
1440 1915 1489 1960 non

213 2006 495 2078 indiscriminatim
520 2026 594 2068 earn
609 2005 847 2070 distinctionem
873 2027 944 2070 esse
959 2005 1165 2084 seruandam,
1190 2007 1245 2068 sed
1263 2007 1369 2088 potius
1383 2023 1444 2066 esse
1455 2001 1490 2064 di·

215 2118 338 2200 ligenti
364 2115 573 2180 meditatione
593 2117 818 2200 pensandam,-
845 2137 999 2200 quorsum
1021 2119 1108 2181 enim
1136 2117 1282 2200 diligenti
1308 2115 1491 2180 meditatione

213 2223 323 2288 adhuc
338 2223 541 2307 pensandam
567 2241 637 2286 esse
653 2221 861 2302 definivisset,
888 2225 914 2286 si
930 2236 1016 2286 certa
1026 2225 1107 2308 juris
1123 2223 1234 2307 regula
1256 2221 1416 2287 distinctio
1429 2215 1492 2280 inni·

213 2335 345 2398 teretur?
388 2335 464 2398 Post
478 2333 558 2396 haec
585 2331 775 2414 generalitor
789 2343 985 2414 praenotata,
1012 2353 1054 2396 ex
1069 2333 1187 2414 quibus
1202 2333 1314 2415 liquet,
1332 2329 1428 2395 mtrlta
1441 2325 1492 2388 ani·

213 2456 267 2506 mo
294 2441 472 2506 versavisse
498 2431 731 2519 Innocentium,
759 2457 843 2522 quae
870 2439 902 2503 in
923 2441 1072 2524 rescripto
1096 2439 1347 2524 prudentissime
1372 2457 1432 2504 non
1453 2453 1494 2498 ex·

213 2549 336 2632 pressit,
364 2547 458 2610 liceat
473 2548 553 2612 milri
576 2549 730 2631 conjicere
754 2547 934 2612 innocentii
951 2559 1101 2614 mentem.
1145 2547 1336 2613 Verosimile
1350 2561 1404 2628 est,
1427 2563 1492 2620 eum,

213 2654 254 2718 de
269 2674 334 2738 quo
348 2655 569 2736 quaerebatur,
596 2655 759 2718 hominem
778 2653 876 2718 luisse
902 2656 1008 2736 variis,
1035 2654 1212 2739 etquidem
1229 2675 1295 2720 non
1318 2651 1495 2719 levibuscri·

214 2769 357 2836 minibus
371 2769 450 2832 olim
464 2767 619 2847 deditum,
645 2767 701 2850 qni
718 2765 833 2831 deinde
849 2767 1063 2851 poenitentiae
1078 2789 1187 2850 causa,
1213 2769 1292 2833 forte
1309 2793 1351 2836 ex
1366 2766 1495 2835 Sacerdo-

214 2880 255 2943 tis
270 2879 467 2942 absolventis
476 2875 604 2961 judicio,
623 2873 837 2940 monasticam
854 2878 954 2939 vitam
969 2876 1129 2962 amplecti,
1152 2889 1208 2940 ant
1224 2875 1450 2940 lilonasterinm
1464 2871 1497 2932 in·
1548 2899 1549 2912 κ

213 2983 303 3069 gredi
318 2985 387 3048 sine
402 2995 484 3064 voto,
501 2983 558 3048 sed
574 2981 711 3066 simplici
727 2985 828 3046 animi
844 2983 1070 3048 deliberatione
1086 2997 1306 3068 proposuerat,
1331 2997 1389 3048 aut
1401 2981 1497 3046 saltent

217 3095 398 3158 verosimile
414 3102 470 3174 est,
497 3095 542 3158 ita
556 3093 655 3158 luisse
680 3093 906 3158 Innocentium
921 3094 1132 3177 suspicatum,
1158 3095 1199 3158 ob
1217 3093 1418 3177 frequentem
1440 3107 1498 3153 cou-

216 3201 421 3266 suetudinem
437 3202 524 3263 illius
538 3199 661 3278 aetatis,
682 3202 778 3284 juxta
793 3217 892 3282 quam
908 3199 964 3284 qui
980 3219 1107 3264 morum
1130 3199 1394 3264 emendationem
1409 3210 1499 3280 propo
1547 3261 1548 3272 2

217 3307 345 3388 nebant,
362 3327 396 3370 se
411 3307 454 3369 ad
470 3307 666 3370 Monasteria
681 3309 896 3392 poenitentiae
911 3329 1012 3373 cause
1028 3309 1080 3374 vel
1094 3329 1136 3376 ex
1152 3309 1231 3392 legis
1247 3309 1445 3391 praescripto,
1462 3300 1498 3364 rel
1547 3285 1548 3377 l

217 3437 259 3482 ex
274 3417 485 3484 Sacerdotnm
496 3417 651 3484 ruarrdato
660 3417 851 3486 conserebau
857 3433 875 3501 t,
886 3441 956 3506 cap.
970 3421 1018 3486 ll.
1031 3441 1110 3485 vers.
1130 3421 1350 3506 Quamquam
1359 3411 1500 3484 ostende

218 3529 391 3594 renuntiat.
407 3547 477 3610 cap.
496 3529 543 3592 12.
555 3527 587 3590 in
599 3527 663 3590 fine
678 3527 718 3590 de
729 3527 854 3611 poenit,
870 3541 902 3592 et
913 3529 1044 3607 remiss,
1059 3547 1129 3610 cap.
1139 3525 1199 3608 30.,
1211 3540 1243 3589 et
1252 3527 1303 3591 to.
1321 3527 1363 3592 de
1373 3521 1498 3596 simonia,
1546 3569 1547 3618 ,

217 3659 287 3723 cap.
304 3641 333 3703 2.
346 3637 386 3704 de
396 3639 559 3722 apostatis,
570 3635 679 3722 cap.2.
689 3637 729 3699 de
739 3637 883 3714 adulter,
893 3657 963 3720 cap.
973 3635 1002 3700 2.
1013 3637 1053 3699 de
1063 3636 1146 3700 Oler.
1157 3655 1220 3699 non
1232 3635 1337 3700 ordin.
1351 3637 1434 3712 min,
1444 3647 1499 3711 cap.
1546 3621 1547 3681 l

158 3755 162 3760 ’
220 3748 430 3828 l.2.3.deeo,
444 3745 747 3832 quisurtive.1nhis
759 3729 1500 3832 iactiadjunctisverosimilibusjurepoteratln·

219 3861 387 3926 nocentius
398 3857 602 3941 distinguere,
613 3874 654 3918 an
666 3855 862 3941 propositum
874 3853 1035 3919 luissetde
1045 3855 1191 3938 ingressu
1204 3855 1237 3918 iu
1246 3855 1433 3938 religionem
1443 3849 1502 3910 sim·

219 3971 342 4056 pliciter
351 3968 545 4047 etabsolute,
555 3986 597 4030 an
608 3967 713 4050 potius
723 3967 832 4029 animo
842 3965 1032 4050 explorandi
1042 3965 1237 4051 religionem,
1247 3977 1279 4030 et
1293 3967 1358 4030 snb
1370 3957 1501 4028 conditio

219 4101 270 4162 ue,
279 4082 306 4144 si
318 4079 499 4163 placuisset,
509 4075 689 4160 profitendi.
705 4077 743 4142 In
761 4077 860 4159 priore
872 4095 951 4140 casu
968 4073 1108 4158 prudens
1120 4085 1188 4138 erat
1202 4073 1387 4152 consiliunt,
1403 4081 1435 4135 ut
1445 4083 1501 4152 poe
1544 4101 1545 4144 5

220 4191 334 4270 nitens,
350 4192 403 4254 cni
420 4187 655 4253 Monasterium
670 4187 809 4250 electum
832 4204 897 4248 non
913 4183 1095 4268 placuisset,
1112 4181 1258 4246 adalind
1276 4179 1502 4248 Monasterium.

221 4321 279 4366 seu
296 4301 341 4364 ud
354 4301 517 4364 laxiorem
531 4299 650 4362 saltem
664 4287 820 4380 regulam
829 4294 1061 4380 pertransiret.
1091 4289 1206 4374 Neque
1221 4290 1308 4354 enim
1327 4281 1503 4372 poenitentia

183 4423 186 4428 '
221 4409 398 4474 coercenda
408 4419 477 4472 erat
491 4409 574 4470 intra
591 4423 698 4470 muros
708 4403 802 4468 electi
816 4401 995 4488 cnjrrsdam,
1009 4397 1216 4483 auteligondi
1232 4397 1428 4462 Monasterii:
1440 4389 1503 4454 satit

225 4519 394 4586 ridebatur
410 4519 589 4588 monastica
606 4535 833 4604 quaecumque
850 4514 1013 4604 professio,
1031 4533 1132 4604 quam
1144 4513 1199 4581 ubi
1213 4513 1382 4601 poenitens
1396 4511 1428 4576 iu
1440 4519 1503 4591 quo·
