3168 4982
97 495 145 546 nn
167 501 363 562 consonus,
387 491 517 550 aursus
540 497 677 546 ossum
701 493 951 568 nacaesrruoo
973 491 1241 545 counrnmuuu.
1299 474 1359 546 191

63 626 111 688 ubi
139 623 300 707 graduum
323 625 443 687 mentio
469 623 513 703 fir,
541 634 586 686 tot
612 622 732 704 gradus
747 623 982 702 constituimus,
998 633 1076 706 quot
1104 634 1180 685 sunt
1206 643 1361 705 personae

63 735 91 797 in
118 747 255 814 utraque
286 735 437 796 universa
467 732 560 812 linea,
588 743 624 794 ut
652 751 702 796 ex.
730 751 775 814 gr.
805 731 870 796 duo
899 741 1031 813 nepotes
1056 748 1097 792 ex
1127 730 1255 796 duobus
1283 729 1361 794 filiis

62 843 123 904 nati
138 843 170 905 in
184 853 302 924 qtrarto
318 841 421 924 gradu
438 857 508 903 osse
523 840 681 918 dicantur,
696 858 772 902 cum
787 841 851 902 sint
866 841 908 902 ab
922 857 988 902 uno
1003 857 1043 903 ex
1056 841 1225 922 nepotibus
1240 841 1361 924 gradu!

61 951 119 1014 duo
134 950 341 1015 ascendendo
356 949 398 1013 ad
413 969 522 1029 avum,
538 961 570 1010 et
585 947 717 1011 totidem
732 947 852 1030 gradus
867 948 909 1010 ab
923 967 987 1010 avo
1000 947 1043 1012 ad
1055 947 1191 1015 alterum
1207 971 1249 1016 err
1263 971 1361 1037 nepo.

62 1061 139 1124 tibus
161 1057 399 1124 descendendo.
444 1059 487 1121 At
502 1076 620 1121 nomen
650 1055 872 1139 generationis,
888 1074 953 1137 quo
968 1056 1180 1120 recentiorum
1208 1061 1361 1126 constitu·

61 1171 187 1249 dunum,
215 1179 248 1232 et
273 1151 437 1231 canonum
463 1177 586 1230 actores
612 1163 663 1227 usi
688 1161 826 1244 luemnt,
857 1163 1018 1247 significat
1034 1165 1163 1249 primun
1179 1171 1362 1252 generantis

61 1283 170 1366 eripitis
198 1291 308 1344 actum
323 1299 378 1364 per
389 1279 474 1342 viros
500 1275 767 1340 descendentium
795 1275 897 1339 veluti
926 1275 1081 1356 surculos,
1106 1297 1254 1344 ramosve
1269 1279 1363 1346 dill'u·

61 1385 292 1468 tumidaeque
318 1403 395 1450 cum
410 1389 431 1449 a
444 1384 612 1448 communi
638 1383 743 1466 stipite
765 1383 934 1448 exordium
959 1384 1017 1448 fiat
1032 1403 1136 1468 usque
1160 1386 1204 1450 ad
1219 1389 1364 1454 remotio-

61 1511 129 1572 rem,
145 1503 182 1558 ut
197 1503 325 1572 vocant,
342 1491 540 1574 geniculum,
567 1490 740 1575 duplicatis
755 1493 906 1574 personis,
927 1511 1013 1575 quae
1027 1511 1084 1577 per
1098 1497 1364 1565 transversalium

60 1601 278 1684 generationes
303 1599 515 1679 descendunt,
530 1597 568 1664 fit
590 1595 797 1682 computatio.
842 1597 1006 1680 Equidem
1032 1597 1139 1681 fateor,
1164 1614 1235 1685 post
1250 1603 1364 1670 delini·

60 1725 121 1775 tam
137 1711 229 1774 illam
255 1709 509 1793 disputationem
536 1708 725 1772 auctoritate
750 1704 930 1772 Alexandri
945 1707 988 1771 11.
1005 1707 1039 1770 in
1064 1727 1136 1772 can.
1151 1711 1181 1772 2.
1207 1727 1296 1774 caus.
1311 1711 1362 1778 35.

59 1833 178 1905 quaest.
196 1821 226 1884 s.
258 1821 438 1902 pmmlscue
453 1817 601 1900 usurpari
624 1817 767 1899 coepisse
796 1815 955 1878 vocabula
980 1815 1223 1898 generationum
1238 1828 1270 1880 et
1295 1837 1366 1901 gra·

1 1973 2 1976 ,
58 1929 167 2005 duum,
195 1925 297 1989 immo
310 1936 342 1988 et
367 1925 529 2008 graduum
555 1943 673 1995 nornen
699 1925 821 2006 passim
850 1934 1042 2005 usurpatum
1066 1921 1109 1988 ad
1132 1923 1365 2008 significandas

58 2036 288 2121 generationes,
304 2053 373 2117 cap.
390 2033 419 2098 8.
435 2033 476 2095 de
490 2033 715 2115 consanguin,
730 2041 763 2094 et
777 2029 876 2096 atilio.
921 2031 960 2095 ld
977 2050 1050 2094 vero
1071 2031 1186 2112 arcuit,
1201 2032 1280 2115 quia
1293 2043 1366 2116 post

59 2145 203 2210 sublatas
228 2141 446 2207 dubitationes
469 2160 582 2204 omnes
597 2143 683 2204 circa
705 2157 894 2223 germanam
919 2139 1161 2222 vocabulomm,
1177 2142 1295 2225 qulbus
1310 2143 1366 2208 lex

1 2297 2 2304 κ
58 2257 159 2339 prima
172 2252 374 2336 exprimitur,
400 2249 703 2334 interpretationem,
720 2259 752 2312 et
766 2251 998 2312 controversias
1022 2249 1189 2313 universas
1203 2249 1365 2336 definitae,

60 2383 171 2448 parum
201 2365 352 2426 interesse
378 2359 498 2443 incipit,
525 2359 786 2441 quibuscumque
812 2355 979 2422 vocabulis
1001 2355 1281 2424 indiscriminatim
1307 2363 1364 2443 uti,

58 2473 237 2541 dummodo
260 2471 338 2555 quid
354 2451 528 2535 scribentes
554 2469 721 2550 senserint,
745 2487 787 2532 ex
812 2467 909 2532 modo
937 2469 1065 2552 vulgari
1090 2469 1244 2554 loquendi
1267 2473 1366 2558 adpa-

59 2599 132 2650 reat.
179 2585 257 2648 Mea
272 2581 352 2645 haec
375 2580 623 2662 qualiscumque
649 2575 781 2642 tandem
806 2577 964 2642 habeatur
983 2579 1199 2662 interpretatio
1214 2581 1366 2666 (dixerim

58 2693 153 2754 etiarn
171 2688 340 2769 utriusque
360 2687 444 2770 juris
459 2685 732 2770 conciliationem)
757 2703 933 2748 consonare
948 2684 1076 2749 videtur
1103 2705 1180 2752 cum
1206 2689 1366 2755 sententia

61 2799 171 2882 llagni
188 2796 342 2877 Gregorir,
368 2795 396 2858 si
411 2805 519 2857 tamen
534 2798 602 2876 ipse
627 2805 739 2858 auctor
761 2803 809 2856 est
834 2778 968 2858 canonis
982 2797 1033 2858 20.
1059 2813 1147 2860 caus.
1164 2797 1214 2860 35.
1240 2809 1364 2880 quaest.

60 2909 95 2988 2,
110 2921 142 2970 et
157 2906 262 2970 relata
288 2903 376 2986 apud
392 2901 616 2966 Alexandrum
639 2903 680 2968 II.
697 2905 730 2967 in
755 2903 840 2966 dicto
855 2912 925 2968 cau.
942 2905 968 2970 2
1004 2907 1082 2969 vers.
1099 2907 1183 2972 barte
1198 2919 1366 2994 compulo·

62 3021 188 3081 tiorum.
234 3011 367 3077 Vixerat
384 3011 555 3094 Gregorius
582 3011 680 3094 paulo
705 3024 777 3095 post
803 3025 946 3098 tempora
970 3016 1154 3097 Justiniani,
1176 3017 1209 3082 id
1232 3031 1287 3100 est,
1303 3023 1366 3087 sub

1 3155 2 3160 κ
63 3125 156 3188 finem
185 3126 271 3187 sexti
287 3123 418 3186 saeculi.
461 3122 610 3185 Gallebat
625 3143 699 3205 ergo
726 3121 859 3187 modum
881 3127 1091 3208 computandi
1114 3127 1365 3213 Justinianeum,

64 3233 180 3296 scilicet
206 3241 243 3296 ut
259 3231 394 3295 fratrum
421 3229 480 3294 filii
501 3231 534 3294 in
560 3243 675 3314 quarto
700 3215 804 3314 gradu
830 3235 981 3298 constitui
1006 3233 1194 3302 dicerentur:
1222 3249 1365 3306 attamen

63 3353 210 3419 quartum
235 3337 329 3402 illum
346 3335 490 3419 gradum,
518 3357 581 3400 noo
597 3348 745 3418 quartam
772 3343 1010 3420 generationem
1034 3343 1218 3426 appellavit,
1246 3345 1302 3409 sed
1317 3365 1367 3410 se·
1443 3377 1446 3383 ·

65 3443 211 3506 condam.
261 3443 364 3506 lirant
379 3445 475 3525 igitur
501 3445 652 3526 Gregorio
675 3445 709 3508 in
735 3447 880 3510 secunda
905 3452 1116 3532 generatione,
1143 3455 1198 3536 qui
1224 3469 1315 3518 erant
1330 3456 1365 3520 in
1460 3481 1465 3494 ·

65 3567 169 3633 quarto
197 3553 312 3637 gradu,
329 3565 360 3616 ct
374 3565 537 3637 propterea
563 3553 683 3638 gradus
709 3563 811 3622 erate
840 3561 1045 3641 generatione
1071 3562 1250 3645 distinctus,
1266 3577 1298 3629 et
1312 3587 1366 3650 ge·

66 3669 265 3729 narationum
294 3682 448 3728 numerus
478 3666 641 3748 duplicato
670 3665 734 3730 fere
765 3669 926 3750 graduum
955 3691 1090 3736 numero
1118 3679 1362 3760 computandis.

67 3769 171 3856 ltaque
198 3775 458 3837 demonstratum
483 3785 538 3863 est,
570 3775 697 3838 diversa
727 3779 832 3858 potins
861 3800 939 3860 esse,
969 3801 1069 3863 quam
1099 3789 1257 3849 contraria
1281 3791 1363 3872 jura,

66 3902 146 3966 prout
175 3887 269 3952 initio
300 3885 352 3947 vel
378 3886 547 3968 graduum,
578 3887 628 3948 vel
655 3889 898 3970 generationum
926 3893 1058 3955 nomina
1083 3895 1307 3977 exhibuerunt,
1332 3909 1363 3964 et

69 4011 221 4074 quatenus
238 3995 354 4078 injure
370 3995 456 4058 civili
471 3995 692 4059 Romanorum
709 3997 790 4060 nulli
814 3997 973 4082 designati
990 4003 1086 4084 paulo
1101 4003 1229 4068 diversa
1244 4009 1364 4069 ratione

62 4107 125 4204 jure¹
136 4109 358 4172 eeclesiastico
384 4107 572 4170 debuerunt.
617 4109 655 4171 Id
671 4107 735 4170 sere
750 4107 862 4173 eodem
887 4113 981 4175 modo
996 4115 1137 4197 contigit,
1155 4133 1219 4196 quo
1235 4117 1303 4178 sine
1313 4119 1363 4199 ju·

69 4220 108 4294 ris,
123 4212 302 4301 legumque
328 4215 479 4280 conflictu
495 4236 613 4281 nomen
640 4219 815 4300 pubertatis
831 4221 917 4302 apud
945 4223 1109 4288 Romanos
1125 4239 1246 4287 veteres
1262 4225 1364 4287 diver-

70 4345 126 4394 rarn
138 4327 268 4408 accepti
297 4325 576 4407 significationem
602 4327 697 4389 morlo
712 4328 808 4407 enim,
826 4341 861 4391 ut
887 4331 1064 4414 innuptiis,
1092 4331 1208 4408 terelle,
1225 4340 1256 4392 et
1271 4341 1365 4392 testa·

1 4495 2 4498 ,
71 4437 183 4512 mentis,
201 4435 235 4495 iu
263 4431 418 4496 mosculis
434 4431 596 4498 decimum
623 4449 774 4516 quartum
800 4437 995 4530 completum
1022 4459 1146 4502 annum
1172 4439 1363 4521 designavit,

74 4543 215 4608 modoad
235 4543 574 4616 decimumoctavum
600 4565 723 4612 annum
747 4559 889 4632 extensa,
918 4551 1002 4614 utin
1027 4550 1260 4633 adoptionibus,
1275 4549 1295 4614 l.
1312 4550 1378 4615 40..
