3210 4990
165 437 214 482 au
237 423 752 502 ιιιιιιιιιιοιιιιιιιιιιιιιιιιιιιιιω
771 442 924 490 naseam
940 445 1271 495 ,utremrtsatruu
1349 433 1393 498 97

93 559 274 643 cmjngitun
286 559 370 624 illud
384 559 590 644 impuberum
605 581 662 644 pro
676 564 883 644 sponsalibus
897 565 1088 639 habendum
1103 587 1182 649 esse,
1201 569 1237 634 id
1252 581 1308 652 err,
1319 575 1392 638 nou
1413 557 1418 566 ¹

12 651 13 656 ’
94 665 169 728 abire
182 663 369 746 qmaamtu
383 668 556 749 sponsalia,
572 670 630 736 see
646 669 689 734 ad
704 672 907 753 sponsalium
921 673 1169 742 similitudinem
1184 679 1393 762 impedimen·

92 787 154 839 tom
167 793 288 857 ponere
302 775 453 857 publicus
467 776 654 843 honestatis.
700 779 777 846 Post
790 780 873 868 boos
887 799 984 848 nemo
999 783 1080 847 milri
1094 783 1237 866 amplius¹
1249 799 1392 868 opponat

90 883 285 966 Scriptorum
300 895 491 963 nostrorum,
515 895 548 950 et
560 885 839 968 Pragmatieorum
854 905 967 956 eontra
981 892 1191 958 sentientium
1214 895 1390 978 opiniones,
1410 930 1416 951 ν

90 993 201 1074 quibus
215 991 344 1074 aliquot
357 991 648 1062 ecclesiastieorum
663 995 874 1066 tribunalium
889 997 1007 1080 placita
1021 997 1219 1080 quandoque
1233 999 1391 1085 suffraga·
1518 1025 1525 1038 ·

89 1114 117 1168 ta
130 1104 232 1168 laima
248 1103 401 1170 rideretur
415 1105 504 1187 apud
519 1105 663 1172 Btmium
677 1108 789 1172 consil.
805 1109 856 1172 62
872 1127 970 1174 num.
986 1109 1038 1174 34.
1053 1109 1122 1174 libr.
1140 1113 1167 1174 l.
1212 1111 1285 1194 Ego
1300 1115 1390 1180 euim
1408 1162 1411 1171 .

89 1217 118 1280 in
130 1217 332 1282 eontrarium
355 1233 517 1299 opponam
531 1216 669 1280 alienun
683 1217 882 1299 Scriptorum
906 1218 1248 1304 ngmatioorumque
1262 1235 1388 1288 senten·

89 1327 151 1406 tiu,
177 1343 239 1409 pro
252 1327 374 1407 quibus
394 1327 493 1390 etiarn
515 1325 808 1390 aeclesiasticorum
832 1327 1045 1390 tribunalium
1069 1327 1191 1412 placita
1211 1329 1387 1396 laudentur
1409 1337 1413 1344 '

88 1440 169 1523 epod
190 1438 446 1503 Emmanuelem
470 1439 518 1502 Sa
531 1437 566 1502 in
591 1437 786 1519 Aphorismo
811 1437 1089 1504 Oonleaeanorum
1113 1441 1211 1506 verbo
1225 1443 1388 1508 matrimo-

88 1550 174 1612 nium
189 1567 223 1611 ιι.
248 1547 310 1628 te,
336 1558 369 1611 et
382 1547 484 1611 tutius
508 1546 596 1628 apud
621 1546 877 1626 Lambsrtlnum
902 1547 960 1630 qui
973 1547 1094 1612 deinde
1115 1545 1387 1618 fuitBeoediotua

87 1659 180 1740 xlv„
196 1659 233 1721 iu
249 1655 524 1722 notificationibus
538 1665 614 1718 tom.
632 1656 660 1718 l.
676 1655 829 1720 nonlicet.
853 1673 943 1720 nuto.
958 1657 1011 1720 at.
1053 1657 1150 1726 Quas
1165 1659 1342 1722 sententias
1357 1659 1390 1724 si

88 1763 160 1826 forte
172 1761 350 1826 conciliare
361 1761 536 1842 desideres,
549 1761 741 1826 concludere
756 1762 881 1845 potaris,
897 1781 963 1826 non
974 1763 1091 1828 resolvi
1104 1763 1238 1846 quidem
1246 1765 1281 1830 in
1293 1785 1388 1850 sporr-

86 1872 163 1936 salia
180 1885 296 1936 aerum
323 1870 424 1950 illum,
452 1871 510 1953 qni
524 1869 616 1934 velut
639 1870 884 1934 matrimonium
905 1870 1078 1936 consistere
1101 1889 1167 1936 nou
1192 1872 1303 1953 potuit,
1330 1873 1388 1938 ssd

86 1983 263 2064 qnamdam
277 1980 506 2063 obligationem
532 1979 622 2043 nasci
636 1997 679 2042 ex
694 1977 870 2060 illegitimia
884 1977 1006 2058 nuptiis
1020 1977 1114 2042 osrtis
1128 1977 1163 2040 iu
1177 1978 1315 2056 ossibus,
1331 1977 1387 2056 ubj

84 2091 268 2175 pramertim
283 2089 414 2173 publica
428 2089 563 2152 suboriri
577 2087 735 2152 scaudala
749 2096 887 2170 possent,
903 2097 935 2150 et
949 2085 990 2150 de
1004 2087 1115 2169 sponsi
1129 2087 1315 2154 alterutrius
1331 2090 1388 2154 ho

86 2219 154 2264 nors
167 2217 240 2264 nou
254 2196 415 2261 laedendo
441 2207 599 2280 ageraton
621 2215 708 2278 quae
721 2195 855 2276 qnidam
868 2193 1021 2276 obligatio
1035 2213 1078 2260 ex
1092 2193 1158 2258 alia
1171 2212 1273 2258 rame
1286 2197 1390 2260 nasei·

86 2317 137 2384 tor,
153 2323 222 2370 nou
237 2323 282 2369 ex
297 2299 512 2388 sponsalibus
528 2301 618 2386 quod
632 2303 727 2368 tacile
741 2297 861 2366 deduci
875 2321 918 2366 err
932 2321 970 2365 so
985 2311 1095 2385 potest,
1107 2301 1194 2383 quod
1209 2303 1387 2386 aliquando

85 2415 320 2480 arotlnsetiaro
342 2415 529 2497 obstringat,
552 2431 654 2495 quam
678 2411 879 2495 sponsalium
905 2410 1084 2490 vinculum,
1111 2410 1390 2492 quemadmodum

12 2565 13 2574 ι
85 2543 129 2587 ιιι
144 2545 192 2608 gr.
208 2525 422 2607 contingeret,
436 2523 464 2586 si
477 2521 588 2606 puella
608 2521 811 2586 contraheret
823 2539 934 2584 eoram
958 2539 1006 2600 eo,
1021 2539 1121 2602 quem
1135 2520 1321 2586 ministrum
1345 2521 1405 2586 lo⁴

12 2609 14 2632 s
84 2631 231 2708 utimum
245 2648 318 2694 esse
332 2630 481 2710 crederet,
507 2633 566 2713 qut
580 2648 691 2694 revsra
704 2647 770 2696 nou
785 2638 878 2708 esset,
904 2635 937 2692 et
956 2630 1026 2712 jam
1041 2628 1084 2692 ab
1098 2627 1310 2711 adolescente,
1334 2633 1389 2699 cui

12 2793 13 2818 p
85 2735 198 2800 rubere
213 2735 275 2801 rite
287 2737 426 2821 putarit,
442 2749 599 2821 uuquam
613 2754 696 2804 uxor
709 2737 822 2805 habita
835 2735 959 2802 fuisset.

567 2990 805 3082 uulssrro
826 3011 890 3077 ιιι.

276 3234 332 3300 Art
346 3235 478 3301 valeant
491 3235 659 3322 sponsalia
674 3243 842 3305 contractu
856 3237 943 3301 inter
960 3239 1185 3328 carraginem,

359 3347 420 3410 sub
437 3368 477 3410 eo
491 3347 681 3430 sorditiem,
697 3347 727 3411 si
743 3347 904 3430 Pontifex
921 3345 1100 3413 traximus

592 3457 871 3542 dispensaveritll
948 3477 952 3488 ·

85 3679 201 3894 ΕΔΜ
224 3821 453 3905 conditionem,
481 3844 583 3908 quem
610 3824 822 3910 consagoiuei
851 3827 886 3892 in
915 3827 1122 3910 sponsalibus
1150 3807 1380 3894 contrahendis

83 3935 237 4020 abolent,
252 3935 282 3998 ai
308 3932 460 3998 Pontifex
481 3935 649 4002 Maximus
663 3935 905 4019 dispensaverit,
935 3936 1060 4020 proprie
1088 3957 1160 4002 essa
1188 3955 1256 4002 non
1283 3937 1398 4004 video·

82 4047 172 4110 saoris
186 4044 380 4111 canonibus
394 4047 614 4130 improbatam,
630 4066 708 4114 oum
722 4063 827 4131 amne
840 4047 920 4131 quid
936 4058 1028 4132 turpe
1057 4067 1169 4116 revera
1182 4059 1283 4133 atque
1310 4051 1379 4146 erri-v
1431 4051 1438 4060 '

81 4155 110 4220 tn
143 4158 291 4241 inspecto
325 4155 497 4238 contineat,
532 4177 638 4241 nequa
674 4159 801 4242 legibus
826 4159 1040 4226 adremetur.
1098 4161 1262 4244 Imprimis
1296 4153 1382 4237 uiltil¹

80 4273 164 4349 turpe
178 4277 406 4349 teretemque
424 4267 517 4332 exitu
541 4267 685 4351 iuspecto
713 4269 864 4352 euntium,
892 4287 969 4334 cum
995 4287 1061 4334 non
1090 4270 1132 4334 sit
1158 4269 1378 4348 inhonestum,

81 4373 156 4438 velle
167 4393 208 4438 eo
221 4393 306 4440 oran
331 4377 612 4458 emunguineanr
627 4377 688 4440 sibl
698 4378 843 4462 iungere
858 4397 924 4462 quo
952 4379 1085 4462 publica
1098 4386 1264 4462 potestate,
1277 4383 1378 4461 utque

83 4479 276 4570 indulgentis
292 4485 504 4570 permittatur
535 4503 597 4552 nec
608 4484 729 4552 deinde
743 4485 869 4572 lapibus
884 4487 1063 4638 ἯῑίιειιΙιΙίΙ
1073 4487 1256 4632 ἕιιέἓᾳιιιιιιι
1269 4493 1387 4570 causet⁸
