3168 4982
268 413 364 462 acas
387 413 547 458 viscosa
569 411 805 458 vononrasra
827 411 1013 458 corrruorrs
1037 411 1179 458 castus.
1301 391 1365 458 285

69 533 105 598 da
119 536 325 602 Sacramento
340 537 535 600 matrimonii
547 535 627 620 legis
643 533 869 598 tantummodo
885 534 1125 598 Ecclesiasticis
1140 533 1215 597 lecit
1230 534 1365 597 mentio·

70 661 147 704 nem.
188 643 314 708 Revera
328 645 453 725 quotics
474 645 608 727 respicio
623 644 666 710 ad
691 643 877 726 Apostolica
904 655 1057 725 tempora,
1084 645 1203 725 quibus
1228 661 1294 706 non
1310 644 1367 708 alii

70 751 256 816 elericorum
286 753 433 832 Ordines,
449 773 547 834 quam
576 753 819 836 Episcoporurn,
850 753 1121 835 presbyterorum,
1145 765 1176 816 et
1207 753 1366 816 Diacono-

68 875 133 920 rum
160 860 326 940 adparent,
356 871 388 922 et
402 843 536 942 inquiro,
567 881 610 926 an
638 873 807 924 constante
822 859 933 922 adlruc
948 863 1098 944 conjugio
1115 862 1303 924 maritorum
1319 880 1367 922 or·

67 964 181 1030 dinarie
208 967 438 1045 admitteretur,
476 987 536 1051 ego
565 989 632 1032 rem
662 967 757 1032 video
785 970 819 1032 iu
849 969 970 1032 incerto
1006 967 1184 1032 admodum
1222 966 1367 1030 colloca-v

68 1081 135 1134 tam.
177 1074 254 1138 Non
281 1075 352 1138 heic
368 1093 509 1140 memoro
536 1075 697 1154 fabellam,
729 1095 829 1158 quam
858 1077 983 1158 primus
1012 1096 1054 1140 ex
1084 1077 1212 1157 vulgari
1243 1075 1369 1156 sequio-
1414 1137 1417 1142 .

67 1181 186 1244 risaeri
212 1182 383 1246 traditione
408 1185 507 1248 nimis
531 1183 683 1248 credulus
709 1185 778 1249 sine
804 1184 987 1248 testimonio
1003 1195 1152 1246 veterum
1168 1182 1369 1264 Scriptorum

66 1290 199 1352 narrarit
226 1290 324 1370 Beda,
340 1291 381 1354 de
409 1291 535 1356 Joanne
558 1292 723 1374 Apostolo,
738 1309 837 1372 qnam
852 1289 959 1354 t'erurrt
984 1291 1185 1352 contraxisse
1214 1290 1247 1352 in
1275 1289 1368 1352 Cana

65 1397 204 1464 Galileae
230 1401 362 1482 nuptias
388 1400 470 1478 illas,
497 1401 616 1482 quibus
635 1398 779 1464 interfuit
806 1399 957 1462 Christus
984 1399 1155 1478 Dominus,
1184 1397 1369 1479 ibidemque

64 1503 156 1570 luisse
183 1508 228 1570 ab
256 1508 370 1570 eodem
400 1507 529 1570 Christo
557 1521 732 1572 avocatum
760 1511 783 1576 d
811 1507 964 1590 conjugio
989 1507 1031 1568 ad
1058 1503 1295 1587 Apostolatum,
1311 1523 1369 1569 atr·

64 1631 189 1700 tequam
206 1620 304 1686 uxori
326 1622 582 1702 conjungeretur.
626 1619 702 1682 Huc
732 1620 838 1701 potius
854 1618 998 1701 pertinet,
1027 1617 1115 1697 quod
1141 1617 1259 1678 dicitur
1288 1615 1372 1678 Mat·

63 1729 142 1794 thasi
156 1751 229 1814 cap.
249 1733 296 1796 19.
313 1733 346 1796 in
361 1731 437 1810 fine,
462 1751 503 1796 ex
519 1751 583 1814 quo
607 1731 758 1794 nonnulli
772 1730 948 1810 deducunt,
978 1730 1154 1812 Apostolos
1184 1729 1299 1792 saltem
1314 1728 1371 1792 ali·

62 1859 145 1921 quos,
161 1853 263 1925 atqua
278 1845 360 1906 inter
376 1844 453 1906 istos
469 1843 610 1921 Petrum,
636 1840 678 1904 do
702 1841 796 1923 cujus
811 1841 911 1904 etiam
941 1841 1042 1906 Socru
1060 1838 1182 1904 montio
1197 1840 1234 1902 lit
1250 1840 1282 1902 in
1298 1857 1369 1920 cap.

60 1955 87 2021 4.
108 1955 228 2032 Lucae,
247 1973 365 2020 uxores
394 1974 472 2018 suas
497 1953 668 2018 dimisisse.
713 1952 835 2016 Verum
860 1951 980 2016 exinde
1006 1951 1116 2016 adbuc
1143 1952 1302 2014 incertum
1317 1949 1371 2012 da·

61 2057 227 2126 duceretur
241 2073 482 2142 argumentum3
500 2062 658 2144 imprimis
682 2062 771 2126 enirn
797 2079 903 2142 neque
920 2060 1037 2124 ibidem
1055 2071 1164 2142 aperte
1179 2071 1313 2139 constat,
1330 2059 1372 2124 ab

60 2165 228 2247 Apostolis,
243 2173 337 2236 aute
367 2168 460 2236 Petro
477 2187 592 2232 uxores
607 2166 708 2232 luisse
734 2167 898 2248 dimissas3
926 2166 1047 2230 deinde
1072 2167 1146 2230 licet
1162 2167 1246 2230 istud
1264 2175 1373 2249 aperte

59 2287 224 2354 constaret,
251 2295 316 2344 nou
334 2277 468 2358 liqueret
483 2287 601 2354 umen,
628 2275 781 2340 dimissas
797 2273 897 2344 fuisse
917 2295 1023 2342 causa
1039 2276 1267 2360 suscipiendas
1290 2275 1373 2340 ordi·

60 2381 194 2444 nationis
224 2383 438 2464 Apostolicae,
454 2403 532 2448 cum
547 2382 664 2448 dimitti
694 2383 875 2465 potuissent
891 2403 995 2448 causa
1011 2385 1238 2468 suscipiendae
1265 2387 1373 2451 Chris·

60 2491 164 2555 danae
179 2491 370 2576 Religionis,
381 2494 478 2576 juxta
500 2492 719 2558 doctrinama
742 2492 847 2556 Paulo
872 2493 1031 2576 Apostolo
1057 2495 1208 2558 traditum
1232 2493 1266 2556 in
1281 2493 1373 2576 epist

60 2603 83 2664 l.
95 2603 139 2678 ad
158 2604 304 2668 Corinth.
320 2624 390 2688 cap.
406 2605 436 2672 t.
489 2605 701 2670 Memorabile
717 2605 814 2668 etiarn
833 2615 896 2685 est,
925 2605 1013 2688 quod
1040 2605 1158 2668 dicitur
1172 2606 1260 2688 apud
1286 2625 1376 2670 eum·

6 2749 7 2760 .
59 2714 128 2779 dom
144 2715 292 2780 Paulum
307 2716 340 2780 in
355 2717 446 2799 epist.
465 2718 493 2780 l.
510 2715 553 2780 ad
577 2716 724 2780 Timoth.
741 2737 813 2801 cap.
831 2719 872 2797 1.,
888 2731 921 2782 et
936 2717 979 2780 ad
1007 2719 1124 2782 'I'itum
1138 2737 1208 2800 cap.
1228 2720 1266 2796 1,
1283 2717 1375 2780 nimi-

6 2797 8 2848 *
58 2847 124 2892 rum
138 2829 354 2911 Episcopum,
369 2837 428 2892 ant
456 2827 641 2894 Diaconum
656 2847 727 2892 esse
742 2829 858 2892 debere
887 2830 988 2893 unius
1014 2821 1125 2892 uxoris
1147 2831 1263 2894 virum.
1307 2831 1374 2896 Sed

57 2937 170 3002 iterum
185 2939 264 3002 binc
278 2937 359 3001 nihtl
375 2939 452 3001 certi
468 2937 577 3021 colligi
598 2950 710 3021 potest,
726 2939 813 3022 qnod
830 2940 940 3004 adbuc
959 2950 1043 3004 reete
1075 2941 1168 3005 Pauli
1190 2943 1374 3009 testimonia

59 3051 287 3130 interpretetur,
303 3047 359 3128 qui
375 3047 471 3126 dicat,
495 3067 533 3110 eo
550 3059 678 3112 tantum
709 3061 919 3131 spectarent
949 3052 1115 3132 indicaret,
1132 3054 1304 3134 neminem,
1316 3055 1373 3137 qui

57 3155 206 3238 bigamus
221 3153 389 3232 extitisset,
405 3154 505 3216 sacris
521 3155 689 3220 Ecclesiae
704 3157 820 3222 officiis
838 3159 944 3224 addici
958 3161 1081 3226 dobere.
1126 3163 1293 3228 Praeterea
1309 3183 1373 3228 me-

58 3263 167 3326 morati
184 3271 302 3344 posset,
317 3261 404 3342 quod
419 3261 498 3324 dicit
513 3261 637 3326 Paulus
653 3263 685 3326 in
702 3283 773 3346 cap.
793 3267 822 3329 9.
839 3267 931 3349 epist.
951 3269 979 3332 1.
996 3269 1036 3332 ad
1054 3270 1208 3350 Corinth,
1219 3271 1374 3336 nimirum

59 3388 87 3430 se
101 3369 224 3434 habere
239 3377 430 3450 potestatem
446 3367 614 3432 mulierem
630 3389 770 3434 sororem
794 3373 1076 3440 circumducendi.
1119 3377 1162 3439 At
1186 3397 1281 3440 nemo
1296 3377 1374 3442 laci.

58 3472 83 3536 le
95 3473 256 3552 ostendet,
272 3475 403 3538 nomine
419 3475 563 3540 muliens
578 3480 693 3544 sororis
709 3499 845 3546 uxorem
862 3482 1008 3565 intelligi,
1028 3485 1171 3548 maxime
1186 3487 1271 3568 quod
1290 3488 1374 3552 Pau·

60 3581 105 3645 lus
119 3583 300 3665 Apostolus
315 3589 336 3648 d
351 3585 547 3649 matrimonii
578 3607 667 3651 nexu
696 3591 823 3654 solutus
838 3589 938 3653 fnisse
965 3589 1039 3674 prof
1040 3604 1109 3653 etur
1135 3613 1177 3655 ex
1192 3593 1327 3675 epistola
1344 3595 1371 3659 t.

58 3693 94 3754 ad
121 3691 269 3757 Corinth.
285 3713 356 3776 cap.
373 3695 401 3758 7.
428 3713 508 3758 rers
526 3698 555 3760 t.
600 3697 713 3780 Neque
739 3700 837 3778 eninr,
864 3699 956 3782 quod
973 3702 1123 3766 nonnulli
1138 3703 1315 3785 aliquando
1330 3703 1373 3768 le·
1426 3781 1429 3788 1

59 3813 172 3882 gerunt
203 3799 235 3862 in
266 3818 337 3881 cap.
366 3801 395 3864 t.
427 3821 508 3866 vers.
524 3803 554 3866 3.
584 3807 676 3886 epist.
707 3809 749 3870 ad
778 3808 1012 3890 Philippenses,
1035 3829 1204 3893 germana
1227 3833 1370 3898 cornpar,

58 3913 146 3994 cujus
161 3911 297 3976 nomina
315 3927 395 3972 uxor
410 3911 658 3993 significaretur,
674 3933 777 3997 quam
803 3917 975 3982 lectionem
991 3921 1108 4002 recepit
1133 3921 1293 3984 Erasmus
1308 3923 1371 3986 Ro·

59 4017 277 4095 therodatnus,
294 4015 416 4099 placuit
429 4019 462 4082 S.
494 4019 702 4102 Hieronymo,
719 4024 774 4103 qui
791 4027 824 4086 in
855 4025 989 4107 vulgata
1005 4027 1144 4092 editione
1159 4029 1312 4109 epistolae
1329 4028 1371 4090 le·

59 4127 99 4204 git
111 4147 301 4209 garomnae
315 4149 458 4210 compar,
473 4137 506 4190 et
521 4129 553 4192 in
572 4129 637 4192 libr.
657 4131 685 4194 l.
702 4143 815 4194 contra
832 4133 850 4198 J
855 4135 1056 4200 ustinionunr
1072 4138 1205 4219 scripsit,
1218 4136 1369 4200 adfirma.

59 4235 199 4314 riposse,
229 4235 453 4298 nemincmcx
483 4236 656 4319 Apostolis,
674 4257 739 4302 uno
770 4241 864 4314 Petro
890 4255 1033 4327 excepto,
1065 4247 1195 4312 vinculo
1227 4247 1367 4331 conjugii
1439 4308 1442 4314 .

59 4341 245 4406 obstrictum
260 4341 371 4406 tritara.
416 4345 566 4428 Denique
583 4345 638 4409 ubi
662 4349 852 4430 exemplum
878 4353 1008 4435 proferri
1024 4355 1103 4420 solet
1130 4356 1271 4437 Philippi
1289 4357 1367 4422 Dia.

59 4468 137 4531 cour,
153 4451 209 4540 qui
225 4463 366 4536 quatuor
382 4452 468 4524 filiae
484 4453 626 4538 virgines
641 4467 673 4520 et
698 4459 928 4543 prophetantes
955 4461 1053 4529 luisse
1078 4462 1230 4530 dicuntur
1246 4463 1277 4531 in
1293 4483 1366 4559 cap.
