3274 4974
217 351 265 405 fl!
280 357 405 441 (millu
424 355 743 424 resecabimus,
758 355 819 404 UBI
834 355 883 402 ΒΧ
898 351 1063 430 7781770717
1077 347 1369 413 Pssorii'lflci'l'llss.
1386 323 1459 401 m

155 477 210 544 liet
205 479 415 573 irregularis,
440 481 516 581 quia
533 472 682 544 uirilem'
674 499 708 542 77
723 478 786 546 hac
802 447 909 570 speeie
933 495 1072 562 poenam
1089 471 1345 574 irregularitatis
1342 489 1391 554 ert
1410 471 1462 558 ju·

156 587 198 652 ris
214 587 424 672 definitione
415 589 591 670 imminere,
617 570 900 672 deprehendimus,
928 592 1130 684 argumente,
1153 605 1225 686 cap.
1240 587 1271 650 7.
1288 584 1328 646 de
1343 595 1415 664 aee,
1431 593 1464 664 et

153 693 268 798 7777177.
284 683 580 786 praeficiendorum
624 695 675 759 De
693 687 790 774 laicis,
807 695 862 780 qui
879 706 1050 780 postquam
1067 706 1127 756 7777
1146 671 1382 774 chirurgicum,
1406 699 1464 756 aut

155 769 319 864 Medidam
334 813 436 864 artem
451 801 660 880 exercuerint,
678 803 710 866 iri
726 802 847 864 clerum
863 801 1002 893 cooptari
1019 799 1211 894 desiderent,
1224 799 1332 884 minus
1347 816 1463 892 aspera

143 897 537 1014 ι7777777777777777777777777
554 913 689 1011 uidetur.
733 913 862 982 Etiam
869 913 900 976 si
922 913 1009 975 enim
1034 895 1257 1016 profitentibus
1282 910 1355 974 illas
1377 921 1464 977 artes

40 1008 51 1022 '
155 1004 304 1118 7777777777
321 1021 461 1114 lenitatis
486 1022 598 1084 deesse
614 1001 715 1104 videri
740 1001 904 1103 aliquibus
920 1021 1030 1106 possit,
1056 1001 1143 1084 unde
1169 1019 1394 1118 irregularitas
1421 1015 1465 1096 de

140 1107 438 1210 Ι777777777777777,
428 1105 708 1212 irregularitascx
733 1127 861 1192 delectu
888 1127 1041 1228 leuitatis
1053 1133 1072 1192 a
1102 1111 1314 1220 Pragmaticis
1340 1126 1464 1210 passim

153 1233 343 1331 appellatur,
358 1235 432 1322 quis
448 1220 557 1300 tamea
573 1236 697 1331 ignorat
700 1242 876 1334 ,majorem
891 1254 962 1298 csse
979 1235 1069 1298 ittam
1084 1218 1260 1332 leuitatem,
1284 1251 1389 1327 quam
1402 1231 1463 1296 Ec·

152 1283 604 1434 777777776777777777777777,
631 1345 919 1441 quamsitleuita's
947 1314 1115 1452 laicorum?
1141 1325 1216 1408 eeu
1236 1337 1289 1408 37.
1303 1339 1388 1404 dist.
1402 1339 1462 1412 507

153 1469 225 1536 cap
243 1457 270 1549 1
288 1457 320 1534 6.
335 1455 413 1520 89.
430 1455 471 1518 de
486 1454 635 1520 homicid
639 1475 734 1538 ,cap
735 1457 789 1534 1,
806 1457 878 1524 772
897 1427 1035 1552 declar.
1055 1475 1192 1545 percuss.
1237 1451 1463 1546 Quamobrem

88 1577 91 1584 ’
145 1565 184 1646 si
200 1539 278 1628 forle
295 1561 441 1660 Medicus
458 1537 585 1633 laicus
577 1585 609 1628 ru
625 1565 710 1656 77777
725 1566 863 1656 7777777777
879 1584 915 1628 se
914 1565 1107 1664 postulet,
1101 1583 1166 1631 uon
1182 1583 1224 1629 ex
1249 1583 1287 1626 eo
1311 1537 1462 1656 irreguip·

138 1673 198 1738 ‚ris
212 1675 275 1748 dier
292 1677 413 1758 poterit,
426 1648 540 1768 qued·
542 1642 705 1740 Medicam
727 1687 828 1740 artem
844 1675 1038 1764 exercuerit,
1058 1675 1118 1740 uisi
1134 1646 1244 1767 temen
1271 1675 1340 1758 ejus
1361 1671 1461 1758 negli-

150 1784 430 1866 37777777777777,
458 1797 491 1848 777
507 1797 676 1868 aegrotans
701 1785 734 1848 iu
752 1785 862 1848 mortis
889 1785 1058 1874 discrimen
1086 1757 1308 1848 adduceretur,
1353 1783 1462 1868 Atque

151 1891 187 1961 777
203 1893 266 1957 bac
282 1913 314 1956 re
330 1894 410 1958 nihil
426 1905 483 1988 pst,
510 1895 595 1978 quod
613 1871 836 1961 difficultatem
854 1895 996 1984 ingerere
1012 1893 1127 1980 valeat,
1154 1913 1255 1976 quum
1281 1893 1461 1986 habeamus

151 2019 341 2090 expressam
357 2003 534 2096 Clementis
552 2003 599 2066 111
612 2003 849 2097 ⁴definitionem
866 2005 898 2068 iu
916 2005 1001 2093 dioto
1015 2007 1149 2096 cap-37,
1160 2006 1200 2068 de
1216 2019 1285 2084 eet,
1313 2018 1345 2072 et
1370 2005 1463 2090 qual.

152 2115 361 2202 praeficicud·
405 2117 519 2199 77777777
537 2119 601 2182 ulla
617 2120 776 2184 dubitatio
791 2139 861 2182 esse
877 2132 982 2204 potest
996 2118 1035 2182 dc
1052 2119 1232 2202 Cbirurgis,
1247 2121 1373 2202 quoties
1388 2137 1461 2198 eam

152 2237 281 2294 tautum
297 2229 374 2292 rutis
391 2242 511 2308 partem
528 2229 662 2311 professi
674 2229 802 2305 strepitu,
825 2247 924 2310 quum
942 2231 1099 2310 ¹minorem
1115 2231 1268 2328 superius
1288 2229 1459 2310 appellaris

150 2333 223 2394 sire
237 2353 323 2414 qnae
339 2354 397 2415 uec
414 2335 445 2396 iu
464 2335 592 2413 77777777,
611 2355 670 2409 uec
687 2337 718 2398 in
734 2336 889 2418 secundo,
903 2356 962 2419 uec
978 2335 1010 2398 iu
1028 2335 1198 2418 incidendo
1213 2337 1461 2418 corrsistet;.nisi

138 2450 263 2514 ‚tamen
279 2444 337 2522 qui
352 2423 424 2507 eam
440 2445 626 2520 exercuerit,
654 2445 823 2528 negligeres
837 2447 919 2510 adeo
946 2447 1044 2511 fuisse
1062 2461 1264 2530 proponatur,
1292 2458 1326 2510 ut
1341 2445 1460 2510 exinde

151 2559 593 2632 aegrotans-aut,inereretuq
610 2564 666 2614 ent
683 2554 713 2615 iu
730 2554 840 2634 alique
855 2557 994 2638 corporis
1006 2558 1227 2638 jparteuebcm
1244 2556 1460 2622 insanabilem

149 2661 374 2732 contrusisset.
410 2661 593 2738 ⁴Difficilius
609 2676 657 2736 est
670 2664 806 2742 delinire
821 2643 1202 2748 alteiam.quaestionem,
1227 2687 1311 2750 quae
1328 2667 1360 2730 iu
1382 2665 1460 2730 alte·

149 2785 187 2846 77
204 2768 337 2833 minime
353 2767 416 2830 leni
433 2753 622 2851 Chirurgine
638 2784 725 2852 parte
743 2785 897 2836 versatur.
945 2775 1075 2859 Etenim
1093 2774 1211 2856 vulgus
1237 2775 1459 2856 Interpretrun,

149 2892 189 2940 ac
207 2877 483 2956 Prqgruatieorum
512 2881 544 2942 irr
559 2900 632 2942 euru
659 2883 844 2962 opinionem
862 2883 983 2964 passini
1000 2885 1168 2946 deuouisse
1186 2881 1399 2970 deprehendo,
1424 2895 1460 2946 ut

148 2982 387 3061 coureludereru,
404 3005 477 3048 cam
494 2986 684 3070 chirurgiae
701 3003 821 3071 partem
839 2991 1051 3073 profitentem,
1069 3005 1139 3054 utut
1151 2993 1191 3054 tle
1208 2997 1341 3061 7777777777
1359 2993 1458 3078 negli-

148 3095 260 3176 gentia
274 3095 422 3177 redargui
439 3099 571 3162 minime
587 3103 695 3182 possit,
712 3101 779 3166 lieri
796 3103 1009 3186 irregularem.
1055 3105 1090 3168 Si
1116 3103 1235 3180 valida¹
1251 3107 1458 3184 invenissem,

146 3218 205 3266 aru
221 3203 335 3266 saltem
354 3207 528 3286 probabilia
540 3210 694 3290 attigeras
711 3211 808 3294 hujus
823 3213 985 3294 opinionis
999 3211 1221 3295 (irridementa,
1243 3229 1274 3278 ot
1288 3236 1348 3300 ego
1363 3215 1458 3282 facile

146 3314 393 3393 subscribaraun
420 3317 627 3398 nequeenim
654 3319 680 3398 is
704 3338 796 3398 sum„
813 3321 865 3389 cui
881 3320 996 3402 aliene,
1021 3341 1061 3386 ec
1087 3324 1271 3405 praesertim
1299 3343 1346 3404 ea,
1371 3341 1458 3406 quae

145 3425 377 3495 comurauibus
391 3415 456 3490 serie
472 3427 637 3510 suffragiis
651 3442 778 3510 recepte
793 3443 878 3510 suut,
902 3427 1071 3513 displicere
1087 3431 1221 3496 sonam.
1267 3433 1388 3496 77777777
1412 3431 1457 3498 ad

146 3549 312 3621 canonum
328 3537 520 3614 sanctiones
546 3537 633 3618 qnod
650 3540 792 3613 maxime
820 3541 853 3604 iu
869 3517 1024 3624 hao'juris
1040 3551 1128 3622 parte
1143 3538 1243 3616 decet,
1270 3539 1454 3620 respiciens,

145 3657 254 3724 neque
267 3643 386 3726 7777777,-
401 3646 584 3726 rotertpsas
607 3659 860 3720 ,mounrueutum
876 3649 1031 3727 iuvenies,
1054 3650 1087 3712 iu
1102 3667 1168 3731 quo
1183 3667 1248 3720 nou
1263 3647 1402 3714 dixerim
1418 3647 1456 3714 ir-

140 3747 361 3830 regularitatis
387 3765 498 3816 noram
514 3755 679 3835 praestitui
704 3753 737 3818 in
755 3756 856 3822 laicas
878 3769 980 3827 artent
1004 3755 1229 3840 Chinugieam
1257 3770 1453 3832 exercentes,

143 3853 278 3923 aedues
304 3855 366 3922 leri
382 3857 493 3942 aitqua
518 3863 703 3946 conjectura
717 3863 874 3947 eliciatur,
900 3886 941 3938 ex
957 3887 1025 3950 que
1046 3869 1238 3952 irregulares
1253 3885 1355 3939 artem
1378 3867 1452 3938 Chi·

135 3964 306 4050 rurgicata
322 3981 508 4035 exercentes
527 3971 601 4039 fieri
617 3971 806 4053 deducatur,
834 3977 1016 4052 necessario,
1029 3997 1133 4064 cogor,
1162 3991 1198 4041 ut
1211 3977 1301 4042 aliud
1324 3977 1455 4047 conclu·

141 4065 236 4149 dena
246 4073 380 4170 quaudo
393 4077 570 4144 certissime
585 4081 660 4158 scio,
685 4082 952 4168 irregularitatem
967 4104 1018 4153 ex
1026 4087 1201 4152 sanctione
1210 4089 1301 4171 juria,
1327 4107 1395 4158 uon
1410 4105 1453 4154 ex

137 4179 504 4265 ρ7777777177,777ρ777777
530 4185 659 4270 placitis
685 4191 852 4272 proficisci
896 4195 1019 4264 Ilicem
1043 4215 1139 4276 narie,
1169 4199 1222 4283 qui
1246 4211 1360 4266 contre
1380 4220 1452 4272 aea·

132 4286 234 4366 riom,
237 4307 322 4363 eam
338 4291 529 4376 chirurgiae
544 4309 666 4378 parterii
681 4314 868 4372 exercentes
885 4302 1016 4378 lenitate,
1029 4303 1176 4373 delicere.
1222 4305 1325 4387 Quid,
1348 4307 1451 4392 siege

131 4391 386 4480 idammittaml
428 4402 734 4504 Probautlumrpae
746 4409 813 4493 ent,
830 4414 931 4484 talam
944 4434 1016 4487 7777
1029 4415 1196 4489 tetecum
1211 4421 1449 4504 tautameos
1527 4483 1533 4494 .
1618 4471 1619 4482 1
