3216 4988
301 475 314 508 r
593 528 599 539 .
650 457 696 502 ua
723 455 861 512 psnuts.
890 475 895 482 -
1344 427 1407 508 257

101 595 186 648 sorte
201 582 328 666 pendet,
345 579 403 644 sed
414 578 549 644 aliunde
565 577 705 655 obvenit,
721 575 871 640 videlicet
885 591 927 636 ex
942 571 1036 637 certis
1051 568 1221 653 adjunctis,
1241 569 1273 630 in
1289 568 1408 650 quibus

100 695 239 760 creditor
253 696 321 776 ipse
336 703 490 756 versatur.
532 687 626 760 ertd
641 687 729 750 enim
744 705 795 748 ex.
812 705 866 768 gr,
883 685 910 749 si
927 681 1072 746 venditor
1087 683 1131 744 rei
1145 677 1325 742 fructiferae
1341 697 1409 742 rem

100 804 271 868 venditam
286 801 392 866 tradat
415 799 550 882 emptori
575 797 709 876 ea'lege,
738 805 774 858 ut
788 811 960 875 quousque
985 799 1109 871 emptor
1134 807 1199 852 non
1215 785 1320 848 solvat
1340 804 1410 866 pre·

102 913 195 988 tium,
223 925 370 972 annuam
395 916 532 992 praestet
558 908 747 988 pensionem
772 900 930 964 irrratibus
957 896 1221 982 respondentem?
1264 893 1367 972 Quid,
1383 895 1411 956 si

101 1019 241 1082 maritus
255 1016 339 1080 dotis
354 1015 530 1097 promissae
552 1032 616 1076 non
633 1011 729 1076 datae
746 1011 815 1072 vice
831 1010 990 1090 dotalium
1012 1007 1245 1071 obventionum
1261 1023 1412 1068 aunuum

101 1129 195 1214 qnid,
218 1129 270 1192 vel
296 1139 507 1205 menstruum,
534 1125 757 1207 quantitatem
775 1121 955 1204 legitimam
982 1137 1047 1182 non
1073 1116 1234 1199 excedens
1256 1112 1411 1200 postulati

102 1241 142 1302 lu
159 1239 221 1316 his,
248 1247 280 1300 et
306 1238 340 1300 in
366 1234 526 1300 similibus
551 1233 682 1296 casibus
707 1229 801 1294 nulla
827 1247 945 1293 usurae
971 1245 1039 1290 non
1067 1227 1220 1303 inuretur,
1244 1223 1331 1305 quod
1348 1241 1414 1286 nou

104 1365 236 1424 usurae,
252 1343 310 1406 sed
324 1363 402 1428 eJus,
419 1341 505 1424 quod
522 1342 661 1416 interest,
676 1337 857 1424 persecutio
871 1335 1066 1414 conceditur,
1087 1353 1157 1416 cap.
1175 1333 1224 1396 tn.
1241 1331 1282 1396 de
1297 1333 1412 1395 usuris.

103 1451 234 1515 Eadem
251 1450 374 1514 ratione
398 1445 586 1510 Alexander
600 1445 660 1508 ill.
686 1445 730 1506 ab
744 1461 862 1506 usurae
878 1450 956 1504 nota
972 1439 1119 1502 liberarit
1133 1457 1218 1516 eum,
1239 1437 1296 1518 qui
1311 1447 1415 1500 certas

105 1573 232 1618 merces
246 1554 353 1616 carius
377 1552 524 1614 vendidit
538 1551 580 1614 ob
593 1550 730 1614 dilatam
748 1549 942 1612 solutionem
968 1548 1001 1610 in
1017 1545 1100 1610 illud
1116 1557 1252 1627 tempus,
1268 1565 1333 1626 quo
1349 1564 1416 1628 pre·

107 1665 251 1728 tium'rei
267 1661 379 1743 augeri
395 1661 483 1738 solet,
499 1659 581 1722 alias
595 1677 633 1722 eo
649 1668 790 1740 ternpore
805 1675 870 1720 nou
886 1665 1120 1733 contracturus,
1139 1652 1318 1718 dummodo
1333 1652 1416 1716 fides

105 1766 413 1844 bonaiuterreniat,
438 1783 509 1846 cap.
525 1765 567 1836 6.,
581 1763 651 1826 eod.
668 1765 715 1826 tit.
760 1763 928 1828 Praeterea
942 1765 999 1845 qui
1022 1763 1121 1826 verba
1136 1762 1192 1825 illa
1218 1762 1416 1826 delinitionis

107 1875 300 1954 considerat,
317 1872 412 1936 facile
427 1872 583 1953 intelligit,
607 1873 669 1934 sub
684 1889 803 1934 usurae
818 1873 950 1936 nomine
964 1889 1032 1935 non
1047 1873 1156 1936 venire
1178 1882 1283 1936 certas
1299 1891 1419 1953 poenas

107 1986 150 2048 ab
160 1984 234 2065 jure
249 1981 465 2064 praestitutas,
488 1997 691 2060 quamquam
707 1978 789 2042 alias
804 1977 984 2060 quamdam
1002 1996 1118 2042 usurae
1141 1978 1280 2058 speciem
1298 1996 1420 2060 praese·

107 2091 190 2155 ferre
205 2089 386 2169 videantur,
402 2107 541 2170 eamque
554 2089 596 2152 ob
608 2107 675 2166 rem
690 2087 861 2170 improprie
878 2106 996 2150 usurae
1013 2087 1169 2170 appellari
1184 2087 1317 2150 soleant.
1341 2087 1418 2169 Spe-

108 2201 173 2264 cies
192 2197 377 2281 proponitur
391 2199 425 2260 iri
442 2207 553 2277 tutore,
579 2199 634 2279 qui
652 2199 844 2280 pupillarem
859 2197 1032 2281 pecuniam
1048 2199 1081 2262 in
1098 2217 1174 2262 suos
1195 2217 1274 2262 usus
1289 2217 1421 2262 conver·

108 2308 153 2386 tir,
169 2317 229 2371 aut
254 2306 288 2368 in
306 2303 563 2368 administratore
589 2307 748 2387 pecuniae
774 2306 932 2388 publicae,
959 2325 1061 2388 qnam
1076 2325 1172 2395 stram
1197 2306 1304 2385 saciat,
1321 2308 1422 2388 siqni-

107 2413 185 2476 dem
202 2421 260 2477 aut
275 2411 397 2496 pnpilli,
426 2421 484 2474 aut
498 2409 693 2492 reipublicae
718 2412 849 2474 nornine
865 2424 988 2494 praeter
1002 2411 1176 2494 pecuniam
1202 2411 1344 2476 debitam
1361 2412 1418 2474 ali-

106 2522 190 2605 qutd
207 2519 349 2602 amplius
374 2521 493 2602 petitur
506 2522 608 2584 instar
634 2539 818 2599 usurarum,
841 2519 930 2602 quod
946 2531 1056 2583 tamen
1083 2520 1206 2602 proprie
1233 2539 1333 2584 usura
1354 2539 1421 2586 non

107 2641 169 2708 est;
187 2627 245 2692 aad
259 2647 366 2710 poena
391 2628 545 2710 perfidiae
560 2634 581 2692 a
598 2627 666 2709 iege
682 2628 840 2710 imposita,
870 2627 890 2690 l.
907 2629 957 2692 38.
974 2627 1005 2690 ff.
1023 2630 1063 2690 de
1079 2639 1185 2710 negot.
1208 2640 1296 2713 gest,
1314 2627 1333 2692 l.
1350 2631 1380 2696 t.
1399 2633 1421 2698 i.

107 2739 149 2817 8.,
166 2738 187 2799 l.
204 2737 253 2800 46.
272 2739 294 2804 l.
319 2737 348 2800 3.
364 2735 396 2800 ff.
413 2736 453 2798 de
468 2734 649 2800 administr.
675 2745 706 2796 et
721 2735 815 2816 peric.
833 2745 899 2812 tut,
916 2734 937 2796 l.
953 2737 982 2798 9.
1000 2738 1022 2802 i.
1045 2733 1102 2796 ult.
1119 2734 1154 2797 ff.
1168 2735 1209 2816 de
1224 2733 1346 2798 admin.
1363 2754 1423 2798 rer.

108 2840 154 2904 ad
169 2841 255 2904 civit.
272 2841 395 2922 pertin,
421 2839 442 2902 1.
457 2839 488 2902 3.
504 2839 575 2902 cod.
591 2841 757 2902 arbitrium
773 2841 901 2918 tutelae,
918 2842 950 2904 ·l.
968 2841 1006 2918 1.,
1023 2848 1055 2904 et
1069 2841 1279 2922 sequentibus
1295 2840 1364 2904 cod.
1381 2841 1423 2904 de

103 2951 221 3036 ,usuris
233 2947 454 3030 pupillaribus,
469 2947 750 3030 quemadmodum
761 2949 818 3030 qui
833 2947 956 3012 furtum
968 2967 1084 3031 passus
1099 2959 1157 3027 est,
1173 2949 1309 3014 civiliter
1321 2967 1423 3034 agens

110 3056 273 3118 aduersus
287 3054 392 3118 furem
407 3075 449 3118 ex
464 3053 637 3137 disciplina
648 3043 729 3140 juris
745 3048 940 3121 iustinianei
958 3038 1031 3126 ¹sine
1049 3077 1168 3124 usurae
1184 3059 1262 3122 vitio
1277 3046 1425 3142 duplir'm,

111 3162 166 3224 vel
182 3162 405 3244 quadruplum
420 3173 543 3246 praeter
566 3181 636 3238 ‚rem
651 3161 805 3226 furtivam
821 3181 944 3246 poenae
960 3165 1091 3226 nomine
1103 3164 1318 3246 consequitur,
1337 3164 1355 3226 l.
1373 3168 1424 3230 50.
1517 3191 1531 3208 .

36 3273 44 3288 ⁸
109 3273 144 3336 ff.
162 3271 204 3334 de
219 3271 321 3352 furtis5
345 3273 440 3354 jungi
455 3272 553 3334 etiam
567 3280 704 3356 possunt
730 3273 767 3338 ii.
783 3270 834 3334 23.
850 3270 900 3334 24.
927 3271 977 3333 25.
993 3271 1055 3349 26.,
1081 3281 1112 3335 et
1126 3273 1177 3336 27.
1194 3273 1292 3338 instit.
1315 3272 1356 3336 de
1371 3293 1422 3336 ac-

118 3381 273 3445 tionibus.
318 3379 445 3442 Eadem
464 3380 587 3442 ratione
602 3379 729 3442 nullam
745 3399 864 3444 usurae
879 3381 1111 3462 turpitudinem
1126 3383 1258 3449 invenio
1273 3385 1306 3446 in
1322 3386 1435 3472 specie.

113 3489 197 3571 legis
211 3487 241 3550 3.
259 3492 281 3556 i.
298 3487 356 3552 nit.
371 3487 404 3550 ff.
431 3489 472 3552 de
488 3491 609 3568 annuis
627 3488 749 3571 legatis,
763 3508 842 3552 eum
858 3499 989 3554 testator
1003 3502 1124 3566 certam
1146 3487 1364 3580 quantitatem
1381 3493 1422 3554 ie-

113 3587 250 3680 g'averit,
276 3607 308 3660 et
322 3595 430 3680 quoad
445 3605 633 3680 praestetur,
650 3597 682 3659 in
698 3597 846 3678 singulos
861 3597 977 3660 annos‘
991 3609 1115 3660 certum
1131 3597 1266 3680 aliquid3
1287 3597 1319 3660 id
1335 3595 1422 3660 enim

113 3722 182 3768 uon
192 3721 325 3782 usuras,
352 3701 409 3764 sed
423 3703 513 3768 volut
526 3723 659 3780 usuras,
686 3701 849 3783 Ulpianus
864 3713 948 3764 recte
963 3703 1119 3781 nominat,
1145 3702 1231 3786 quod
1249 3703 1366 3788 partim
1381 3721 1423 3769 ex

114 3810 307 3874 liberalitate
333 3809 491 3872 testatoris
506 3810 540 3870 in
557 3809 758 3892 legatarium,
782 3809 899 3890 partim
914 3827 956 3870 ex
971 3825 1077 3890 poena
1098 3814 1285 3872 dtestatore
1301 3807 1424 3871 indicta

114 3921 276 3984 adversus
301 3931 475 4002 gravatum
489 3919 613 3984 tardius
639 3933 751 3984 contra
765 3930 907 3984 mentem
933 3919 1094 3982 testatoris
1120 3919 1311 3997 solventem,
1338 3931 1425 3982 recta

116 4021 257 4112 profluit,
273 4047 339 4092 non
355 4049 402 4112 err,
413 4047 480 4092 una
494 4031 646 4114 temporis
662 4029 818 4107 tarditate,
834 4027 920 4110 quod
937 4029 1035 4091 etiarn
1052 4039 1123 4112 post
1144 4029 1319 4091 iustiniani
1335 4047 1427 4090 cons-

116 4137 299 4201 titutionem
314 4137 347 4202 in
367 4137 395 4226 ¹l.
411 4157 465 4202 un.
482 4137 552 4200 eod.
576 4137 617 4200 de
632 4137 693 4214 his,
720 4155 805 4219 quae
820 4154 943 4218 poenae
969 4137 1101 4200 nornine
1117 4133 1238 4196 valeret
1264 4135 1296 4197 in
1318 4135 1426 4216 legato

116 4245 227 4310 relicto
252 4263 376 4328 poenae
393 4245 534 4310 nomine.
579 4243 654 4308 Uno
669 4243 776 4324 verbm
803 4245 885 4306 inter
900 4243 994 4323 hanc,
1011 4255 1042 4306 et
1057 4240 1286 4324 praecedentes
1301 4243 1426 4323 species

116 4349 198 4416 uniti
215 4350 307 4414 aliud
333 4352 486 4416 interesse
501 4349 638 4428 videtur,
665 4368 767 4432 qnam
781 4349 816 4412 in
839 4349 996 4436 prioribus
1020 4367 1167 4432 poenam,
1185 4347 1331 4410 exhiberi
1347 4345 1423 4430 legi·

119 4455 180 4518 bus
195 4457 401 4540 propositam,
417 4456 452 4520 in
464 4457 636 4542 posteriore
651 4474 790 4542 poenam
805 4442 1131 4606 adparereffiindictlavm
1146 4461 1341 4604 aggestatore.
1375 4547 1382 4560 ι

985 4561 1042 4604 orn.
1113 4577 1160 4604 .-
1208 4587 1215 4603 .
