3210 4990
172 373 238 438 152
523 395 766 444 messuras-ro
788 397 944 457 aucuns,
966 397 1043 444 cur.
1066 376 1108 442 IL

166 513 334 580 emersisse
347 515 491 600 vestigia,
506 535 572 582 non
587 517 620 582 id
636 518 834 602 impingebat
848 519 882 582 in
896 528 999 582 certas
1009 519 1090 603 juris
1111 518 1247 602 regulas,
1263 518 1321 584 sed
1337 529 1471 588 tantum

166 625 344 692 obnoxium
358 639 427 692 erat
440 629 712 713 disputationibus
727 629 966 711 Cassianarum,
982 643 1014 694 et
1029 631 1318 716 Proculejanorum.
1341 631 1393 696 Ec
1407 653 1467 698 au-

165 746 231 801 tem
246 747 386 820 tempore
399 739 433 804 in
449 740 646 804 testamentis
661 737 846 822 praevalere
859 750 1005 822 coeperat
1019 740 1053 804 in
1076 739 1143 804 loro
1163 741 1271 826 opinio
1286 741 1468 826 Probnleja-

164 869 290 932 norum;
306 851 383 915 hinc
397 851 558 934 Ulpianus
572 853 606 916 in
621 851 708 916 dicta
722 851 742 915 l.
758 853 786 916 5.
802 849 835 914 ff.
850 852 907 932 qui
923 833 1046 915 'testam
1059 851 1120 916 iac.
1130 853 1299 930 scribebat,
1315 873 1381 918 non
1392 853 1467 935 qui-

164 959 241 1022 dem
255 970 387 1039 certum,
404 959 461 1024 sed
483 962 595 1026 verius
618 979 689 1023 esse
714 938 817 1040 illum,
843 961 899 1042 qui
919 960 1249 1044 decimumquartum
1270 981 1395 1026 arnum
1409 981 1471 1028 sx-

83 1048 86 1058 ’
165 1075 312 1145 cesserat,
330 1077 556 1132 testamentum
571 1066 674 1130 facere
689 1087 791 1151 posse.
835 1068 1007 1150 Propterea
1019 1069 1241 1134 Diocletianus
1252 1071 1471 1135 etMaximia-

165 1195 229 1240 nus
243 1177 479 1259 rescripserunt,
495 1176 613 1242 frustra
636 1179 746 1242 conari
771 1189 929 1260 agnatum
952 1177 1108 1242 adversus
1122 1189 1357 1258 testamentum,
1376 1179 1467 1262 quod

164 1281 184 1345 J
187 1281 295 1345 udices
310 1283 344 1346 in
359 1281 429 1346 foro
440 1281 723 1369 Proculejanorum
737 1284 862 1367 placitis
874 1283 1046 1348 adhaerere
1055 1285 1244 1368 coepissent.
1278 1287 1404 1350 Interea
1419 1296 1469 1348 ta-

167 1405 243 1450 men
257 1389 403 1452 nondum
418 1390 554 1473 publicis
570 1391 694 1474 legibus
715 1392 943 1456 Cassiauoram
957 1393 1063 1475 opinio
1078 1393 1199 1458 obolita
1212 1393 1324 1473 fuerat,
1339 1391 1396 1456 sed
1410 1392 1470 1456 ad-

166 1496 232 1560 huc
247 1495 377 1560 luerunt
392 1517 495 1581 usque
510 1499 552 1562 ad
568 1511 712 1582 tempora
726 1501 912 1580 Iustiniani,
928 1503 984 1584 qui
1005 1501 1047 1564 ad
1059 1501 1228 1566 evadenda
1242 1521 1477 1585 quaecumque

167 1601 269 1685 litigia
285 1615 427 1688 tempora
442 1606 616 1670 Cassineae
631 1607 807 1689 pubertatis
822 1608 1035 1688 observarent,
1050 1619 1085 1672 ut
1101 1609 1201 1672 tutius
1216 1618 1355 1690 agerent,
1380 1619 1411 1670 et
1426 1607 1471 1672 si-

167 1727 209 1772 ne
224 1710 313 1773 omni
334 1710 527 1780 discrimine.
570 1713 664 1778 Adde
687 1715 749 1795 his,
775 1717 923 1798 ignorari,
947 1735 989 1780 an
1015 1716 1205 1798 rescriptum
1231 1716 1412 1780 Diocletani
1434 1728 1473 1782 et

168 1817 362 1882 Maximiani
376 1821 527 1884 omnibus
542 1833 625 1886 esset
640 1835 851 1906 perspectum,
866 1835 898 1886 et
912 1825 1030 1908 passim
1047 1824 1239 1905 recipercter.
1273 1822 1405 1906 Duplex
1419 1833 1475 1887 est

169 1928 358 2010 conjectura,
374 1949 416 1992 ex
430 1949 498 2012 qua
511 1932 661 1996 concludi
685 1943 803 2016 posset,
824 1933 906 1996 illud
921 1951 984 1996 non
999 1933 1142 2016 potuisse
1158 1931 1192 1994 in
1207 1931 1390 2013 generalem
1404 1931 1479 1994 dis-

168 2036 323 2119 ciplinam
337 2038 434 2101 abire.
476 2041 585 2104 Prima
610 2051 666 2120 est,
692 2041 788 2123 quod,
815 2051 851 2104 ut
874 2041 968 2104 modo
991 2039 1146 2121 dicebam,
1162 2039 1203 2104 ad
1220 2040 1378 2122 privatam
1393 2057 1475 2104 can-

170 2175 240 2218 sam
255 2155 433 2238 pertineret;
450 2152 551 2215 altere
564 2161 621 2232 est,
638 2152 725 2233 quod
740 2154 775 2215 in
791 2151 908 2215 (lodice
922 2151 1153 2216 Theodosiana
1171 2153 1377 2218 desideretur.
1407 2153 1478 2216 Ita-

169 2281 233 2344 que
248 2261 371 2344 primus
395 2259 599 2324 Justinianus
622 2259 692 2342 lege
715 2259 845 2342 publica
859 2259 1057 2342 pubertatem
1069 2258 1173 2322 voluit
1194 2279 1355 2348 annorum
1368 2259 1479 2324 deter-

169 2371 345 2434 minatione
359 2369 452 2448 finiri,
468 2368 662 2448 indecoram,
678 2366 789 2430 dicens
803 2368 901 2432 etiam
913 2368 950 2444 in
964 2369 1120 2432 masculis
1132 2370 1344 2433 Onesieneem
1357 2369 1481 2452 puber·

170 2490 278 2560 tatem,
304 2479 324 2542 l.
340 2479 370 2542 3.
395 2478 465 2558 cod,
491 2477 624 2560 quando
650 2487 778 2556 tutores,
808 2477 906 2558 princ.
931 2477 1031 2540 instit.
1058 2479 1148 2561 quib.
1173 2478 1258 2542 mod.
1276 2489 1332 2542 tut
1348 2477 1475 2542 linitur.

170 2589 248 2660 Quo
263 2599 403 2672 tempore
417 2585 703 2670 Langobardorum
718 2587 899 2652 incursibus
920 2587 1107 2654 Romanum
1134 2589 1306 2674 imperium
1321 2589 1479 2654 turbaba-

170 2710 230 2778 tur,
246 2699 353 2782 spemi
367 2698 471 2781 coepit
495 2697 700 2760 Justinienea
723 2694 896 2778 disciplina
919 2716 958 2760 ac
981 2709 1052 2762 tum
1078 2697 1177 2781 pueri,
1202 2707 1273 2762 tum
1287 2695 1413 2779 puellae
1428 2696 1480 2760 ab

171 2804 334 2886 aliquibus
345 2805 549 2868 matrimonio
555 2805 784 2890 jungebantiu,
811 2805 885 2894 licet
898 2805 1008 2868 adbuc
1023 2807 1218 2888 impuberes,
1231 2817 1329 2890 atque
1343 2806 1385 2868 ob
1398 2823 1477 2870 eam

171 2933 239 2978 rem
253 2915 335 2978 haec
349 2915 500 2998 conjugia
514 2913 661 2978 damnari
685 2915 814 2997 penitus
841 2913 1124 2998 Langobardorum
1140 2914 1265 2997 legibus
1280 2913 1476 2994 debuerunt,

173 3024 221 3088 uti
235 3024 335 3105 liquet
349 3043 393 3086 err
408 3023 474 3086 libr.
489 3022 523 3084 2.
535 3023 596 3104 leg.
639 3021 878 3105 Langobardar.
903 3022 949 3085 tit
970 3023 997 3084 1.
1012 3041 1134 3086 numer.
1154 3022 1212 3101 10,
1227 3021 1273 3084 tit.
1289 3021 1319 3084 8.
1336 3037 1425 3082 num.
1440 3018 1477 3082 2.

173 3146 206 3198 et
222 3136 270 3198 11.
292 3133 369 3198 Post
383 3134 465 3196 haec
478 3143 512 3196 et
525 3133 682 3212 Romano,
698 3143 730 3195 et
755 3131 1041 3214 Langobardorum
1061 3133 1134 3216 jure
1158 3131 1325 3215 perspicue
1339 3129 1479 3194 definita

174 3263 240 3310 nen
265 3243 444 3322 defuerunt,
471 3245 529 3326 qui
553 3242 744 3326 scripserint,
766 3243 848 3327 juris
869 3241 1078 3306 ecclesiastici
1102 3239 1286 3305 auctoribus
1301 3239 1392 3304 aliud
1407 3238 1483 3321 pla-

173 3356 287 3434 cuisse,
303 3351 553 3435 eorumdemque
568 3351 756 3416 auctoritate
775 3335 916 3430 cautum,
939 3359 974 3414 ut
993 3367 1060 3414 non
1085 3367 1128 3412 ex
1148 3347 1253 3428 annis,
1279 3345 1339 3410 aed
1366 3343 1481 3427 potius

173 3485 215 3528 ex
229 3463 383 3530 facultate
394 3461 569 3545 generandi
583 3470 673 3524 aetas
693 3460 961 3540 contrahentium,
986 3471 1018 3523 et
1037 3457 1251 3524 contrahendi
1276 3465 1419 3541 potestas
1433 3453 1482 3518 sit

176 3573 382 3652 dimetienda,
406 3573 500 3655 quasi
525 3581 672 3635 auctores
696 3587 859 3634 canonum
884 3567 1069 3632 indecoram
1093 3567 1279 3631 reduxerint
1302 3563 1481 3628 Cassiano·

174 3705 249 3751 rum
263 3686 456 3768 opinionem;
473 3683 572 3764 idque
585 3691 747 3766 putarunt,
774 3701 808 3744 se
833 3679 989 3744 deducere
1014 3699 1056 3743 ex
1081 3697 1153 3762 cap.
1180 3676 1209 3740 3.
1235 3675 1276 3740 de
1290 3673 1481 3757 desponsat.

177 3797 299 3878 impnb.
342 3795 417 3858 Non
432 3803 568 3878 possunt
581 3793 671 3870 baec,
687 3809 760 3854 meo
780 3789 908 3875 judicio,
935 3788 1005 3852 siue
1031 3805 1196 3852 sacrorum
1216 3803 1380 3850 canonum
1395 3784 1484 3868 inju-

177 3903 223 3966 ria
238 3899 381 3983 quadam
396 3899 603 3983 pronuntiari.
647 3899 737 3962 Num
752 3898 847 3978 enim,
863 3897 950 3980 quod
965 3899 1000 3960 in
1024 3895 1162 3960 seminas
1188 3894 1265 3958 olim
1287 3893 1395 3956 visum
1410 3891 1485 3956 iue-

176 4019 224 4071 rat
239 4008 449 4090 impudicnm,
465 4005 617 4089 quodque
630 4007 666 4070 in
679 4008 831 4071 masculis
846 4007 991 4070 castitate
1006 4023 1140 4068 suorum
1169 4013 1350 4085 temporum
1374 3999 1485 4084 indig-

182 4133 263 4178 utrm
274 4114 355 4178 dixit
369 4113 580 4190 Justinianus,
604 4112 758 4192 dicemus,
784 4112 878 4178 facile
899 4113 998 4192 sacris
1019 4110 1198 4178 centonibus
1212 4118 1378 4190 receptum
1389 4105 1487 4170 dein-

178 4219 219 4284 de
233 4221 344 4300 luisse,
359 4221 451 4302 qnasi
469 4238 533 4283 non
547 4217 633 4282 adeo
652 4218 801 4302 religiosa
824 4218 919 4284 suerit
933 4216 1223 4282 ecclesiasticorum
1238 4213 1379 4278 Petrum
1392 4231 1486 4276 vere-

159 4329 308 4410 cundia,
334 4341 365 4393 et
389 4330 549 4411 honestas,
575 4349 675 4412 quam
700 4341 844 4394 veterum
868 4327 1175 4406 Jureconsultorum,
1200 4343 1239 4388 ac
1262 4321 1486 4406 Principium?

180 4437 274 4504 Adsit
288 4440 368 4504 haec
383 4439 423 4504 de
437 4439 681 4506 modestissimis
703 4437 778 4502 viris
803 4437 968 4523 suspicari,
991 4433 1132 4500 necdum
1155 4433 1336 4500 adfirmare.
1377 4431 1491 4520 Equi-
