3216 4988
40 435 45 446 ’
97 443 1040 515 nncnrnrnarunsr,rraarusrouurruxrrcanonuru
1059 404 1310 488 ur'scrrtirrrn.
1333 415 1399 484 249

97 581 282 658 concidens,
297 579 349 648 vel
364 576 533 654 abradens,
559 585 650 642 extra
664 571 810 638 ordinem
824 567 1021 632 coercendus
1035 575 1083 628 est
1108 583 1150 628 ex
1161 565 1228 647 jure
1246 563 1399 626 Decreta·

16 710 19 716 ·
98 689 191 762 lium,
219 705 284 760 non
299 683 580 768 peeuaordiusrie
604 681 680 748 tersi
694 677 912 754 damnandus,
939 675 1112 756 rescripto
1106 692 1183 755 rpso,
1206 671 1259 735 vel
1275 671 1404 754 privile·

97 797 204 880 gioiu
227 805 380 876 eaparte,
407 794 524 872 inqua
548 788 677 854 nullutn
704 787 819 852 vitium
836 785 927 860 inest,
956 801 1034 846 suas
1049 785 1134 842 vires
1159 779 1320 854 habitum,
1343 777 1405 838 nisi

101 904 244 978 concisa,
270 899 323 961 vel
338 901 454 964 abrasa
471 915 543 978 pers
558 898 716 977 integram
731 892 899 958 Pontificis
914 889 1052 954 Maximi
1079 887 1274 950 seutentiam
1288 895 1409 947 everte-

101 1019 159 1084 ret,
174 1025 245 1087 cap.
272 1007 327 1075 ult.
341 1005 384 1070 de
408 1006 531 1071 crimin.
548 1003 630 1070 falsi.
674 1001 956 1080 Qtrotiesetunque
972 1013 1085 1059 verum
1111 993 1185 1092 salsi
1211 995 1334 1056 crimen
1352 993 1412 1056 ad

103 1114 250 1192 mittitur,
264 1131 332 1182 uon
347 1123 396 1179 est
409 1111 524 1178 eadem
537 1111 620 1177 ratio
630 1110 730 1188 illius,
748 1107 812 1190 qui
828 1107 949 1169 falsum
964 1105 1104 1183 admisit,
1119 1083 1151 1165 et
1167 1103 1264 1181 illius,
1281 1121 1338 1184 qur
1330 1102 1411 1164 'fal

104 1220 265 1290 astiteris
281 1222 323 1285 ab
337 1219 403 1286 atro
426 1216 581 1282 conlectis
597 1218 704 1283 utitur.
747 1211 918 1295 Siquidem
931 1211 1009 1292 qui
1014 1209 1113 1274 salsas
1129 1209 1254 1272 literas,
1264 1206 1410 1285 confecit,

104 1347 282 1408 uunquam
296 1325 361 1391 doli
384 1345 499 1407 expers
514 1335 572 1403 eat,
598 1322 796 1406 proindeque
819 1319 988 1398 ordinariis
1002 1317 1160 1382 falsorum
1183 1317 1295 1399 poenis
1317 1307 1413 1397 subji-

107 1435 203 1512 eitur;
219 1445 253 1500 at
267 1434 323 1512 qui
339 1431 430 1496 salsis
453 1431 551 1497 itteris
566 1431 608 1494 ab
623 1429 688 1496 aiio
701 1428 857 1494 consectis
884 1427 992 1505 utitur,
1008 1425 1105 1489 medo
1120 1423 1301 1504 invincibili
1326 1423 1415 1506 ig'ue

109 1539 217 1602 tantia
231 1539 389 1615 excusari,
403 1537 502 1606 niodo
517 1555 583 1601 non
597 1535 661 1602 uisi
675 1535 716 1598 de
725 1534 837 1615 culpa,
852 1551 910 1604 seu
925 1525 1124 1612 negligentia
1138 1529 1288 1610 redargui
1303 1540 1418 1610 petest,
1447 1607 1456 1622 Ι

108 1643 200 1724 quod
213 1641 338 1716 scilicet
351 1661 416 1708 uon
432 1644 512 1710 sutis
526 1643 776 1732 investigaverit,
791 1659 833 1704 an
850 1657 1042 1720 germanum
1057 1649 1142 1702 esset
1157 1649 1416 1715 munumentum,

110 1769 179 1832 que
194 1763 343 1820 uteretur.
365 1751 589 1822 Quamobrem
602 1749 813 1820 innocentius
828 1747 886 1812 tlt.
902 1747 1151 1828 prudentissime
1167 1746 1306 1810 monitos
1318 1747 1421 1808 voluit

109 1855 283 1924 universos
299 1855 476 1930 Pontificiis
490 1856 652 1938 ,rescriptis
667 1871 792 1932 usuros,
808 1867 845 1920 ut
853 1865 926 1916 'nou
940 1853 1024 1918 elias
1039 1852 1103 1916 illis
1119 1855 1259 1944 utpuiur,
1278 1871 1378 1935 quam
1394 1855 1421 1916 si

113 1964 256 2044 primum
270 1962 442 2044 diligenter
454 1962 584 2044 singula
598 1961 880 2040 consideraverint,
896 1963 1026 2026 arbitrie
1035 1961 1155 2046 Judicis
1171 1961 1364 2043 relinquens,
1386 1975 1422 2025 ut

113 2088 193 2152 pro
188 2067 414 2160 negligentiae
436 2067 533 2140 modo
554 2085 676 2150 poenas
689 2068 725 2140 iu
747 2077 873 2135 utentes
897 2067 990 2132 falsis
1015 2068 1175 2150 rescriptis
1191 2067 1321 2132 indicat
1349 2087 1420 2150 cap.

115 2179 144 2258 7.
160 2173 231 2251 eod.
245 2175 290 2238 tit.

158 2287 268 2362 Multo
283 2287 387 2360 mitior
410 2299 460 2360 est
473 2287 602 2354 illerum
628 2307 741 2370 poena,
767 2288 825 2368 qui
844 2299 986 2352 mentem
1011 2286 1180 2358 Pontificis
1203 2269 1341 2352 Maximi
1353 2285 1426 2358 cir·

108 2392 359 2472 cumvenieudo
380 2405 441 2468 eut
455 2391 547 2464 saleis
570 2395 722 2466 subibitis
747 2395 905 2477 precibus,
932 2405 989 2459 aut
1007 2397 1139 2460 veritate
1157 2415 1343 2487 suppressa,
1360 2415 1423 2458 res

116 2497 266 2582 criptqm,
277 2517 347 2580 ¹quo
364 2511 535 2578 uterentur,
550 2495 767 2569 obtinuerunt.
811 2502 1027 2584 Qtremquam
1039 2506 1129 2568 enlm
1149 2503 1204 2568 isti
1219 2505 1358 2585 graviter
1372 2504 1426 2568 de-

115 2608 278 2690 linquent,
305 2609 430 2690 legibus
445 2621 555 2678 umen
580 2629 646 2676 nen
662 2611 727 2678 elia
742 2631 847 2695 poena
871 2612 1062 2695 plectuntur,
1089 2633 1191 2696 quam
1206 2634 1253 2694 ea,
1275 2615 1424 2696 qualiat,

117 2730 157 2782 ut
166 2721 239 2802 jure
254 2720 343 2801 omni
358 2719 583 2800 destituantur,
610 2723 698 2804 quod
714 2739 756 2787 ex
772 2721 923 2804 rescripto
946 2722 1029 2792 alias
1039 2722 1427 2808 riteebtsutcnaueisee-

118 2840 241 2906 rentur,
257 2847 327 2910 cap.
343 2829 382 2905 2.,
409 2840 440 2891 ct
455 2831 576 2910 passim
592 2829 633 2892 de
646 2830 818 2911 rescriptis.
862 2830 953 2892 Haec
969 2848 1047 2892 sene
1062 2847 1166 2911 poena
1191 2808 1428 2920 ¹indiscrimina-

118 2937 181 2998 tim
198 2935 306 2998 lecum
321 2936 427 3016 habet,
453 2932 721 3018 quotiescumque
736 2937 787 3000 vel
813 2947 943 3000 narrata
959 2937 1093 3016 falsitas,
1119 2937 1171 3000 vel
1187 2955 1360 3020 suppressa
1374 2955 1428 3001 ve·

119 3045 201 3107 ritas
216 3042 312 3124 suerit
326 3063 368 3106 ex
383 3043 465 3123 delo,
488 3046 550 3108 nisi
565 3045 742 3108 rescribens
757 3063 908 3129 expresse
923 3045 1116 3128 profiteatur,
1137 3045 1220 3108 velle
1235 3065 1269 3110 se
1284 3047 1427 3126 omnino,

120 3161 155 3210 et
170 3167 378 3232 quocumque
393 3151 495 3232 posito
521 3151 565 3214 rei
580 3163 701 3214 eventu
716 3153 1105 3236 rescriptum'executieni
1120 3153 1277 3234 mandari,
1300 3175 1371 3238 cap.
1387 3157 1427 3236 9.,

120 3271 155 3324 et
166 3261 221 3330 lb.
238 3257 279 3324 de
294 3262 434 3343 rescript.
450 3262 484 3326 in
500 3261 540 3341 6,
555 3279 625 3344 cap.
639 3263 691 3332 23.
707 3262 749 3326 de
763 3264 937 3345 praebend.
953 3264 987 3328 iu
1001 3266 1041 3344 e,
1065 3265 1223 3352 (ilement.
1239 3267 1268 3331 d.
1281 3267 1356 3335 cod.
1372 3270 1428 3350 tit,

120 3383 292 3455 propterea
316 3371 404 3454 qued
420 3373 485 3436 vim
512 3374 653 3456 rescripti
679 3375 831 3438 metbuur
846 3375 953 3456 petius
976 3395 1019 3438 arr
1034 3377 1201 3442 uoluntate
1217 3381 1428 3461 rescribentis,

121 3501 227 3565 quatu
252 3481 455 3546 adamussim
481 3484 573 3564 sequi
599 3485 742 3548 maxime
764 3483 862 3564 decet,
888 3477 1049 3566 qtiidquid
1075 3497 1212 3550 conatus
1234 3487 1377 3552 fueritin
1395 3467 1430 3553 li·
1492 3518 1509 3535 -

122 3589 211 3654 belle
225 3587 372 3672 supplici,
398 3589 455 3670 qui
471 3589 659 3672 rescriptum
674 3590 868 3672 impetravit,
893 3590 1008 3666 eodem
1023 3590 1207 3671 feremcde,
1219 3575 1447 3684 ‚qrrolfurtum'

123 3700 261 3762 minime
277 3709 394 3762 vocant
418 3697 646 3779 Jureconsutrq
663 3697 751 3778 qued
775 3697 994 3760 consentiente
1009 3697 1141 3762 domino
1158 3700 1257 3764 etiam
1272 3701 1382 3766 surtim
1397 3695 1430 3765 et

124 3812 223 3889 clam,
239 3810 340 3872 imme
354 3819 386 3872 et
400 3810 510 3872 animo
535 3807 617 3872 furis
632 3807 799 3890 abaliquo
824 3807 1007 3870 admissum
1021 3805 1125 3888 luerit,
1151 3809 1172 3872 l.
1188 3811 1238 3876 le.
1258 3815 1278 3880 i.
1296 3814 1324 3876 8.
1342 3813 1431 3901 ilde
1514 3797 1518 3806 ¹

125 3919 230 3996 furtis,
252 3920 281 3994 l.
298 3915 440 3980 uiuent
467 3916 507 3980 dc
521 3915 661 3998 obligat,
687 3935 771 3998 quae
786 3935 828 3979 cx
854 3913 960 3983 delict.
981 3928 1170 3984 naseuntur.
1215 3921 1386 4008 Caeterum
1402 3923 1430 4004 ei

125 4049 168 4091 ex
185 4025 386 4110 ignoratione
411 4023 603 4106 postulantis
618 4024 769 4110 evenerit,
797 4033 833 4086 ut
848 4022 900 4086 vel
916 4033 1081 4086 enarretur
1095 4023 1231 4108 salsitas,
1245 4023 1298 4086 vel
1313 4027 1434 4088 veritas

125 4137 307 4213 reticeatur,
332 4133 574 4198 observandum
588 4143 645 4212 est,
669 4151 712 4194 an
728 4131 822 4213 plura
846 4133 954 4212 capita
969 4133 1158 4213 rescriptum
1183 4127 1356 4209 contineat,
1379 4153 1430 4196 ea-

113 4264 192 4328 ·que
208 4244 253 4306 ita
267 4241 437 4328 disjuncta,
464 4253 501 4304 ut
518 4259 619 4304 unum
643 4240 685 4319 ab
700 4238 801 4310 altere
820 4239 959 4325 ¹minime
979 4236 1133 4324 pendeaq
1160 4257 1202 4300 an
1220 4255 1284 4302 una
1305 4247 1432 4302 tantum

129 4351 171 4417 sit
186 4347 388 4422 rescribentis
413 4345 568 4430 definitio;
584 4366 628 4410 an
643 4345 785 4430 denique
810 4345 983 4428 multiplex
997 4345 1140 4428 quidem,
1167 4343 1247 4410 sed'
1240 4357 1293 4426 rte,
1314 4357 1350 4409 ut
1366 4363 1436 4409 una

93 4545 96 4550 Ι
131 4457 173 4521 ab
188 4455 289 4519 altera
304 4451 451 4538 pendeat.
495 4453 530 4518 Si
546 4453 696 4536 primum,
711 4453 832 4531 valebit
856 4451 1221 4606 adhuerrescriffiumg·
1233 4462 1385 4534 eaparte,
1400 4452 1435 4516 in
1479 4533 1481 4538 ,

990 4555 1037 4597 on
1130 4573 1169 4584 -
