3216 4988
653 427 702 486 ‚na
720 423 868 473 usuris.
1336 391 1414 462 Μ’

111 556 258 642 territet
271 577 319 628 ea.
366 554 440 630 Ideo
456 530 613 640 qrrt'toert
627 571 761 636 agrum
786 551 838 625 oet
851 549 993 628 domum,
1011 565 1111 613 nsunt
1136 540 1417 619 carcercareer

106 669 287 752 pecuniane
309 667 463 752 occipere,
490 673 520 728 et
535 663 771 749 quodernatodo
797 663 895 748 quusi
916 669 1116 726 conmittere
1137 659 1269 724 ridetur
1283 657 1421 722 lucrum.

108 799 185 842 arm
210 777 643 862 transcensurum
667 775 699 838 st
712 773 893 858 repositam
918 771 955 833 in
980 767 1108 834 samnis
1129 778 1241 834 terreas
1256 769 1350 851 oprnl
1377 774 1417 846 te,

108 889 242 956 aridum
256 887 466 972 resumcopis
488 906 528 951 ea
542 906 596 964 ea,·
610 883 706 948 tertio
721 901 814 966 ager,
830 879 881 944 ael
894 879 1013 942 domin
1027 877 1147 943 utendo
1166 877 1347 952 veterascit,
1361 897 1416 959 pe-

109 999 213 1066 cunia
227 983 340 1062 anteat
353 993 548 1078 accesserit
562 1000 728 1070 minuata,
753 1009 812 1056 nec
826 991 1002 1064 minuitur,
1018 1009 1075 1052 nee
1089 988 1271 1050 veterascit.
1315 984 1417 1054 Quod

107 1102 259 1185 denique.
275 1102 413 1186 pertinet
427 1099 477 1166 ‚ad
506 1099 654 1184 opposita
670 1115 837 1168 sacrarum
864 1096 1095 1178 scripturarum
1122 1092 1312 1170 testimonia,
1336 1091 1417 1185 nibil

68 1269 70 1274 ,
106 1209 201 1274 aliud
215 1229 277 1290 ego
300 1227 428 1292 repono,
453 1227 553 1291 qrrarn
569 1226 642 1270 eam
657 1205 881 1272 adhibendam
901 1223 973 1268 esse
988 1205 1293 1286 tnterpretntionenr,
1314 1221 1415 1284 quarn

106 1323 220 1391 Sancti
238 1319 410 1390 Ecclesiae·
421 1320 532 1386 Patres
547 1295 758 1400 indidemne
781 1317 835 1382 isti
850 1318 941 1383 enim
954 1327 1032 1384 suut
1046 1315 1203 1398 sequendi
1218 1315 1323 1380 divini
1333 1315 1417 1399 juris
1497 1349 1499 1354 .
1549 1355 1554 1362 -

106 1433 306 1514 interpretes.
350 1431 447 1494 Porro
461 1430 587 1498 cumin
603 1425 856 1498 Deuteronomio
871 1425 997 1504 dicitur,
1020 1445 1154 1490 usumin
1168 1426 1212 1490 ab
1225 1425 1419 1508 alienigenis

107 1541 174 1625 peti
189 1539 340 1622 potuisse,
366 1537 401 1612 id
414 1537 529 1609 codem
540 1537 617 1620 jure,
637 1545 796 1610 statutum
811 1544 870 1613 est,
884 1552 951 1617 quo
969 1533 1084 1598 licebat
1108 1532 1242 1601 iudaeis
1258 1534 1291 1598 iu
1307 1533 1426 1606 alienia

1606 877 1607 912 l

1606 947 1607 984 l

1606 1411 1607 1448 l

105 1665 211 1731 geues
227 1645 347 1740 bellurn
363 1643 487 1724 inferre,
503 1653 535 1708 et
548 1643 807 1726 alienigenarum
818 1641 904 1704 bona
918 1660 1078 1725 moupere
1093 1659 1135 1706 err
1152 1641 1213 1704 Dei
1228 1661 1333 1706 rerum
1350 1661 1418 1704 om·

105 1757 201 1820 nium
216 1753 356 1836 supremi
384 1752 519 1818 Domini
533 1749 700 1819 mandato.
742 1749 833 1814 Haec
849 1749 1066 1832 interpretatio
1091 1760 1141 1814 est
1155 1749 1317 1816 Ambrosii
1332 1753 1364 1816 in
1382 1753 1418 1814 n-
1606 1757 1607 1782 ¹

106 1861 165 1938 bro
181 1859 225 1936 de
238 1859 347 1924 Tobia
362 1878 432 1943 sep.
449 1861 498 1924 15.
514 1860 561 1924 ita
575 1859 754 1924 scribentis:
790 1858 852 1924 Ubi
858 1861 923 1945 jus
936 1861 1020 1940 beili,
1036 1861 1083 1926 ibi
1096 1863 1267 1948 eticmjas
1280 1853 1418 1938 usuraer

14 2031 18 2042 ,
107 1985 169 2032 nec
185 1965 439 2032 ommittendum
453 1977 510 2047 est,
527 1966 614 2050 quod
629 1966 675 2030 eit
689 1968 722 2032 S.
736 1967 891 2034 Thomas
905 1969 939 2034 in
953 1969 983 2034 2.
998 1969 1028 2032 2έ
1045 1982 1170 2050 quaest.
1186 1971 1237 2036 78.
1254 1983 1310 2036 art.
1333 1976 1358 2038 l.
1375 1977 1418 2038 sd

106 2077 137 2140 2.
154 2073 417 2140 itallaJudaeis
439 2075 592 2143 scribens:
623 2077 723 2164 Qrtod
737 2087 851 2144 antem
873 2081 916 2144 ab
934 2083 1103 2146 extraneis
1127 2103 1269 2150 usuram
1295 2087 1418 2171 accipe·

105 2195 192 2268 reret,
207 2207 272 2255 aaa
286 2171 426 2270 fait'eis
441 2207 643 2268 aceessum,
662 2193 761 2275 quaa
775 2192 916 2272 licitum,
942 2191 1002 2258 scd
1014 2197 1220 2278 permissam
1246 2197 1291 2262 ad
1305 2197 1419 2283 majus

106 2298 242 2364 malam
256 2297 448 2377 cttaneam;
472 2319 513 2362 ne
527 2299 649 2366 seduci
665 2309 685 2364 α
702 2301 840 2372 Iudaeis
867 2301 980 2390 Derim
994 2305 1171 2372 colentibus
1196 2303 1322 2373 bsecras
1338 2311 1419 2376 acci·

106 2414 227 2489 pereat
238 2415 377 2490 propter
391 2408 582 2485 avaritiam,
596 2409 653 2474 eui
666 2409 772 2480 dediti
786 2417 890 2474 erata.
935 2412 1105 2476 Praeterea
1119 2433 1183 2478 non
1200 2416 1279 2480 satis
1294 2429 1418 2501 aptum,

107 2523 341 2596 argumentum
356 2524 415 2594 est,
440 2515 527 2597 quod
554 2535 596 2580 ex
622 2516 826 2600 Euangeliou
851 2519 1006 2602 parabola
1028 2519 1208 2603 deducitur,
1231 2527 1418 2607 praesertim

108 2618 199 2702 quod
215 2620 258 2686 ibi
274 2621 330 2704 qui
346 2640 463 2685 usuras
478 2623 647 2706 exegisset,
664 2625 757 2691 trama
781 2636 937 2692 austeras
951 2627 1087 2710 dicatur,
1105 2632 1229 2712 tollens,
1253 2634 1340 2718 quod
1353 2657 1421 2702 aaa

102 2730 231 2816 posteit,
257 2738 288 2792 et
302 2739 434 2810 metens,
461 2731 626 2816 qrrortncn
641 2735 828 2799 seminavit.
871 2737 965 2808 urid
980 2739 1070 2804 aliud
1097 2755 1208 2806 autem
1233 2744 1418 2826 significare

110 2835 214 2916 soluit
228 2833 389 2916 Christus,-
403 2857 503 2920 quem
518 2859 554 2905 se
568 2842 760 2926 puniturum
775 2863 839 2924 eos,
854 2847 910 2928 qui
925 2849 1044 2920 otiosos
1067 2853 1170 2919 enimi
1185 2851 1290 2934 dotes,
1300 2867 1333 2920 et
1346 2859 1418 2922 sins

108 2940 271 3026 spirituali
285 2942 392 3024 fructu
407 2945 524 3010 inertes
547 2948 768 3034 reliquissent?
810 2954 894 3018 Item
909 2956 941 3020 in
957 2959 1014 3021 illa
1031 2939 1233 3044 Euangeliou
1248 2967 1427 3034 iustitutio-¹

108 3070 151 3136 ne
166 3061 325 3144 mutuum
339 3054 475 3135 dantes,
488 3058 577 3132 nibil
590 3060 667 3124 iude
681 3073 861 3146 sperantes,
876 3077 1050 3150 postquam
1067 3055 1309 3153 Evangelicum
1329 3095 1420 3160 pree-

108 3174 243 3244 ccpuun
260 3181 418 3244 agnovere
434 3167 578 3232 uniuersi
593 3169 801 3236 ecclesiastici
816 3175 938 3256 Patres,
954 3196 1036 3260 quos
1050 3191 1183 3246 secutus
1201 3195 1251 3248 est
1265 3185 1428 3264 Urbanus

109 3267 172 3330 111.
189 3267 222 3331 in
236 3288 318 3358 cap.¹
328 3271 377 3334 10.
393 3271 434 3334 de
450 3275 566 3354 usuris,
583 3275 673 3340 locus
689 3281 823 3344 minime
837 3297 982 3367 superest
1004 3288 1077 3354 aliis
1092 3291 1343 3376 interpretationi
1350 3278 1427 3369 bus.-
1506 3330 1508 3336 ¹

109 3378 215 3450 Quod
230 3380 257 3444 si
272 3381 384 3460 Sancti
400 3383 497 3464 iidem
513 3383 627 3450 Patres
642 3388 785 3454 vividius
799 3403 912 3456 contra
926 3413 1075 3464 enormes
1091 3419 1216 3484 usuras,
1233 3418 1293 3472 aut
1305 3423 1429 3478 contra

109 3505 231 3570 usuras
245 3491 267 3550 a
277 3489 475 3572 paoperibus
487 3492 666 3576 erigendas
685 3494 961 3582 declamaverunt,
978 3522 1045 3570 non
1064 3503 1140 3580 iude
1154 3511 1324 3595 colligitur,
1342 3537 1418 3582 usu·
1471 3589 1475 3596 ⁴

110 3617 164 3677 ras
176 3597 321 3680 leviores,
337 3610 370 3664 et
380 3602 559 3686 exigendas
574 3604 762 3672 adivitibus
774 3612 969 3696 probavisse,
984 3619 1117 3700 quando
1132 3625 1258 3705 passim
1270 3627 1419 3696 demone

109 3714 237 3768 uantur
252 3706 422 3770 universas
436 3709 593 3786 detestati.
657 3718 659 3726 '

118 3881 125 3890 ,
153 3811 246 3876 Haeo
261 3815 371 3878 orturis
386 3819 550 3899 generalia
564 3833 648 3916 sunt,
665 3822 928 3913 demonstrantia,
944 3836 1032 3900 omni
1043 3840 1117 3922 jure
1132 3841 1304 3928 improbari
1319 3851 1421 3933 qaod-

108 3939 256 4004 eumque
271 3921 398 4003 lucrum
423 3946 520 4010 supra
536 3941 653 3996 sortem
669 3955 711 4000 ex
734 3955 800 4002 uno
815 3941 926 4008 tardae
941 3943 1109 4016 solutionis
1132 3964 1274 4040 tempore
1288 3963 1427 4047 exigen-¹

105 4027 202 4118 'ilum
238 4027 294 4092 Ex
309 4033 428 4112 quibua
442 4031 577 4118 constat,
603 4038 731 4108 lucrum
746 4067 846 4132 supra
860 4063 978 4120 sortem
992 4057 1057 4122 alia
1082 4062 1250 4146 decanea,
1264 4084 1349 4151 quae
1364 4091 1421 4136 ex·
1556 4041 1569 4060 ι

111 4139 272 4250 trinsecus
286 4140 426 4224 obvenit,
448 4145 615 4231 accedens,
631 4171 691 4216 nee
707 4174 825 4221 usurae
840 4163 971 4228 nomine
985 4170 1149 4253 condneri,
1170 4193 1230 4239 nec
1247 4197 1426 4248 usurarum

109 4269 236 4334 poenae
251 4253 424 4337 subjacere,
451 4273 527 4322 eum
543 4260 634 4326 aliud
649 4266 699 4345 sit,
725 4287 850 4351 usuras,
876 4273 970 4342 aliud
985 4279 1027 4360 id,
1042 4285 1130 4366 quod
1152 4307 1194 4352 ex
1209 4311 1421 4381 quacumque

109 4377 213 4446 causa
229 4359 368 4440 interest,
396 4367 553 4448 persequi.
597 4369 700 4453 Blane
714 4375 756 4455 id,
772 4381 860 4460 quod
875 4383 1014 4468 interest,
1039 4390 1082 4454 ad
1097 4393 1261 4478 duplicem
1282 4421 1426 4473 causatu

108 4465 254 4556 retertur,
270 4469 375 4554 pnmo
385 4471 431 4584 ad
447 4473 585 4586 lucrum,
611 4481 696 4582 guod
713 4485 904 4574 emittimus
920 4499 1134 4654 selcundonad
1148 4507 1317 4658 dffurrm,
1331 4521 1427 4601 quod

976 4603 1036 4648 on.
1108 4629 1157 4654 .-
