3120 4980
231 437 279 484 DE
295 435 356 498 tta,
379 437 443 486 QUI
458 437 612 484 cantent
629 435 746 484 FIDEM
762 436 920 484 ventres
943 435 1198 482 AVERSANTUR.
1326 411 1368 476 83

94 567 153 640 tun,
166 567 220 624 aut
234 557 469 624 Monesterinm
483 560 677 644 ingressum
694 560 771 624 liliis
786 559 909 622 eisdem
920 559 1092 642 baptizatis
1106 555 1265 622 habituris
1281 555 1371 622 dein·

93 669 195 754 depost
208 681 344 734 mertem
369 681 541 753 parentum
556 673 715 752 integram
736 667 945 732 haereditatis
959 679 1092 751 partem,
1114 685 1215 749 quam
1230 667 1370 732 habituri

91 793 183 859 essent,
198 784 388 864 siparentes
403 783 446 846 ab
461 783 611 846 intestato
626 781 827 862 decederem
849 800 955 862 neque
970 800 1057 844 erum
1072 780 1170 842 datur
1184 779 1372 862 parentibus

91 888 202 952 ludaeis
215 889 395 971 baptizatos
416 887 657 952 exhaeredandi
673 887 820 968 facultas,
837 889 935 951 etiarn
957 888 983 951 si
1001 887 1079 950 forte
1096 887 1239 969 legitima
1254 887 1372 950 exhae-

91 998 317 1062 redandicausa
342 996 515 1080 extitisses
535 1000 636 1061 immo
660 1017 702 1061 ne
722 995 811 1060 frans
836 997 1008 1080 baptizatis
1034 995 1099 1075 fiat,
1126 995 1207 1058 solat
1232 1005 1373 1077 tempore

90 1104 270 1188 baptismatis
295 1107 452 1170 bonorum
477 1107 624 1170 omniurn
639 1119 845 1190 paternorum
873 1105 941 1170 lieri
967 1105 1195 1184 inventarium,
1222 1107 1314 1190 cujus
1331 1105 1373 1168 ad

91 1214 246 1293 portionem
270 1213 519 1316 haereditariam
545 1213 800 1296 computandam
827 1223 968 1296 ternpore
995 1221 1146 1295 paternae
1169 1215 1279 1286 mortis
1296 1215 1375 1276 ratio

90 1317 234 1397 iubeatur,
261 1339 302 1382 ne
318 1319 401 1384 alias
417 1322 543 1384 occasio
568 1321 661 1386 detur
684 1323 870 1404 parentibus
895 1323 980 1384 bona
1006 1321 1141 1385 subdole
1163 1321 1373 1406 distrahendi,

91 1439 261 1508 argumento
275 1429 409 1512 capituli
425 1432 453 1496 5.
470 1429 511 1492 de
525 1429 670 1494 ludaeis.

123 1537 273 1618 Respectu
287 1551 514 1603 extraneorum
528 1539 722 1618 (metuatur,
748 1551 783 1604 ut
798 1539 818 1605 J
822 1539 945 1604 udneus
960 1541 1150 1624 baptizatus,
1167 1559 1224 1603 seu
1240 1537 1390 1622 pererra·

91 1645 179 1709 milies
193 1649 242 1726 eit,
268 1667 327 1712 seu
342 1647 580 1727 filiusfamilias,
596 1647 875 1731 quemadmodum
887 1651 1000 1714 o'rnnia
1023 1653 1107 1713 bona
1121 1661 1152 1712 et
1164 1653 1238 1734 jura
1254 1653 1377 1732 retinet,

91 1757 117 1819 in
129 1757 291 1822 ludaismo
306 1761 462 1841 quaesita,
486 1761 530 1823 ita
546 1771 692 1825 teneatur
707 1761 747 1824 ad
765 1781 820 1824 aes
836 1763 979 1826 alienum
1001 1775 1097 1825 antea
1112 1775 1322 1839 contractum,
1346 1773 1379 1825 et

92 1867 124 1930 erl
138 1871 364 1936 restitutionem
391 1891 570 1951 usurarum,
597 1873 773 1955 exquibus
800 1873 997 1938 Judaeorum
1023 1874 1201 1956 peculium,
1228 1885 1263 1938 ut
1283 1875 1379 1958 pluri-

91 1995 166 2042 tnurn
181 1981 224 2059 sn,
250 1979 410 2063 redigitur,
427 1993 458 2042 et
474 1993 620 2063 augetur,
644 1982 786 2045 immori
803 1983 879 2045 lorte
897 2001 968 2046 reus
983 1983 1127 2046 criminis
1149 1982 1296 2064 capitalis
1312 1979 1378 2044 fue·

92 2087 128 2166 rit,
142 2105 196 2153 nee
220 2101 291 2174 post
306 2091 503 2172 baptismum
530 2109 669 2174 poenam
685 2091 861 2174 legitimam
877 2091 1003 2170 evadet,
1030 2111 1071 2154 ne
1086 2089 1165 2154 sorte
1188 2093 1215 2156 si
1231 2091 1320 2156 aliud
1336 2111 1378 2154 ex

90 2197 216 2277 quadam
231 2200 434 2282 indulgentia
449 2201 612 2276 obtineret,
639 2201 659 2264 J
663 2201 755 2264 udaei
772 2201 823 2264 iris
839 2203 1044 2284 potissimum
1071 2201 1110 2264 de
1125 2203 1233 2266 causis
1248 2219 1379 2266 conver·

90 2303 196 2369 sionem
212 2305 451 2387 meditarentur,
475 2329 514 2372 nc
540 2309 682 2391 figerent,
709 2324 899 2392 argumento
916 2311 995 2395 legis
1022 2315 1050 2376 1.
1076 2311 1146 2376 cod.
1175 2314 1214 2376 de
1240 2314 1300 2394 bis,
1323 2325 1406 2404 qut¹

90 2411 122 2472 ad
139 2414 259 2480 Eccles.
284 2417 485 2500 confugiunt.
529 2419 867 2484 Animadvertendum
894 2433 1003 2488 tamen
1021 2434 1077 2504 est,
1102 2425 1187 2506 quod
1217 2427 1257 2488 ad
1286 2445 1380 2509 pecu·

91 2527 167 2590 niam
192 2531 307 2592 attinet
332 2549 374 2594 ex
395 2531 500 2593 usuris
524 2533 718 2614 quaesitum,
743 2531 882 2596 multum
910 2533 1062 2596 interesse
1088 2533 1284 2598 discriminis
1300 2517 1382 2596 inter

88 2639 313 2720 enmspeciem,
341 2640 373 2702 in
389 2657 455 2720 qtta
469 2653 604 2720 constat,
633 2640 675 2706 ad
691 2659 774 2721 quos
788 2641 843 2702 illa
868 2637 1079 2702 determinate
1095 2641 1259 2720 pertineat,
1285 2650 1381 2719 atque

88 2757 159 2820 earn,
173 2743 205 2805 in
221 2763 288 2826 qna
302 2746 440 2826 pecunia
455 2745 583 2816 incertis
598 2749 639 2810 sit
654 2747 798 2828 personis
815 2745 1021 2810 restituenda.
1066 2743 1236 2828 Siquidem
1253 2745 1284 2809 iu
1304 2745 1379 2826 prio

87 2863 114 2908 re
126 2849 267 2913 Judaeus
282 2869 458 2914 conversus
474 2846 647 2939 pecuniam
663 2855 826 2916 restituere
842 2853 979 2915 debebit:
996 2853 1029 2916 in
1046 2853 1216 2933 posteriore
1231 2851 1382 2928 obtinuit,
1453 2907 1461 2920 ,

87 2969 116 3020 ut
130 2963 279 3042 quoniam
299 2979 346 3024 res
363 2963 490 3024 incertis
506 2968 649 3043 personis
664 2962 780 3042 debita,
797 2961 901 3024 autin
920 2961 1094 3036 Ecclesiae,
1118 2961 1213 3042 plave
1228 2957 1307 3035 loca,
1324 2969 1383 3021 aut

86 3069 113 3134 in
128 3093 281 3156 pauperes
295 3085 379 3138 esset
395 3075 574 3156 tribuenda,
590 3076 704 3138 eadern
719 3075 880 3157 baptizato
896 3095 937 3138 ex
954 3075 1158 3158 indulgentia
1178 3074 1382 3151 concedatur,

84 3185 249 3264 nonquasi
275 3185 405 3248 domiuo
422 3185 474 3262 rei,
502 3185 557 3248 sed
574 3185 668 3266 quasi
696 3187 836 3266 pauperi,
863 3196 1067 3250 etexcausa
1094 3185 1248 3268 piissima,
1275 3185 1385 3268 qualis

84 3294 229 3358 estlavor
255 3299 461 3360 Gluistiauae
479 3298 648 3379 religionis,
675 3309 706 3359 et
723 3317 762 3360 ne
779 3299 873 3362 territi
890 3298 972 3362 alias
998 3299 1017 3362 J
1021 3297 1115 3362 udaei
1139 3317 1270 3362 suorum
1287 3297 1385 3362 bono-

83 3417 148 3464 rrun
160 3404 293 3486 potura,
309 3411 329 3468 a
345 3407 539 3488 baptismate
554 3407 639 3469 susci
644 3407 761 3488 picudo
777 3405 950 3471 declinent.

119 3507 266 3591 Denique
283 3523 427 3593 respectu
458 3509 621 3574 Ecclesiae
636 3515 833 3594 observatur,
852 3527 885 3578 ut
901 3517 926 3578 si
943 3513 962 3578 J
966 3515 1099 3594 rideatis,
1126 3517 1321 3600 baptismate
1338 3537 1388 3581 se·.

81 3617 140 3679 mel
156 3631 314 3703 suscepto,
331 3622 444 3685 itcrnrn
460 3633 635 3686 revertatur
650 3623 691 3686 ad
703 3625 945 3706 superstitiones
958 3645 1102 3703 suorum,
1118 3635 1275 3708 tauquam
1292 3646 1384 3708 apos·

82 3733 143 3788 tata
171 3728 336 3808 habeatur,
364 3741 395 3792 et
419 3733 603 3814 apostasiae
629 3734 741 3814 peonis
766 3733 967 3814 gravissimis
994 3736 1155 3816 puniatur,
1182 3753 1254 3798 ean.
1277 3735 1327 3799 et.
1345 3735 1386 3798 de

80 3853 214 3903 consecr.
231 3841 303 3904 dist.
319 3843 360 3920 4.,
387 3861 457 3923 cap.
472 3843 502 3906 4.
519 3843 558 3906 de
574 3845 739 3926 apostatis,
757 3845 830 3908 licet
846 3843 924 3908 sorte
940 3845 981 3910 ad
1005 3847 1204 3929 baptismum
1221 3847 1317 3910 lictus
1331 3868 1383 3910 ae-

81 3953 214 4032 cesserit,
240 3953 419 4017 dummodo
435 3975 499 4018 nou
516 3957 547 4018 vi
564 3953 658 4020 fuerit
676 3957 820 4034 adactus,
844 3971 1036 4041 argumento
1050 3959 1184 4043 capituli
1207 3959 1237 4022 3.
1254 3958 1293 4020 de
1310 3959 1384 4042 bap-

83 4057 183 4138 tismo,
198 4080 269 4145 cap.
297 4063 344 4127 13.
362 4063 402 4126 de
417 4065 536 4128 haeret.
553 4065 586 4129 iu
602 4065 632 4129 6.
675 4067 754 4136 Qua
770 4068 802 4130 in
820 4087 852 4130 re
867 4067 1031 4150 singulare
1058 4081 1115 4148 est,
1132 4083 1167 4132 ut
1182 4088 1384 4151 quamquam

67 4169 298 4254 'testimonium
326 4174 442 4236 Judaei
458 4176 615 4238 adversus
641 4175 863 4240 Christianum
891 4175 1076 4259 regulariter
1098 4197 1161 4242 non
1178 4179 1380 4260 recipiantur,
1491 4229 1494 4236 .

80 4272 267 4345 admittatur
281 4295 400 4362 tamen,
425 4285 452 4346 si
468 4284 663 4364 testificetur,
691 4289 891 4370 baptizatum
906 4289 947 4356 ed
970 4291 1168 4356 iudaeorum
1191 4291 1388 4374 superstitio·

79 4401 146 4468 nes,
161 4391 335 4474 divertisse,
363 4409 553 4479 argumento
568 4399 702 4482 capituli
717 4403 755 4482 5,
772 4414 803 4466 et
821 4405 869 4468 13.
893 4403 933 4467 de
955 4405 1076 4469 haeret.
1093 4408 1125 4469 in
1142 4407 1174 4470 6.
1217 4405 1384 4470 Adnotan-

80 4487 159 4558 dum
175 4499 385 4570 nihilominus
399 4515 456 4586 est,
472 4506 504 4570 in
520 4509 632 4592 poenis
647 4513 829 4594 apostasiae
845 4513 1031 4599 infligendis
1046 4513 1152 4580 lenius
1173 4516 1227 4602 agi
1241 4535 1318 4581 cnm
1334 4517 1383 4599 iis,
