3146 4980
187 348 253 414 314
646 377 1032 432 praecantatorum.

185 493 333 576 avellere,
360 515 568 581 quocumque
594 503 692 566 etiam
717 505 920 588 baptismatis
943 507 1128 574 conserendi
1152 519 1332 596 praetextu,
1361 531 1401 578 ac
1422 523 1493 580 tum

185 599 319 666 demum
344 603 532 670 Iulidelium
561 621 730 692 parentum
760 613 875 676 liberos
905 634 975 678 esse
1004 615 1038 680 iu
1069 615 1251 682 Ecclesiam
1279 619 1492 704 recipiendos,

183 710 315 790 quando
330 713 391 796 ipsi
417 715 505 780 liberi
520 721 744 786 consentiendi
768 743 905 806 capaces
930 733 1078 808 spumea
1094 727 1280 810 parentibus
1306 729 1376 794 suis
1391 751 1493 796 reces

183 815 290 898 serint,
306 829 337 882 ct
349 823 502 908 baptizari
517 851 552 895 se
563 831 805 920 postulaverint,
820 853 893 900 can.
905 838 934 902 ὅ.
946 835 1086 904 distinct.
1098 837 1159 922 43,
1171 859 1241 928 cap·
1253 842 1282 910 9.
1293 840 1489 908 deJudaeis.

694 1287 930 1358 QUAESTIO
953 1288 979 1355 1.

475 1539 530 1605 Ad
551 1540 689 1605 titulum
713 1491 754 1605 dd
779 1541 933 1626 coajrrgio
959 1537 1194 1627 leprosorum.

619 1717 777 1823 necarat.
801 1759 870 1823 nor.
892 1759 923 1823 4.
947 1757 993 1822 m
1008 1757 1039 1824 s.

183 1985 347 2202 NEMO
363 2127 497 2211 dubitat,
523 2148 566 2192 ex
581 2129 651 2212 ipsa
665 2129 893 2211 antiquissima
908 2128 1021 2194 Moisis
1036 2127 1207 2212 disciplina
1224 2129 1365 2214 leprosos
1379 2134 1400 2196 a
1415 2149 1488 2193 cae-

181 2251 321 2304 terorum
336 2243 493 2306 consortio
509 2241 590 2304 adeo
615 2238 715 2304 luisse
730 2252 878 2322 semotos,
905 2251 941 2304 ut
955 2261 1015 2306 nec
1041 2259 1204 2306 sacrorum
1230 2242 1399 2328 participes
1415 2241 1488 2307 fieri

179 2362 318 2432 possent,
335 2349 436 2414 donec
462 2350 558 2434 legali
573 2349 710 2414 fuissent
733 2349 916 2433 expiatione
931 2349 1067 2433 purgati,
1095 2349 1232 2415 Levitici
1247 2371 1315 2436 cap.
1335 2351 1393 2430 ta,
1418 2349 1488 2416 Nu·

172 2451 341 2522 ¹merorum
356 2478 426 2542 cap.
442 2461 471 2522 5.
504 2459 720 2542 eramquam
735 2477 810 2522 vero
825 2459 987 2522 Mosaicae
1003 2458 1077 2524 illae
1092 2461 1290 2547 expiationes
1306 2481 1361 2545 per
1376 2461 1487 2526 Chris-

178 2572 202 2634 ti
217 2571 395 2636 adventum
409 2573 616 2650 cessaverint,
641 2571 750 2636 adhuc
765 2582 875 2636 tamen
899 2572 940 2636 ob
954 2571 1119 2657 publicam
1141 2573 1321 2654 utilitatem,
1346 2584 1378 2636 et
1393 2572 1487 2656 apud

179 2683 380 2748 Christianos
396 2693 558 2766 receptum
574 2683 642 2765 suit,
669 2695 705 2748 ut
719 2703 757 2747 eo
772 2685 882 2748 morbo
908 2683 1090 2748 laborantes
1103 2689 1125 2750 a
1139 2687 1273 2750 caeteris
1299 2705 1486 2770 separaren-

87 2831 93 2842 ·
177 2805 237 2874 tur,
253 2813 294 2856 ne
309 2813 350 2856 ex
375 2805 491 2860 mutua
505 2794 751 2874 cohabitatione,
776 2804 834 2856 aut
848 2793 1091 2858 conversatione
1116 2813 1228 2860 eorum
1250 2794 1422 2860 infirmitas
1437 2793 1486 2858 la·
1571 2789 1572 2870 ζ

177 2903 240 2968 tius
256 2915 402 2986 serperet,
428 2905 474 2966 uti
490 2903 605 2985 legitur
629 2904 663 2966 in
678 2902 856 2985 Capitulari
884 2902 991 2966 Caroli
1015 2901 1130 2990 Magni
1155 2903 1234 2966 eniti
1249 2902 1319 2966 789.
1341 2920 1411 2984 cap.
1429 2902 1484 2964 20.

175 3017 280 3081 Immo
295 3028 327 3080 et
341 3016 517 3098 aliqnando
533 3017 679 3096 obtinuit,
697 3025 732 3080 ut
747 3015 861 3099 leprosi
879 3016 911 3078 iu
927 3033 1134 3080 communem
1150 3015 1259 3094 vitam,
1286 3011 1444 3098 segregati
1462 3019 1484 3080 a

178 3131 320 3210 caeteris,
335 3129 579 3206 adducerentur,
593 3141 808 3211 separataque
824 3125 974 3192 Ecclesia
988 3137 1179 3206 constructa,
1202 3126 1366 3210 proprium
1380 3125 1482 3188 habe·
1570 3209 1571 3226 χ

177 3254 247 3307 rent
260 3242 476 3322 Sacerdotem,
500 3248 600 3324 aquo
627 3242 838 3306 Sacramenta
863 3239 1144 3322 perciperentsine
1171 3239 1387 3304 Perochorum
1403 3257 1482 3302 con·
1570 3229 1571 3252 ²

177 3353 373 3431 tradictione,
390 3351 567 3416 dnmmodo
582 3351 743 3414 veteribus
759 3348 1004 3414 Perochialibns
1018 3347 1176 3415 Ecclesiis
1191 3347 1284 3412 trulla
1299 3347 1416 3432 injuria
1430 3349 1481 3410 in·
1570 3335 1571 3394 l

175 3464 314 3543 serretur,
340 3481 409 3544 cap.
437 3463 465 3524 2.
482 3461 523 3524 de
537 3460 662 3524 Eccles.
688 3457 813 3522 aedific.
857 3457 909 3524 Ad
924 3459 984 3521 hos
1000 3457 1141 3542 leprosos
1166 3460 1301 3542 pertinet
1323 3455 1480 3520 laudatus

175 3579 395 3644 Decretalimn
410 3574 531 3654 titulus,
558 3576 592 3638 in
607 3593 671 3656 qno
687 3572 778 3636 nulla
792 3547 1007 3654 expendenda
1031 3580 1214 3636 occurrunt.
1257 3569 1404 3634 Primum
1419 3581 1479 3650 est,

174 3685 338 3768 sponsalia
353 3684 393 3766 de
407 3681 523 3762 futuro,
550 3682 797 3766 superveniente
812 3681 955 3746 alterutri
970 3699 1012 3744 ex
1027 3679 1153 3764 sponsis
1179 3679 1275 3767 lepra,
1291 3699 1349 3744 seu
1364 3681 1478 3774 mprbo
1569 3675 1570 3728 l

174 3797 297 3858 sontico
320 3794 521 3876 gravissimo,
547 3802 579 3854 et
594 3791 756 3872 diuturno,
783 3791 824 3854 ab
839 3789 938 3854 altero
963 3808 1091 3872 sponso,
1117 3789 1174 3872 qui
1190 3808 1290 3852 sanus
1305 3799 1363 3872 est,
1380 3807 1477 3872 posse

172 3901 315 3982 dissolvi,
341 3891 484 3984 cap.‚ult.
500 3901 562 3963 hcc
588 3901 644 3980 tit,
669 3899 757 3982 quod
782 3899 882 3964 nolim
897 3899 1072 3984 quisquam
1098 3901 1321 3984 interpretetur
1345 3918 1412 3966 non
1434 3899 1477 3964 de

172 4009 385 4092 sponsalibus,
412 4007 469 4070 seri
484 4007 524 4070 de
540 4008 743 4072 matrimonio
758 4017 835 4090 rato,
862 4009 1009 4074 nondum
1034 4019 1144 4072 tamen
1169 4017 1396 4074 consummato
1411 4008 1477 4072 dis-

90 4179 99 4186 .
171 4119 334 4198 solvendo,
351 4139 392 4182 ex
407 4138 453 4197 eo,
469 4118 555 4200 quod
571 4119 691 4184 ibidem
705 4121 890 4202 quaesitum
905 4133 1109 4206 proponatur,
1124 4145 1171 4188 aa
1186 4121 1231 4188 ad
1244 4141 1477 4188 amasumman-
1568 4113 1569 4166 l

170 4228 251 4294 darn
265 4229 455 4322 maritalem
470 4229 622 4324 copulam
637 4229 787 4312 compelli
801 4229 914 4294 debeat
927 4251 1042 4294 sanas.
1086 4229 1218 4294 Etenim
1234 4250 1276 4294 ex
1299 4231 1379 4312 ipsis
1394 4231 1477 4313 prio

171 4337 259 4400 ribus
274 4337 406 4420 capituli
424 4339 526 4400 verbis
542 4337 708 4420 perspicue
723 4336 831 4420 liquet,
848 4339 901 4422 agi
918 4337 1036 4402 ibidem
1053 4337 1093 4402 de
1108 4338 1314 4424 sponsalibus
1329 4338 1370 4402 dc
1385 4339 1472 4404 iutu-

171 4463 214 4508 ro.
258 4445 446 4512 Secundum
462 4457 517 4526 est,
543 4457 615 4530 post
629 4457 832 4512 contractum
848 4449 1097 4532 matrimonium,
1120 4449 1148 4514 si
1163 4449 1251 4536 lepra
1266 4452 1324 4516 uni
1338 4453 1471 4538 conjugi
