3276 4984
711 409 925 454 anassiaco.
1452 390 1472 452 6

158 541 199 598 ut
213 553 283 616 ego,
309 531 384 598 lieet
407 531 698 596 ecclesiasticorum
723 529 900 596 (lamnam
924 531 1141 617 disciplinam
1163 553 1227 618 pro
1246 551 1384 598 munere
1397 551 1468 596 meo

156 641 326 726 profitear,
341 661 407 703 non
419 641 586 724 potuerim
601 647 740 716 tantum,
762 640 821 704 sed
846 640 1015 728 debuerim
1034 640 1140 724 plura
1165 662 1205 703 ea
1228 641 1308 704 aliis
1322 641 1469 724 discipli·

159 755 224 828 nis,
236 751 437 834 praesertim
448 770 488 812 ea
494 747 589 832 juris
605 747 761 826 Romani,
777 749 829 812 uel
853 749 1000 832 cujusvis
1030 748 1170 810 alterins
1194 749 1232 810 in
1258 745 1407 810 Ronmni
1421 747 1469 810 ai·

159 881 231 924 cem
245 859 424 944 aliquanda
438 859 567 942 sicffecti
581 859 805 922 sanctionibus
819 858 978 922 derivare.
1027 855 1114 920 Cum
1129 857 1218 920 enim
1232 863 1263 920 et
1277 857 1345 940 ipsi
1364 856 1467 920 Cano-

160 989 245 1032 num
260 977 408 1032 auctores
418 967 632 1052 disciplinam
643 968 876 1050 conjugiorum
900 967 937 1030 in
955 967 1115 1051 pluribus
1137 967 1324 1036 intumuerint
1329 967 1469 1051 jamdiu

150 1077 334 1162 firnaatam
347 1077 609 1160 sapientissimis
620 1079 821 1161 popularum
836 1078 1013 1142 cultiorum
1037 1079 1176 1160 leg-ibus,
1190 1087 1366 1166 propterea
1384 1077 1470 1162 qnod

151 1189 295 1270 frustra
305 1187 342 1249 in
356 1187 452 1250 rebus
467 1189 588 1270 optime
603 1187 789 1252 coristitutis
803 1207 888 1250 noua
902 1187 1025 1266 studia,
1042 1189 1175 1267 labores,
1191 1175 1394 1273 vigiliasque
1408 1189 1468 1252 im-

157 1300 361 1384 perulisseat,
376 1301 468 1364 mam
482 1299 602 1364 idcirco
617 1299 849 1362 indicauerunt
869 1299 962 1377 mibi,
981 1319 1048 1384 qua
1071 1299 1116 1362 ad
1141 1301 1231 1383 leges
1245 1301 1324 1364 illas
1339 1301 1469 1364 idemti-

160 1411 237 1474 dem
250 1412 453 1494 respicerem,
469 1431 613 1496 quarum
638 1411 731 1494 sequi
742 1409 962 1492 praedantium
987 1411 1038 1472 ita
1060 1409 1099 1472 in
1124 1409 1186 1473 bac
1205 1419 1312 1494 parte,
1331 1409 1418 1472 sicut
1433 1411 1470 1472 in

159 1516 241 1578 aliis
262 1515 420 1599 pluribus
443 1515 619 1599 dedignati
645 1537 711 1578 non
736 1523 822 1593 mont,
845 1535 916 1598 cap.
948 1514 975 1576 1.
1002 1513 1042 1578 de
1056 1516 1133 1578 nom
1148 1535 1233 1598 aper.
1249 1515 1468 1580 nuntiatione.

163 1625 279 1710 Itaque
289 1626 502 1689 libentissime
516 1625 671 1688 imitabar
687 1623 827 1688 Sanctus
841 1625 932 1707 ipsos
948 1623 1118 1688 Ecclesiae
1132 1623 1267 1701 Patres,
1281 1623 1338 1707 aui
1352 1623 1390 1686 in
1399 1643 1470 1686 con-

163 1733 334 1796 troversiis
347 1753 479 1796 ntorum
493 1732 689 1797 dirimendis
700 1733 896 1817 saepissime
919 1733 965 1796 ad
975 1733 1111 1818 publica
1125 1734 1240 1814 legum
1253 1740 1471 1797 nmnnmeata

161 1849 378 1928 respexerunt
391 1841 469 1926 ipsi,
484 1851 514 1906 et
528 1843 575 1908 ad
594 1843 709 1906 eadern
733 1841 934 1927 respicieeda
953 1843 1038 1906 alios
1064 1842 1211 1925 eaempls
1233 1861 1292 1904 sua
1304 1841 1470 1922 grauissi-

160 1974 216 2017 mo
230 1953 445 2030 avasitarum,
461 1973 531 2018 can.
549 1953 847 2036 messanensibus
869 1953 946 2016 dist.
964 1953 1023 2032 10,
1047 1961 1078 2016 et
1091 1953 1172 2017 alibi
1191 1952 1338 2037 passiam·
1353 1959 1384 2012 et
1399 1951 1470 2034 qni-

159 2064 237 2128 dem
251 2065 324 2126 sine
339 2061 642 2128 ,boreconsultornm
656 2062 796 2140 inuidia,
823 2064 882 2146 qui
907 2063 989 2126 dum
1013 2071 1143 2141 norunt,
1169 2063 1309 2145 regulas
1322 2081 1404 2124 suas
1418 2081 1471 2124 sa-

159 2171 229 2235 cris
243 2168 424 2234 wambae
435 2170 645 2254 comprobari,
659 2189 694 2232 eo
708 2169 760 2232 acl
769 2173 915 2234 mocime
925 2171 1033 2235 solida
1043 2191 1077 2234 se
1080 2171 1201 2256 jecisse
1211 2171 1385 2254 principio
1396 2168 1471 2251 glo.

160 2283 309 2346 matur.
353 2279 459 2344 Immo
474 2288 504 2342 ct
519 2278 604 2342 mibi
613 2287 792 2364 propterea
806 2280 919 2359 laetor,
934 2279 1020 2364 quod
1043 2301 1110 2344 nme
1134 2277 1337 2362 injucuudae
1352 2274 1471 2342 caindo

150 2395 247 2477 forte
270 2393 371 2455 niam
395 2411 461 2454 non
484 2375 690 2472 inelegantes
714 2389 882 2454 babendae
906 2391 976 2453 sint
1000 2409 1091 2454 ureae
1115 2389 1200 2452 istae
1226 2387 1469 2452 lucubrationes

159 2503 294 2590 meando
309 2501 488 2585 multiplici
502 2498 612 2563 decore
627 2507 754 2576 ornata,
770 2509 801 2562 et
811 2499 917 2563 uariis
931 2498 1034 2564 ueluti
1056 2499 1215 2562 coloribus
1227 2499 1321 2580 picta
1332 2496 1470 2580 prodire

157 2611 319 2674 tractatio
332 2609 435 2688 debet;
451 2609 488 2670 in
503 2629 571 2692 qua
585 2611 635 2671 ita
659 2629 710 2670 nce
730 2611 909 2691 gesturum
928 2614 1104 2692 praeterea
1125 2607 1288 2691 profiteor,
1304 2615 1343 2669 ut
1358 2608 1470 2669 omnia

156 2721 197 2783 in
207 2720 268 2782 boc
283 2717 470 2782 disserendi
481 2717 600 2798 generi
625 2719 806 2802 caeteroqui
831 2719 886 2780 sui
911 2725 1036 2780 natura
1057 2717 1207 2800 procliui,
1221 2719 1412 2800 periculoso,
1430 2737 1469 2780 ac

157 2831 296 2905 lubrica,
312 2829 357 2890 ad
371 2829 633 2911 temperantiam,
644 2827 814 2909 pudorem,
828 2827 1043 2910 decorumque
1053 2827 1249 2889 nmdestiam
1260 2845 1467 2909 campouam;

155 2940 365 3024 gravissima
379 2939 469 3000 enim
478 2937 581 3020 probo
595 2937 680 3000 mibi
695 2937 765 3020 ipse
786 2945 933 3014 veterem,
956 2937 988 2998 si
1009 2935 1165 3019 cuiquam
1179 2937 1216 2998 in
1230 2935 1288 2998 boc
1303 2936 1353 2998 uel
1367 2936 1470 2998 leuem

158 3048 371 3130 ffmsionun
383 3065 435 3108 me
449 3045 598 3128 injecisse
609 3041 891 3128 deprehenderem,
916 3051 976 3106 aut
998 3063 1050 3106 me
1062 3063 1159 3126 posse
1175 3043 1308 3126 injicere
1320 3044 1468 3126 suspica,

157 3163 222 3233 tus,
238 3153 377 3216 asininae
392 3159 617 3235 temperarem.
669 3151 784 3223 Quam
797 3159 965 3214 secuturos
986 3151 1053 3212 sim
1066 3148 1265 3226 ncetbodum,
1278 3150 1399 3232 paucis
1413 3169 1466 3212 ea-

156 3260 258 3323 bibeo.
311 3258 488 3322 lbibrritur
502 3259 655 3323 tractatio
670 3261 707 3323 in
720 3267 845 3344 septem
868 3260 1139 3326 Dissertationes.
1184 3257 1309 3322 Prima
1328 3279 1467 3341 genera-

157 3366 203 3430 lis
218 3366 289 3444 erit,
304 3373 335 3427 et
339 3367 417 3446 sere
429 3367 591 3448 prooemii
600 3367 679 3448 loco,·
690 3370 853 3454 Quidem
868 3369 1046 3453 ecplicabit
1057 3369 1289 3454 conjugiorum
1298 3378 1466 3449 naturam,

154 3476 387 3560 proprietates,
403 3477 581 3560 qualitates
605 3498 724 3556 ontnes,
749 3479 862 3563 ipsam
888 3480 989 3542 etiam
1010 3478 1220 3562 dignitatem,
1236 3479 1324 3543 unde
1339 3490 1400 3544 aut
1413 3482 1468 3545 ba·

157 3587 220 3666 die,
236 3593 298 3649 aut
312 3585 498 3670 aliquanda,
518 3594 578 3649 aut
593 3587 686 3671 apud
699 3607 767 3666 nos,
783 3595 845 3652 oret
869 3589 963 3672 apud
988 3588 1076 3651 alias
1101 3590 1466 3653 nonomninoincultas

158 3701 278 3774 gentes
281 3693 368 3776 jura
382 3693 615 3777 conjugiorum
630 3697 807 3759 constituta
831 3705 1034 3782 salutatque
1048 3698 1200 3782 firmata.
1245 3697 1287 3761 In
1308 3701 1466 3782 posterio-

162 3801 253 3864 ribus
269 3800 315 3863 ad
338 3801 451 3886 ipsum
476 3804 708 3888 conjugiorum
733 3806 985 3886 celebrationem,
1013 3809 1124 3894 qualis
1144 3809 1359 3894 potissimum
1373 3809 1467 3892 apud

163 3927 219 3971 nos
233 3911 373 3991 infacto
388 3913 545 3990 mmistit,
573 3914 822 3997 expendendam
849 3918 1016 3998 accedam;
1040 3921 1249 4004 quamobrem
1263 3922 1301 3983 in
1314 3919 1465 4000 secunda,

162 4027 194 4082 et
208 4023 305 4086 tertia
321 4043 428 4105 αὲαηι
441 4024 481 4086 de
495 4025 547 4105 iis,
563 4047 646 4110 oreae
654 4029 908 4093 matrimonium
918 4033 1043 4095 aretem
1051 4033 1163 4111 solent,
1179 4055 1245 4096 non
1259 4033 1391 4118 quidem
1405 4041 1466 4096 out

160 4131 302 4196 dedatis
317 4135 553 4211 constitutione,
580 4145 640 4200 aaut
663 4137 704 4200 de
726 4138 903 4204 donatione
920 4151 1058 4226 propter
1081 4145 1236 4227 nuptias,·
1261 4164 1465 4228 quamquam

161 4239 250 4302 enim
264 4237 305 4302 de
318 4239 372 4302 leis
384 4242 507 4303 mentio
512 4241 580 4324 fiat
594 4244 631 4306 in
656 4265 726 4328 cap.
754 4245 783 4306 6.
810 4248 847 4309 in
873 4249 980 4312 ciuilis
994 4249 1090 4332 juris
1114 4250 1354 4335 Interpretibns
1367 4251 1465 4314 relin-

160 4352 290 4435 quenda
300 4354 438 4435 putaui;
452 4355 511 4416 sed
522 4355 562 4418 de
575 4358 786 4438 sponsalibus
795 4361 959 4444 primum,
974 4361 1090 4425 minda
1098 4361 1138 4425 de
1152 4363 1463 4428 denuntiationibus.

162 4455 205 4524 In
225 4471 348 4545 praeta
372 4462 552 4547 maguam
571 4487 733 4552 personas
756 4469 801 4532 ad
826 4471 1083 4538 contrabendum
1108 4475 1301 4560 carpugium
1315 4475 1463 4553 idoneam·
