3210 4990
540 419 588 468 us
612 419 770 470 securas
792 417 1010 468 snunrasro.
1350 399 1414 468 107

109 539 289 623 relviduu,
309 539 344 606 id
369 552 426 623 est,
453 541 488 606 in
510 543 646 608 muliere
671 545 714 608 ab
737 543 826 608 omui
842 559 932 607 nexu
947 543 1054 606 soluta
1077 541 1244 622 committi,
1259 539 1333 606 talis
1347 541 1415 608 dici

109 651 219 730 nequit
233 647 368 713 violatio
389 667 534 732 sponsae,
561 651 694 734 quando
717 669 838 736 sponsa
854 653 924 738 jam
949 649 1093 734 quodam
1117 649 1250 714 vinculo
1265 663 1412 734 respectu

109 759 218 841 sponsi
231 769 370 840 tenetur,
386 762 638 847 utpotecuijam
648 761 1045 842 lidemsuamobstrinxiu
1056 759 1083 823 si
1095 759 1193 842 dicas,
1219 759 1415 824 adulterium

107 866 141 929 in
150 877 258 950 nupta
278 868 444 950 committi,
457 885 564 952 neque
573 871 646 933 talis
657 869 721 934 dici
736 869 860 954 propria
870 871 985 954 poterit
995 870 1126 934 violatio
1140 887 1286 954 sponsae,
1310 887 1415 952 quan·

107 973 248 1039 dohaec
271 975 413 1042 necdum
428 989 530 1062 nupta
545 978 609 1042 dici
623 989 734 1062 potest,
750 981 819 1042 sive
843 980 984 1044 necdum
998 980 1099 1044 fidem
1113 978 1315 1063 sponsalium
1337 977 1418 1041 olim

109 1082 221 1147 datam
235 1085 390 1169 implevit.
436 1085 656 1154 Nihilominus
679 1099 791 1152 tamen
817 1107 921 1172 quum
947 1090 999 1154 vel
1026 1091 1069 1154 ad
1089 1109 1201 1168 uuum,
1214 1090 1267 1154 vel
1282 1089 1324 1154 ad
1340 1087 1418 1152 alte·

109 1209 181 1254 rum
207 1191 372 1275 flagitium
396 1195 562 1260 referenda
587 1207 647 1276 est,
671 1207 750 1279 puto
778 1197 987 1262 violationem
1012 1197 1103 1262 illam
1128 1197 1279 1264 adulterii
1313 1197 1420 1281 potius

109 1319 209 1383 quam
224 1306 328 1388 stupri
338 1307 403 1388 J'url
417 1309 550 1388 censeri,
564 1317 731 1392 propterea
757 1308 844 1390 quod
869 1309 916 1372 ita
938 1307 1075 1374 suadeat
1089 1309 1246 1394 imprimis
1261 1309 1420 1374 naturalis

110 1414 266 1495 aequitas,
282 1415 400 1479 deinde
414 1415 460 1479 ita
484 1417 707 1482 constituerint
730 1429 855 1480 veteres
869 1418 1098 1482 Romanorum
1113 1419 1210 1500 leges,
1233 1416 1373 1498 denique
1387 1425 1420 1480 et

109 1521 142 1585 ld
157 1541 324 1587 sacrorum
336 1541 502 1588 canonum
518 1524 761 1590 delinitionibus
775 1527 882 1609 magis
895 1545 1076 1611 congruere
1090 1525 1251 1590 videatur.

150 1633 196 1700 Ut
204 1635 347 1716 primum
359 1635 467 1700 dicam
475 1636 517 1700 de
528 1637 668 1700 naturali
680 1637 850 1720 aequitate,
859 1657 945 1720 quae
959 1657 1039 1702 sane
1052 1639 1284 1722 turpitudinem
1295 1636 1420 1702 adulte-

110 1737 386 1825 rliaturpitudine
395 1741 496 1827 stupu
504 1743 649 1823 secernit,
659 1753 763 1808 etnon
771 1753 837 1809 um
846 1746 1020 1827 constituit,
1028 1745 1341 1830 adulteriumstupro
1350 1763 1421 1828 gra-

113 1850 184 1913 vius
195 1869 278 1929 esse,
288 1871 389 1933 quam
398 1851 560 1916 diversam
570 1853 603 1916 in
612 1851 770 1918 adulterio
778 1854 820 1917 ab
828 1871 876 1933 ea,
886 1853 1018 1936 quae-in
1027 1865 1137 1938 stupro
1145 1863 1201 1933 est,
1213 1852 1353 1936 speciem
1362 1851 1422 1914 ori-

110 1960 210 2026 miuis
221 1958 855 2046 fingit,observo,stuprttn1uaturuelege
865 1963 1021 2044 damnari,
1033 1961 1121 2046 quod
1133 1964 1279 2027 sicontra
1291 1971 1421 2024 natura·

110 2069 175 2134 lem
182 2068 538 2152 honestatem,minimc
550 2071 726 2154 patientem
736 2072 939 2135 commisceri
952 2072 1119 2136 mulierem
1128 2088 1205 2135 cum
1214 2089 1260 2150 eo,
1269 2087 1346 2132 cum
1355 2085 1421 2151 quo

112 2181 203 2246 nulla
218 2181 302 2246 fides
316 2181 642 2270 conjugiiiutercediu
655 2183 838 2266 aoproinde
863 2201 939 2247 cum
964 2203 1029 2266 quo
1054 2193 1182 2247 tautum
1193 2181 1293 2246 libido
1316 2180 1420 2253 veluti

110 2287 309 2354 dominatrix
338 2290 491 2356 affectum
517 2301 692 2370 exercetur,
716 2305 783 2355 non
808 2293 984 2375 praecipua
1010 2301 1059 2356 est
1084 2291 1317 2377 suscipiendae,
1341 2289 1420 2354 edu-

111 2399 280 2466 candaeve
294 2401 391 2485 prolis
409 2399 450 2465 ed
464 2399 609 2464 familiae
625 2401 834 2483 propaginem
856 2399 1017 2483 cogitarim
1040 2411 1091 2463 ast
1115 2402 1148 2464 iu
1164 2399 1322 2466 adulterio
1336 2397 1420 2462 illud

111 2523 183 2569 esse
212 2506 356 2590 amplisu
384 2507 602 2590 turpitudinis,
630 2525 697 2590 quo
722 2507 801 2572 dete
827 2508 909 2572 fides
934 2509 1082 2592 violetur;
1107 2509 1195 2574 unde
1221 2509 1266 2590 lit,
1292 2517 1330 2572 ut
1353 2517 1421 2571 stu·

110 2624 404 2700 prumstttantum
429 2627 541 2682 contra
562 2617 780 2682 continentiae
802 2619 936 2700 bunum3
963 2616 1160 2681 adulterium
1185 2623 1217 2679 et
1241 2613 1420 2678 contraho

110 2737 193 2786 num
207 2719 411 2802 condendae,
432 2731 468 2785 et
488 2732 601 2785 contre
618 2719 762 2807 justitiae
785 2723 881 2806 leges.
925 2723 1024 2794 Ques
1048 2741 1126 2786 eum
1151 2723 1196 2786 ita
1221 2721 1293 2800 sint,
1319 2717 1419 2782 viola·

111 2825 223 2890 tiouen
255 2825 382 2890 alienae
413 2827 552 2912 sponsae
585 2829 742 2912 simplicis
772 2833 874 2915 stupri
903 2831 1117 2915 praetergredi
1143 2829 1294 2916 speciem,
1323 2837 1356 2892 et
1384 2825 1420 2894 ln

112 2933 264 2998 adulterii
278 2937 386 3018 potius
411 2935 663 3020 spontaneum
687 2933 888 3004 credendum
910 2954 967 3021 est,
993 2942 1149 3026 quoniam
1173 2939 1230 3004 illa
1254 2939 1420 3023 duplicem

111 3042 212 3108 babet
240 3043 482 3129 turpitudinem
521 3045 662 3130 primum
691 3048 781 3129 quod
809 3046 850 3113 sit
884 3060 996 3114 contra
1031 3049 1154 3114 bonnm
1189 3045 1418 3126 continentiae,

110 3154 231 3220 deinde
244 3154 334 3238 quod
348 3156 389 3218 sit
403 3167 515 3220 contra
530 3153 717 3242 praestitam
738 3160 943 3244 sponsalium
967 3159 1076 3229 fidem.
1120 3161 1217 3226 Forte
1239 3158 1335 3239 dices,
1351 3158 1419 3220 rio-

110 3265 268 3332 latiouem
296 3279 416 3350 nuptae
448 3269 597 3351 graviora
632 3267 748 3333 inferre
777 3271 812 3334 in
841 3269 1073 3354 rempublicam
1102 3267 1318 3347 incommode,
1348 3255 1418 3332 sire

109 3375 198 3458 quod
228 3377 364 3441 atrocior
388 3376 430 3440 sit
458 3378 492 3442 iu
515 3377 679 3459 maritum,
709 3397 811 3462 quoru
840 3379 874 3443 ln
900 3395 1056 3462 sponsum
1082 3379 1208 3464 injuria:
1233 3378 1303 3442 sire
1328 3375 1418 3460 quod

109 3481 440 3566 perillud'llagitium
454 3483 625 3568 magulnis
645 3487 720 3570 jura
744 3487 921 3566 turbentur,
944 3485 1026 3550 liant
1047 3497 1158 3569 partus
1173 3475 1417 3570 suppositiones,

109 3589 315 3655 adulterinae
329 3591 441 3675 stirpes
455 3594 638 3657 inserantur
652 3593 779 3656 alienae
798 3588 949 3674 familiae,
971 3593 1120 3675 verisque
1134 3589 1327 3656 haeredibus
1341 3590 1417 3653 bae-

108 3699 486 3780 reditutcsinvsrtautur,
512 3700 627 3765 merito
650 3717 747 3784 saepe
771 3701 874 3766 bostis
899 3699 1109 3766 infensissimi
1135 3682 1277 3762 sobolem
1293 3690 1418 3760 nefaria

107 3805 339 3889 conjunctione
362 3815 561 3887 procreatam
584 3815 745 3890 tauquam
770 3825 866 3872 suam
892 3818 1098 3891 agnoscente,
1128 3805 1242 3886 alento,
1272 3803 1316 3867 ad
1343 3818 1416 3865 euc-

105 3933 293 3984 canonem
307 3927 452 3998 tonate,
475 3917 529 3984 vol
554 3919 597 3983 ab
620 3919 772 3984 intestato
796 3919 970 3984 haeredem
994 3918 1143 3998 habente,
1169 3915 1281 3999 qualia
1294 3916 1417 3979 incom-

106 4027 208 4092 moda
239 4025 417 4092 mutuenda
448 4045 515 4094 nou
544 4037 631 4109 sunt,
662 4029 790 4112 quoties
821 4045 942 4112 speum
975 4027 1119 4092 noudum
1154 4043 1237 4092 uxor
1264 4025 1413 4088 violatur.

106 4136 230 4202 Verum
244 4133 334 4217 quid,
349 4134 377 4200 si
391 4152 452 4217 ago
465 4134 500 4200 in
523 4137 721 4202 contrarium
742 4155 906 4222 opponam
929 4136 995 4201 alia
1009 4155 1113 4220 aeque
1128 4135 1241 4219 gravia
1256 4132 1413 4196 advorsus

103 4246 221 4312 datam
234 4245 438 4330 sponsalium
449 4243 553 4312 traam
576 4247 797 4313 irroouuuodal
840 4247 1098 4330 trutanniam
1119 4247 1236 4325 dicam,
1250 4243 1413 4327 pleraque,

100 4373 189 4440 quae
211 4355 249 4422 in
273 4363 378 4438 nupta
401 4354 523 4420 noun
546 4357 749 4441 contingunt,
777 4367 837 4423 aut
862 4358 1057 4441 contingere,
1081 4366 1140 4422 aut
1166 4353 1312 4418 timenda
1334 4369 1409 4419 osse

104 4483 140 4536 tu
161 4465 301 4557 moun?
342 4465 507 4552 ¹Imprimis
529 4467 761 4552 gemituum
785 4479 843 4551 eut,
872 4467 960 4556 quod
983 4470 1018 4534 in
1042 4485 1162 4552 sponsa
1187 4463 1309 4530 violate
1337 4455 1412 4530 c'ou·
