3210 4990
205 387 269 456 170
558 409 803 458 nrssnnusuro
825 411 982 478 uorans,
1004 415 1082 460 oin.
1103 395 1164 464 ΙΙΙ.

203 541 265 610 tur,
281 531 331 595 rei
348 529 439 596 iliata
452 531 585 615 quidem
600 535 650 598 vis
665 535 707 598 ab
721 534 812 598 initio
827 534 876 614 sit,
891 535 948 600 sed
971 535 1088 605 deinde
1114 539 1288 605 subsecuta
1309 549 1420 622 raptas
1433 557 1512 608 con-

202 641 312 704 sensio
326 639 429 706 suerit.
471 641 569 706 Ratio
583 639 753 706 dubitandi
766 662 810 706 ex
824 663 863 708 eo
877 643 1095 734 proficiscitur,
1111 646 1190 734 quia
1214 656 1315 728 rapta,
1332 643 1513 728 utcumque

202 763 270 810 nou
284 745 475 834 dissensisse
489 747 654 829 principio,
669 761 728 812 eut
742 761 854 832 postea
877 753 1081 817 consensisse
1106 753 1241 831 dicauit,
1269 752 1419 818 credattu
1442 772 1514 820 non

199 866 324 937 sponte,
340 853 395 918 sed
412 854 547 918 inducta
560 853 737 937 fraudibus,
754 858 983 942 blanditiiowe
1008 860 1150 942 raptoris,
1177 865 1263 942 quae
1287 878 1367 922 sans
1392 860 1420 924 si
1434 877 1515 922 eon·

200 981 415 1028 sensumnou
439 965 572 1030 omnino
593 965 754 1047 adimunt,
781 969 983 1036 imminuunt
1008 983 1118 1036 tamen
1147 991 1248 1052 quam
1277 969 1436 1036 manitus.¹
1473 970 1514 1036 si

201 1075 330 1132 tantum
344 1069 389 1134 sd
403 1069 614 1136 rl'ridentinas
638 1075 886 1154 constitutiones
908 1080 1134 1162 respiciamus,
1142 1078 1407 1146 concludendum
1422 1079 1514 1144 iliioo

200 1183 258 1253 ast,
274 1174 381 1240 velere
395 1177 593 1260 eonjugium,
608 1181 637 1244 si
651 1193 742 1266 rapta
757 1185 865 1266 puelia
874 1177 915 1250 'in
938 1187 1048 1254 locum
1062 1187 1171 1270 tutum
1183 1188 1361 1270 recipiatur,
1376 1185 1514 1254 ibidem-

200 1299 265 1366 que
293 1302 329 1346 se
354 1283 452 1350 libere
481 1290 661 1356 consentire
690 1291 885 1375 profiteatur,
915 1296 1260 1379 interea'gravissitna
1289 1297 1513 1362 anathematis

200 1408 305 1476 poena
319 1392 354 1458 iu
368 1405 528 1478 raptorem
540 1397 672 1481 inflicta,
688 1403 789 1466 immo
803 1413 835 1466 et
849 1402 884 1466 in
899 1423 962 1484 eoa,
979 1407 1035 1488 qui
1048 1407 1164 1489 raptori
1179 1406 1341 1472 auxilium
1356 1406 1514 1490 praebue-

200 1513 284 1567 runt
316 1503 424 1568 ‚Unde
450 1504 563 1588 liquet,
586 1508 822 1576 ecclesiasticos
844 1511 956 1578 Petras
971 1515 1114 1596 generali
1123 1516 1206 1599 juris
1222 1515 1375 1598 principio
1389 1513 1511 1581 aditae·

116 1621 126 1646 *
159 1655 163 1662 .
200 1609 303 1690 sisset,
312 1612 409 1695 juxte
422 1615 511 1696 quod
535 1625 605 1685 tom
630 1617 765 1684 demum
783 1621 1034 1688 matrimonium
1055 1624 1129 1708 jure
1153 1625 1326 1690 consistete
1339 1623 1509 1702 diceretur,

201 1722 257 1786 ubi
272 1723 313 1788 de
327 1724 426 1792 libera
436 1730 648 1794 consensione
661 1741 831 1797 constaret
1463 1783 1467 1794 -
1596 1785 1597 1794 κ

241 1829 325 1894 Rem
339 1831 446 1912 altius,
470 1843 568 1917 atque
583 1843 604 1902 a
618 1837 687 1904 suis
712 1837 877 1922 principiis
900 1850 1092 1922 repetamus.
1138 1841 1272 1908 Certum
1286 1859 1413 1925 semper
1435 1839 1510 1920 snit,

195 1939 325 2022 quoties
338 1941 449 2014 omnis
463 1943 497 2008 in
512 1955 604 2028 raptu
621 1963 677 2028 per
691 1946 759 2010 viru
784 1957 877 2029 gesta
901 1947 1217 2030 essentnuliasque
1242 1947 1377 2032 adparet
1397 1958 1513 2034 raptae
1534 1951 1538 1962 '

195 2065 385 2130 consensus,
400 2051 532 2120 nullum
544 2054 677 2118 munino
692 2053 793 2120 luisse
807 2056 1005 2139 conjugium
1033 2055 1097 2138 sed¹
1117 2056 1173 2122 ubi
1195 2055 1410 2152 qualisqualis
1423 2068 1513 2120 esset

197 2170 310 2242 raptus
332 2162 509 2242 consensio,
535 2183 603 2230 non
631 2165 712 2248 ipso·
726 2165 798 2248 jure
827 2166 1076 2232 matrimonium
1107 2167 1233 2232 irritum
1261 2167 1328 2232 diei
1356 2167 1511 2249 putruisse,

199 2281 364 2352 propterea
387 2265 477 2358 quod
499 2272 643 2356 conjugii
669 2273 850 2345 substantie
875 2293 941 2338 non
964 2273 1097 2339 deesset.
1141 2274 1237 2340 Hane
1252 2271 1511 2358 legoniensem
1596 2331 1597 2340 ,

198 2381 325 2446 dixerat
340 2383 431 2446 Dens
445 2383 520 2466 Opt
546 2383 636 2470 Mes.
652 2383 762 2448 Exodi
776 2405 847 2468 cap.
864 2385 915 2448 22.
931 2385 984 2450 ibi:
1006 2385 1050 2450 aii
1063 2386 1236 2452 amnonis
1251 2390 1327 2472 quis
1336 2386 1513 2474 virginem
1596 2431 1597 2474 p

198 2493 339 2558 medam
351 2477 595 2578 desperemus,
610 2493 849 2580 dormieretque
863 2515 940 2561 etun
952 2517 1000 2574 eo,
1016 2496 1142 2563 dotabit
1153 2515 1235 2574 sont,
1245 2503 1277 2560 er
1290 2495 1419 2563 tantu
1432 2513 1513 2560 acm
1596 2489 1597 2502 ¹

197 2625 344 2671 naerens
368 2605 409 2670 sn·
418 2595 515 2691 peter
525 2607 674 2693 pir-ginis
682 2607 764 2672 dore
778 2607 929 2685 missit,
941 2607 1055 2672 reddet
1067 2608 1247 2691 pacticiam
1251 2609 1359 2692 juata
1371 2605 1513 2674 modum

199 2715 293 2800 dctis,
310 2739 412 2806 quom
428 2717 586 2813 ,virgines
609 2707 755 2806 accipere
780 2729 1033 2802 consueveram
1057 2741 1123 2805 qno
1136 2723 1235 2788 etiam
1249 2717 1416 2788 rst'eranda
1429 2729 1514 2784 sunt

200 2827 298 2892 verba
307 2822 763 2925 ulaDeuuron'omucap.<22.
789 2831 1512 2917 Siimcmmtmrpudimmrgimquoe

198 2957 265 3001 uon
274 2937 364 3002 debat
377 2950 546 3022 sportarum,
561 2947 593 3002 et
606 2939 859 3023 oppreitmrdens
872 2941 1079 3007 terminarit
1091 2961 1169 3006 mom
1181 2941 1251 3017 itta,
1274 2947 1306 3004 et
1330 2959 1384 3004 res
1399 2937 1512 3021 odju-

196 3045 326 3109 dicium
338 3047 472 3124 nemrit,
487 3035 587 3124 dabit,
603 3048 663 3130 qui
672 3047 829 3112 dormivit
844 3067 920 3112 nim
936 3068 985 3124 eo,
996 3047 1092 3128 putri
1100 3046 1236 3130 puellae
1257 3045 1514 3130 quinquaginta

196 3153 295 3218 soe
309 3155 450 3236 argenti,
461 3161 491 3216 n
505 3154 635 3218 tanen
648 3175 723 3218 eam
732 3156 1169 3239 enumeraremus-‚n
1178 3136 1291 3226 sinn.-
1306 3175 1372 3220 m
1384 3157 1513 3239 poterit

198 3264 364 3328 dimittere
371 3282 447 3326 suoru
453 3263 704 3342 wnetisdieirus
713 3264 899 3328 sitoesuoe.
917 3261 1014 3344 Apud
1021 3261 1189 3329 Romanos
1195 3275 1319 3327 ueteres
1328 3281 1434 3344 neque
1441 3265 1514 3330 irri-

198 3371 259 3435 tari
268 3371 599 3454 debuitconjugiuma
609 3379 703 3452 raptu
709 3381 868 3452 coeptum,
881 3369 1089 3452 quandooum
1095 3387 1160 3452 qus
1172 3369 1213 3434 de
1220 3381 1330 3452 raptae
1345 3389 1511 3440 consensu
1536 3389 1539 3394 ·

198 3479 402 3558 mnstidsset,
414 3497 585 3560 quousque
593 3478 710 3542 saltem
721 3495 832 3544 recens
843 3459 1166 3544 meineriaentitisset
1176 3489 1289 3558 raptus
1309 3479 1511 3547 Sabinarum

199 3587 389 3670 puellarum,
398 3605 440 3649 ex
452 3605 516 3668 quo
525 3586 665 3669 primum
675 3587 826 3650 Romana
836 3585 959 3650 Ciuitas
972 3585 1041 3670 sibi,
1053 3585 1312 3668 perennitatique
1321 3604 1406 3648 suae
1420 3605 1512 3668 pros·

200 3693 402 3780 pexit3nnde
417 3693 547 3760 tradidit
559 3695 788 3765 Quintilianus
803 3693 897 3774 primi
911 3693 1119 3756 ecclesiastici
1135 3691 1256 3759 saeculi
1282 3691 1423 3776 scriptor,
1439 3711 1514 3758 sae-

198 3805 266 3869 culi
281 3803 380 3868 luisse
394 3824 434 3867 os
448 3815 552 3867 aetate
566 3805 788 3870 Romanorum
800 3802 1017 3884 disciplinatu,
1033 3821 1099 3882 qua
1122 3812 1231 3882 raptae
1254 3800 1381 3883 puellae
1405 3819 1513 3867 manu

200 3911 321 3978 lictoris
335 3913 378 3976 erl
392 3914 526 3979 domurn
541 3913 693 3994 rapientis
708 3912 900 3978 ducerentur
925 3909 968 3976 ad
993 3911 1136 3996 conjugii
1162 3911 1233 3974 initi
1258 3910 1511 3977 soieuuritatem.

201 4019 330 4084 Primus
342 4020 574 4086 Constantinus
586 4021 771 4103 Imperator,
782 4020 825 4084 ed
836 4041 935 4102 quem
949 4019 1050 4084 veluti
1066 4015 1289 4084 Christianum
1301 4020 1512 4101 potissimum

198 4131 366 4214 spectabat
381 4131 422 4195 de
436 4132 562 4209 virtute,
578 4142 609 4194 et
624 4131 805 4213 integritate
821 4133 985 4214 virginum
1000 4129 1082 4209 doio,
1104 4139 1137 4191 et
1149 4127 1263 4197 fraude
1289 4147 1354 4194 non
1380 4128 1515 4196 laeden-

198 4240 245 4304 ds
259 4241 510 4306 sollicitudinem
523 4259 638 4321 gerere,
655 4241 875 4306 seuerissimus
892 4225 1012 4322 poenas
1019 4239 1205 4321 'raptoribus
1216 4237 1343 4316 indixit,
1356 4237 1375 4299 l.
1394 4239 1421 4302 l.
1434 4239 1513 4304 cod.

199 4350 366 4415 Theodec.
383 4349 422 4414 dc
445 4359 538 4431 raptu
551 4350 723 4434 virginum3
737 4349 885 4415 nondum
900 4361 1009 4412 tamen
1037 4346 1209 4412 definitum
1233 4339 1422 4428 geneialitsr
1437 4343 1513 4428 tun,

200 4477 244 4528 ue
258 4459 500 4526 matrimonium
514 4462 709 4540 consisteret,
725 4470 783 4524 ant
795 4460 825 4524 si
838 4456 1012 4528 definitum
1024 4455 1124 4524 alicui
1139 4443 1336 4549 uidentutuin
1357 4473 1517 4542 conspeo·
