3250 4976
206 367 253 416 nu
269 367 499 430 curarumve,
516 367 666 420 uocanti
682 371 794 416 canes
808 372 999 418 censoaria
1018 371 1267 418 rasuacurcn.
1323 352 1387 419 ctu

81 511 186 576 quam
201 495 293 576 ajunt
310 466 468 557 tnc'nnere
479 473 680 574 etiam'etr'm,
703 475 850 578 qni'orrin
865 473 1389 561 excommunicato'communicat
1503 487 1508 496 ’

80 618 125 663 ex
138 600 412 681 sgnnmrrticmut
423 617 467 664 err
481 601 554 666 tevi·
567 603 666 692 maipa
680 605 910 686 proficiscente.
955 605 1074 670 Verum
1090 607 1152 668 troc
1166 605 1247 670 mihi
1263 607 1390 689 placere

83 727 149 771 aon
165 719 279 790 potest,
293 721 413 790 ¹utaque
426 712 514 777 enim
531 721 615 790 puto,
642 713 978 776 excommunicatione
998 713 1113 776 minori
1126 717 1238 793 notari,
1255 715 1317 776 nisi
1332 713 1390 796 qui

83 815 312 880 enarmonium.
328 833 404 878 carn
429 817 713 892 excummrmieato
739 819 884 898 scienter,
911 833 947 882 ut
961 811 1114 885 statrritnr
1139 823 1172 884 in
1187 839 1257 883 can.
1284 821 1342 899 tc,
1357 829 1390 883 ct

86 929 136 994 17,
150 945 242 990 carta
270 928 326 990 ll.·
345 939 470 1009 attacus
486 928 527 1008 3,
550 946 609 992 aut
634 931 697 993 nisi
722 931 942 996 communicat
967 933 1151 1013 ignoranter
1171 924 1314 1014 quidem,
1331 931 1389 994 sed
1491 990 1494 996 r

79 1055 205 1114 crassa,
218 1051 255 1116 ct
267 1039 385 1119 supina
400 1033 608 1120 ignoratione,
629 1057 695 1120 qua
709 1041 736 1101 si
752 1039 863 1122 ie'gem·
872 1041 1057 1119 ignoranter
1070 1041 1213 1119 violaret,
1230 1032 1393 1104 nihilomi-

83 1166 151 1212 nus
165 1149 287 1229 gravis·
299 1148 423 1229 pocati
438 1165 511 1212 rorte
526 1148 706 1228 macretas
722 1159 766 1210 ea
779 1164 981 1230 qrramqrtanr
1009 1151 1128 1214 iucau.
1162 1151 1205 1214 iii.
1233 1169 1321 1213 caus.
1339 1151 1389 1214 11.

80 1263 255 1346 qrrseet,‚3.
280 1264 447 1326 omittatus
461 1263 594 1326 verbum
610 1265 758 1341 scienter,
771 1264 860 1345 quod
876 1263 1043 1346 iegitrrr'iu
1060 1265 1324 1345 praecedentibus
1339 1282 1408 1330 eas
1507 1293 1513 1304 ·

83 1372 240 1448 tionibus,
262 1371 442 1434 notandum
457 1383 514 1450 est,
540 1373 574 1434 in
590 1371 762 1434 dietocan.
791 1373 841 1435 ta
862 1386 1042 1434 sermonem
1059 1371 1182 1434 institui
1208 1371 1249 1432 de
1264 1387 1392 1434 excom-

84 1485 307 1552 municatione
324 1480 567 1563 Menaenorum,
592 1478 791 1547 uticannuis
815 1483 982 1565 inscriptio
997 1483 1098 1560 docet,
1126 1483 1239 1564 inquo
1262 1499 1393 1546 ercom-
1473 1547 1477 1556 ,

83 1589 318 1662 medicationis
344 1606 460 1672 genere
485 1589 811 1672 frrrsrra'ignonrnia
834 1591 1044 1656 aMonacms
1067 1591 1200 1672 allegari
1227 1591 1391 1673 potuisset,

83 1717 166 1764 cum
183 1701 216 1762 in
229 1697 417 1762 eorundem
429 1709 523 1762 coetu
537 1699 832 1762 excommunicans
841 1695 965 1761 sodalis
976 1697 1131 1780 publicari
1147 1692 1268 1760 soleret.
1291 1695 1395 1768 auec

84 1811 116 1874 si
131 1809 328 1891 quandoque
343 1809 517 1890 continget,
543 1808 844 1872 communicans
868 1809 1054 1891 ignoranter
1067 1825 1146 1872 cum
1169 1808 1396 1872 excommuni-

83 1931 173 1999 cato,
189 1931 263 1984 utut
276 1919 393 2002 calpae
416 1919 509 1999 aravi
524 1919 681 2001 ignoratio
695 1937 761 1982 non
776 1915 986 1996 adscribatur,
1001 1914 1151 1998 predatur
1166 1919 1322 1980 minorem
1339 1933 1395 1980 ex·

82 2009 418 2094 consummares
434 2029 615 2108 iamrnaee,
628 2027 664 2092 id
676 2035 806 2094 uncum
820 2029 942 2092 hahere
955 2029 1063 2092 lecum
1077 2031 1193 2113 poterit
1212 2029 1246 2092 in
1260 2039 1395 2092 externo

86 2141 169 2220 foro,
183 2141 217 2204 in
232 2159 299 2222 qtro
312 2135 695 2222 quis-praesumerem
722 2132 922 2232 ignoravisse
936 2138 1315 2221 excommunicationem,
1331 2153 1396 2206 sta-

86 2250 150 2315 tim
165 2269 206 2312 ac
221 2247 282 2315 init
306 2247 500 2340 sufficienter
514 2249 726 2331 promulgata.
759 2233 880 2314 ¹Aliam
894 2251 1118 2331 exceptionem
1144 2249 1295 2312 nonnulli
1318 2248 1396 2332 adji-

82 2359 184 2426 ciunt
198 2369 343 2441 respectu
368 2356 585 2440 quarumdam
610 2357 986 2420 excommunicationum
1012 2355 1183 2433 minorum,
1206 2373 1289 2436 qrrae
1304 2364 1396 2420 eraut

85 2471 125 2535 in
143 2487 213 2534 uetr·
232 2465 320 2550 apud
336 2478 466 2546 veteres,
492 2477 525 2532 et
538 2463 677 2548 quarum
693 2463 879 2547 exemplum
907 2463 1053 2530 iudicant
1067 2463 1100 2528 iu
1122 2483 1194 2526 can.
1208 2463 1271 2537 62,
1297 2474 1328 2526 et
1343 2461 1408 2526 63·

82 2578 134 2642 de
147 2597 290 2642 consecr.
313 2575 390 2640 dist.
408 2579 435 2639 l.
461 2591 538 2639 cum
553 2573 720 2638 similibus
762 2573 831 2637 sert
847 2591 952 2656 neque
967 2574 1000 2636 id
1015 2553 1140 2656 placere
1156 2581 1267 2654 potest,
1294 2570 1398 2634 consi-

82 2683 229 2762 deranti,
242 2687 278 2746 in
295 2682 359 2746 iliis
383 2683 562 2745 canonibus
579 2682 671 2762 plecti
687 2701 744 2744 eas
759 2679 1002 2758 inobedientiae,
1020 2699 1107 2762 quae
1122 2681 1252 2744 attentis
1264 2681 1399 2762 quibus-

81 2793 175 2874 darn,
188 2791 405 2875 singularibus
420 2791 589 2874 adjunctis,
606 2809 721 2872 graues
737 2801 815 2853 tunc
831 2790 982 2871 temporis
997 2807 1067 2851 esse
1078 2800 1231 2872 poterant.

136 2903 265 2966 Debent
290 2914 453 2984 praeterea
481 2911 649 2982 peccatum
674 2917 746 2962 esse
768 2897 931 2978 scueibssm
959 2917 1035 2960 aare
1060 2909 1193 2980 peccata
1210 2897 1344 2976 interna,
1366 2905 1399 2962 ol

83 3021 224 3073 tantum
239 3009 272 3071 in
288 3021 395 3072 meme
403 3019 564 3090 correepta
577 3025 644 3070 aon
660 3007 828 3090 subjaceat
843 3007 997 3084 censuris,
1016 3007 1097 3088 qaria
1107 3021 1249 3068 censura
1264 3015 1312 3066 est
1328 3019 1399 3066 noe·

81 3139 139 3186 na
153 3119 357 3202 potissimam
381 3117 505 3180 externi
521 3115 589 3194 fori,
604 3135 682 3180 cnm
708 3117 811 3198 privet
827 3115 996 3196 praecipue
1011 3113 1104 3176 bonis
1128 3111 1296 3176 Ecclesiae
1312 3121 1398 3173 exte

82 3225 240 3302 rioribus,
263 3239 299 3286 et
311 3225 549 3305 communibus,
576 3237 607 3288 et
624 3223 770 3288 Ecclesia
781 3225 819 3287 in
830 3223 967 3286 extento
982 3222 1049 3285 fore
1075 3222 1208 3284 minime
1219 3219 1344 3305 judicet
1359 3219 1401 3284 dc

81 3341 239 3413 internis,
254 3355 326 3399 ean.
343 3337 392 3399 tl„
408 3335 481 3400 dist.
501 3337 558 3400 32.
574 3355 645 3400 can.
660 3337 712 3402 20.
725 3355 817 3400 esus.
833 3337 863 3399 2.
878 3346 1003 3417 quaest
1018 3336 1048 3397 a
1059 3351 1134 3416 cap.
1153 3333 1183 3396 2.
1199 3331 1239 3394 de
1254 3333 1338 3396 offic.
1349 3333 1401 3417 jn·

84 3445 288 3524 dic.·ordiu.,
316 3463 386 3528 cap.
402 3445 462 3524 33„
478 3457 510 3508 et
529 3445 583 3508 34,
600 3445 640 3508 de
665 3447 812 3510 simonia.
855 3443 1009 3510 Notarrda
1021 3461 1104 3506 'sane
1128 3453 1207 3506 aunt
1230 3443 1262 3505 in
1288 3442 1352 3504 hac
1368 3459 1401 3503 re

84 3556 297 3632 discrimina,
323 3573 409 3636 quae
424 3555 624 3618 intercedunt
646 3563 729 3616 mter
742 3573 895 3616 censuras
911 3556 982 3636 ipsc
991 3555 1065 3636 jure
1079 3551 1228 3628 inflictas,
1252 3561 1350 3631 atque
1367 3557 1403 3612 ut

83 3671 225 3737 vocant,
242 3659 326 3724 latae
350 3663 527 3724 sententiae
542 3661 642 3725 veluti
657 3663 791 3723 caeteris
806 3668 984 3740 atrociores,
1009 3657 1119 3726 inferri
1134 3661 1257 3740 debere,
1274 3679 1330 3743 pro
1344 3661 1403 3724 cri-

81 3770 243 3836 minibus
259 3769 354 3852 longe
369 3771 577 3853 gravioribus,
599 3773 700 3845 qnam
716 3770 743 3832 si
759 3783 871 3850 agetur
887 3771 928 3834 de
943 3773 1088 3834 censuris
1111 3767 1261 3834 ferendae
1276 3783 1404 3833 senten·

81 3877 172 3954 tiae,
188 3877 250 3940 nisi
265 3875 345 3940 forte
360 3878 479 3940 durum
505 3878 629 3958 aliquid
644 3877 855 3941 statrrendum
870 3879 911 3942 sit
925 3879 965 3942 de
981 3891 1065 3942 certo
1079 3879 1221 3959 crimine,
1242 3880 1329 3960 quod
1344 3877 1404 3942 sre-

76 3987 269 4071 qaenam,
284 3999 316 4048 et
330 4003 396 4067 quo
412 3985 542 4047 interest
565 4005 664 4068 qnam
679 3985 833 4050 citissime
849 3987 1032 4050 Ecclesiam
1045 4007 1194 4070 purgare,
1214 3997 1271 4046 ant
1286 3985 1348 4046 nisi
1364 3984 1405 4047 si·

78 4091 190 4158 milia
215 4091 370 4173 adjuncta
392 4092 557 4174 postulent
584 4096 735 4178 majorem
761 4095 941 4176 quamdam
967 4095 1158 4178 disemiinae
1188 4095 1402 4160 severitatem.

81 4193 227 4262 Deinde
240 4198 386 4276 emerso,
398 4217 553 4264 censurae
564 4200 717 4265 serendae
732 4205 919 4282 sententiae,
942 4217 977 4267 ιιι
993 4205 1169 4286 plurimum
1187 4213 1316 4286 paratas
1331 4221 1403 4266 essa

81 4303 141 4370 ad
156 4299 346 4388 corrigeida
372 4321 504 4389 peccata
521 4309 728 4388 habitudinis,
756 4310 922 4394 neglectus
937 4313 1083 4378 diuturni
1097 4313 1289 4395 disciplinae
1303 4311 1404 4374 eccle·

83 4415 263 4497 cinctione,
284 4429 317 4482 et
330 4419 554 4484 contumaciae
569 4419 612 4484 ud
625 4421 890 4506 comparendum,
912 4423 996 4488 adeo
1010 4435 1045 4488 ut
1059 4435 1194 4508 peccata
1207 4425 1285 4506 ipea'
1294 4419 1406 4505 gravia
