3146 4980
339 402 657 484 abrinconensem
673 421 767 466 rrnrr
779 418 871 465 ‚arun
888 415 1071 480 assantur.
1293 392 1354 458 321

112 543 213 628 Viguit
227 561 327 628 urqrre
351 543 395 614 ad
409 515 553 628 tenipora
572 541 783 611 Constantini
799 538 923 624 Magni,
950 535 1122 620 disciplina
1131 533 1220 618 juris,
1244 551 1311 616 qua
1327 532 1355 596 si

76 656 136 738 qrru
148 655 310 740 lmidmos,
328 659 499 744 justosque
514 656 645 738 nuptias
660 653 862 721 contraheret
876 671 953 717 curn
968 669 1014 730 ea,
1041 667 1141 732 quarn
1151 648 1221 730 jani
1236 665 1356 712 concu-

76 763 168 832 binam
180 765 325 846 babebat,
351 751 510 850 legitimos
530 763 663 848 quidem
687 763 864 846 susciperet
888 762 1012 838 liberos,
1040 769 1112 842 post
1136 755 1268 838 nuptias
1279 756 1354 836 juro

75 879 231 948 contractas
243 873 379 955 genitos,
391 891 459 938 non
475 883 585 948 muron
599 883 768 954 tamquam
783 870 943 952 legitimos
957 876 1147 950 agnosceret
1162 864 1276 930 liberos
1291 864 1354 945 pri-

74 976 135 1045 dem
148 979 179 1044 in
192 981 410 1046 concubinatu
424 991 613 1064 procreatos,
639 980 703 1046 uisi
718 981 852 1046 istorum
864 979 1107 1060 abrogationem
1132 974 1257 1054 secaret,
1274 993 1353 1055 qua·

74 1087 174 1156 nuuc
186 1109 248 1166 non
264 1111 367 1158 carna
379 1091 549 1169 natalium,
574 1090 630 1154 sed
644 1111 745 1156 causa
760 1091 941 1174 adoptionis
956 1090 1115 1172 legitimos
1139 1088 1260 1162 babere
1274 1085 1353 1150 iuci-

72 1207 149 1278 ptrat,
163 1197 243 1264 Noc.-
261 1199 332 1263 117.
357 1217 428 1280 oap.
444 1197 485 1289 23,
494 1198 610 1280 juncta
634 1196 654 1260 l.
672 1197 720 1264 IL
735 1196 768 1270 ff,
795 1196 836 1258 ds
851 1197 912 1276 his,
936 1197 993 1278 qui
1008 1205 1086 1266 suut
1100 1195 1160 1274 sui,
1188 1193 1240 1258 vel
1255 1191 1353 1256 alieni

68 1301 139 1383 juris.
178 1302 283 1369 Immo
296 1322 357 1368 nec
383 1302 478 1384 facile
493 1322 619 1386 semper
643 1304 725 1368 haec
739 1305 905 1386 abrogatio
930 1304 1039 1368 locum
1053 1303 1203 1382 habebat,
1230 1310 1352 1384 propte·

71 1407 206 1490 nequod
218 1409 384 1477 naturales
409 1408 508 1477 iidem
522 1410 621 1491 liberi,
648 1429 787 1494 quorum
812 1431 991 1478 consensus
1016 1412 1242 1494 requirebatur,
1263 1409 1360 1490 dicta,

71 1507 86 1574 l
108 1512 158 1594 11,
182 1525 215 1581 ct
238 1515 323 1583 Nor.
348 1517 399 1584 89.
413 1536 485 1602 cap.
503 1519 564 1600 11,
588 1522 821 1603 repugnabant,
847 1522 937 1588 veriti
949 1522 1023 1604 jum
1046 1520 1170 1604 patriae
1192 1519 1358 1602 potestati,

69 1635 136 1703 quae
149 1623 239 1688 cens
254 1623 291 1688 iu
313 1625 444 1690 casibus
453 1628 517 1690 'out
541 1647 658 1712 parum
673 1629 774 1708 utilia,
797 1631 966 1694 autetiam
982 1630 1083 1692 noxia
1106 1629 1228 1694 eisdenr
1244 1628 1351 1692 liberis

69 1747 125 1791 este
135 1741 288 1814 poterant.
330 1733 446 1816 Itaque
461 1734 487 1798 si
504 1734 743 1816 filiusfamilias,
769 1739 945 1822 ignorante,
961 1747 1018 1800 aut
1042 1733 1279 1801 contradicente
1294 1752 1350 1814 pa-

70 1845 112 1918 tre,
131 1840 270 1922 puellam
294 1841 354 1906 sibi
373 1844 545 1927 junxisset,
572 1864 639 1910 non
664 1849 868 1914 matrimonio
894 1846 1115 1933 (nequeenim
1130 1843 1267 1928 poterat)
1292 1841 1351 1906 sed

67 1945 130 2010 inito
151 1950 376 2032 concubinatu,
403 1951 487 2018 filios
502 1964 631 2020 tantum
656 1976 699 2022 ex
714 1976 754 2020 ea
767 1957 928 2039 suscipere
953 1955 1112 2038 legitimos
1138 1964 1269 2038 poteret,
1297 1951 1349 2013 vel

66 2053 197 2122 defuncto
211 2061 311 2144 patre,
337 2079 377 2127 ec
391 2070 461 2126 tum
475 2061 655 2126 instaurato
669 2065 828 2147 conjugio,
853 2065 907 2128 rel
923 2064 1051 2129 vivente
1065 2074 1165 2146 patre,
1181 2073 1213 2126 et
1226 2043 1358 2150 nuptiis*
1413 2139 1417 2152 ι

65 2167 273 2250 concutiente,
298 2167 577 2252 quemadmodum
603 2171 815 2256 intelligenda
839 2183 887 2238 ast
913 2173 965 2236 lex
991 2175 1020 2238 5.
1047 2171 1117 2236 cod.
1147 2171 1188 2239 de
1216 2175 1347 2256 nuptiis,

62 2271 190 2352 junctal.
205 2278 317 2360 68,ss
333 2279 456 2364 dejure
480 2281 613 2348 dotium.
658 2281 785 2349 Eadem
799 2282 841 2346 dc
855 2301 958 2347 causa
981 2281 1040 2346 filii
1055 2281 1123 2346 nati
1147 2259 1292 2346 Praesidi
1305 2300 1348 2344 ex

65 2384 154 2460 mena
173 2387 378 2471 provinciali,
400 2392 732 2474 quamooncubinarn
755 2391 889 2474 quidem
904 2401 979 2456 ante
1002 2391 1185 2474 depositum
1204 2387 1348 2476 officium

65 2489 163 2560 habere
172 2507 304 2582 poterat
318 2498 381 2580 ille,
396 2518 463 2567 non
477 2519 621 2580 uxorem,
637 2521 819 2584 numquam
836 2503 970 2586 legitimi
984 2503 1114 2568 carituri
1129 2511 1227 2582 erant,
1247 2501 1348 2584 legiti-

64 2603 255 2692 morumjurc
281 2606 505 2673 tantummodo
521 2607 679 2672 habendis
696 2610 743 2690 iis,
770 2609 827 2690 qui
847 2619 920 2692 post
945 2609 1128 2692 depositum
1148 2607 1300 2686 officium,
1316 2616 1349 2668 et

62 2723 114 2786 quo
128 2720 268 2796 tempore
293 2732 388 2778 verae
402 2717 536 2800 nuptiae
561 2717 803 2798 intercederent,
829 2721 1045 2802 gignerentur,
1062 2719 1081 2786 1.
1098 2719 1149 2782 65.
1174 2721 1196 2786 l.
1214 2719 1241 2780 1.
1257 2717 1288 2780 ff.
1305 2717 1346 2780 de

61 2813 112 2882 ritu
122 2830 220 2907 nupt,
238 2819 260 2884 i
275 2820 305 2884 6.
327 2815 397 2885 cod.
414 2821 455 2886 de
470 2823 601 2908 nuptiis.
644 2828 751 2910 Atque
766 2827 847 2895 haee
862 2846 964 2892 eausa
979 2835 1054 2904 crat,
1078 2843 1177 2908 quare
1194 2823 1215 2888 J
1218 2819 1356 2888 meoou·'

60 2927 123 2992 sulti
135 2942 261 3001 vetem
273 2941 350 2999 ante
366 2934 571 3017 constantim
585 2946 731 3020 ¹tempora
745 2939 934 3004 idemtidem
949 2938 1160 3022 disputabant
1177 2937 1211 3002 in
1225 2937 1288 3000 hac
1303 2955 1345 3016 re,

59 3053 93 3098 tn
105 3042 321 3126 conceptionis
336 3047 451 3132 potius,
475 3065 518 3112 an
534 3047 713 3110 nativitatis
739 3047 911 3112 liberorum
935 3048 1073 3132 spectari
1088 3058 1231 3130 tempora
1255 3065 1356 3132 opor-¹

59 3153 129 3228 teret,
142 3149 389 3242 outnirequons
402 3137 608 3238 contingeret,
624 3166 661 3220 ut
675 3159 858 3222 concubina
872 3157 961 3222 utero
977 3157 1084 3242 gravis
1099 3156 1343 3222 materfamilias

55 3257 135 3339 itatis
147 3264 275 3350 nuptiis
298 3265 396 3342 fieret
440 3267 581 3334 Putabat
596 3268 729 3350 Paulus,
756 3269 941 3336 attendenda
956 3280 1101 3352 tempora
1117 3269 1354 3356 conceptionis,

57 3361 173 3436 tltff.
199 3373 242 3438 de
257 3382 346 3450 statu
371 3374 555 3456 hominum,
582 3376 777 3459 Ulpianusd
802 3378 968 3458 contrario,
997 3376 1153 3456 sufficere,
1179 3375 1206 3438 si
1232 3385 1343 3458 pertus

57 3483 182 3564 tempore
198 3482 405 3564 ,matrimonii
430 3481 585 3564 oderetur,
612 3484 709 3567 idque
723 3486 874 3568 exemplo
900 3485 1063 3565 libertatis,
1091 3485 1181 3550 titii.
1200 3485 1221 3550 l.
1246 3485 1293 3548 ll.
1309 3483 1342 3548 in
1413 3531 1420 3545 .

57 3583 242 3672 lemnus.
286 3591 392 3656 muro
406 3609 488 3678 cum,
509 3592 604 3656 Pauli
619 3592 766 3672 doctrina
790 3593 909 3658 multos
934 3591 1138 3678 pervasisset,
1161 3589 1345 3654 nouasolli-

56 3696 149 3762 citudo
161 3699 319 3792 tangebat
331 3701 352 3766 J
355 3701 576 3767 ucecensultos
591 3703 631 3768 do
646 3705 782 3788 septimo
796 3723 916 3786 menso,
932 3703 1144 3786 disputantes,
1162 3713 1271 3766 utrum
1286 3699 1345 3782 qui

16 3853 21 3872 ,
54 3805 173 3894 Septimo
198 3825 314 3872 mense
338 3819 436 3874 natus
461 3806 576 3874 sitisset
600 3820 672 3892 post
697 3811 874 3874 celebrates
899 3829 975 3882 oum
999 3809 1182 3874 concubina
1202 3807 1342 3892 nuptias,

54 3928 214 4002 cuceptns
228 3937 296 3986 non
321 3919 357 3984 in
371 3922 599 4002 concubinatu,
622 3922 729 3986 sedin
745 3924 949 3998 matrimonio
964 3923 1168 4004 videremur
1187 3923 1235 3986 12.
1251 3919 1283 3984 ti.
1300 3918 1341 3980 de

53 4035 124 4094 tatu
137 4031 323 4112 hominurn,
329 4031 443 4116 juncta
458 4032 478 4096 l.
495 4031 524 4096 3.
542 4035 564 4101 l.
581 4033 630 4098 12.
642 4033 674 4096 ff.
691 4033 731 4098 dc
746 4037 823 4115 suis,
836 4045 868 4100 et
882 4035 968 4120 legit.
983 4035 1112 4100 haered.
1151 4035 1206 4098 Ex
1221 4033 1340 4114 quibus

54 4135 207 4222 colligitur,
220 4140 464 4208 Jrrreconsultos
474 4141 727 4222 conatossuisse,
740 4145 848 4228 quoad
856 4144 926 4208 fieri
937 4154 1053 4228 posset,
1066 4153 1102 4206 ut
1111 4141 1265 4206 incolumi
1275 4139 1345 4204 ma?

53 4261 134 4314 neate
146 4251 261 4336 legum
279 4251 461 4338 disciplina,
482 4253 631 4321 indubio
643 4253 758 4318 saltem
776 4273 833 4336 pro
845 4255 918 4339 jure
940 4253 1156 4337 legitimorum
1171 4250 1341 4340 liberorum

53 4365 278 4445 rependerent,
292 4366 480 4448 praesertim
494 4378 668 4450 postquam
682 4366 860 4450 legitimam
871 4367 1047 4431 liberorum
1061 4362 1266 4428 nativitatem
1277 4379 1341 4424 res·

52 4474 429 4564 criptoenoinltaoparte
439 4477 762 4564 oditojuvarevoluit
774 4478 852 4544 Pius
872 4477 1158 4560 immmundiora
1170 4475 1189 4538 l.
1204 4476 1233 4540 3.
1252 4480 1274 4546 l.
1294 4477 1347 4566 12,

52 4578 501 4672 ildesuis,etlegit.haered.
858 4588 1127 4656 Teani-113.
