3146 4980
170 379 235 450 set
348 389 350 392 ’
506 393 747 447 nrseanuarro
768 387 937 456 serutari,
961 387 1112 446 sennen.
1128 370 1153 440 1.
1354 453 1359 461 ι

170 521 358 594 convalere
373 519 555 601 divortium,
581 519 707 604 quoties
719 517 802 603 petri
817 515 924 583 mariti
937 515 1151 582 filiafamilias
1172 513 1363 580 oblatorum
1374 521 1472 577 esset

28 657 30 664 ⁴
169 629 264 703 Quid
277 629 374 708 eninr,
391 628 418 692 ei
433 637 521 712 pater
535 627 568 692 in
584 637 739 712 potestate
755 627 860 692 tilium
874 627 999 691 habens
1019 625 1127 688 dotem
1144 623 1319 707 recepisset,
1333 633 1368 685 et
1381 620 1477 688 filine

168 743 340 824 conjugem
355 756 460 819 suem,
474 749 564 822 pene
578 739 754 822 ignorante,
771 735 823 799 vel
838 733 1084 813 contradicente,
1100 731 1286 796 dimitteret'l
1322 729 1401 798 tten
1416 749 1474 794 va·

170 847 257 916 lebet
270 860 364 912 aetus
379 848 411 912 in
427 845 572 911 fraudem
588 845 687 930 patris
701 845 837 924 elicitus,
851 843 1129 926 quemadmodum
1144 843 1189 906 ab
1200 843 1292 906 initio
1306 841 1476 906 manime·
1568 863 1569 896 r

169 958 262 1025 nium
277 957 347 1022 sine
360 975 522 1022 consensu
547 957 647 1038 patris
660 964 861 1019 contractum
876 973 936 1018 nec
947 955 1080 1037 justum,
1102 971 1161 1016 nec
1176 951 1358 1034 legitimum
1373 951 1474 1014 babe-

170 1065 273 1145 batur,
299 1064 320 1128 l.
335 1064 365 1129 3.
391 1063 493 1128 stult
520 1063 589 1127 cod.
605 1063 648 1126 de
661 1064 772 1144 repud.
815 1055 896 1124 Item
911 1073 1047 1124 centurn
1071 1059 1141 1139 suit,
1168 1071 1205 1124 ut
1219 1076 1261 1124 ne
1284 1058 1475 1140 maritimi

171 1173 282 1240 uxoris
296 1182 386 1256 pater
399 1171 663 1236 dissentientibus
673 1169 875 1253 'conjugibus
889 1170 1061 1233 divortium
1077 1169 1238 1250 indiceret,
1260 1169 1360 1232 etiem
1375 1169 1405 1231 si
1421 1187 1476 1252 pe·

170 1289 218 1346 ter
232 1279 347 1362 filium,
363 1281 415 1346 vel
430 1279 541 1357 filiam,
567 1280 660 1364 cujus
675 1277 849 1344 divortium
873 1275 1084 1358 desiderabat,
1110 1279 1143 1343 in
1158 1287 1313 1363 potestate
1328 1277 1476 1358 haberet,

171 1391 192 1459 l.
208 1395 237 1458 ὅ.
252 1392 321 1458 eod.
336 1392 406 1457 eod.
422 1393 468 1456 tit
511 1389 679 1456 Praeterea
693 1399 851 1454 caverunt
874 1389 1024 1473 Romani,
1051 1403 1086 1454 nt
1100 1370 1176 1454 eum
1191 1389 1327 1454 divortia
1345 1389 1476 1469 tierent,

170 1496 213 1564 de
227 1497 291 1564 illis
305 1499 432 1584 publice
444 1509 613 1573 constaret,
641 1515 682 1560 ne
697 1499 818 1580 passim
845 1499 873 1562 is
888 1499 930 1562 ed
945 1499 1106 1563 secundas
1131 1497 1262 1581 nuptias
1287 1497 1475 1563 admittere-

171 1615 231 1685 tur,
246 1606 351 1688 quiin
375 1605 480 1690 primo
494 1605 603 1672 adbuc
617 1627 688 1670 osse
712 1607 861 1690 conjugio
875 1606 1045 1690 videretur,
1072 1603 1283 1688 quemobrem
1298 1621 1365 1671 non
1381 1607 1477 1672 aliter

169 1707 345 1778 divortium
359 1723 466 1778 retum
479 1711 667 1794 habebatur,
693 1733 792 1797 quam
808 1715 973 1800 simplem
988 1727 1092 1794 testes,
1118 1725 1150 1778 et
1164 1713 1304 1779 Romani
1324 1715 1429 1796 cives,
1444 1729 1477 1781 et
1508 1749 1511 1756 -

170 1817 307 1907 puberes
331 1819 558 1898 interfuissent,
583 1820 603 1884 l.
619 1821 649 1886 9.
664 1821 697 1886 ff.
723 1821 765 1886 de
787 1823 911 1900 divort,
936 1833 968 1886 ot
983 1825 1094 1905 repud.
1137 1821 1203 1887 Sed
1217 1823 1298 1886 baec
1323 1821 1477 1907 divertis,

170 1943 256 2010 quae
270 1925 356 1990 bona
370 1928 475 2010 gretia
488 1926 557 1994 fieri
571 1927 769 2009 dicebantur,
785 1929 989 1996 lastinianus
1004 1927 1136 1994 tandem
1150 1927 1330 1994 abolevisse
1343 1928 1479 1996 videtur

171 2031 206 2096 in
220 2029 303 2096 Nov.
320 2033 394 2098 117.
415 2051 488 2118 cap.
504 2036 564 2114 10,
590 2037 654 2102 nisi
669 2047 739 2102 tum
764 2037 906 2117 demum,
932 2055 1036 2120 qennr
1052 2049 1186 2121 rnerque
1210 2039 1331 2122 conjux
1353 2035 1399 2100 de
1412 2055 1478 2104 ser·

171 2142 282 2206 vande
295 2143 492 2210 continentie
505 2143 702 2225 deliberaret,
728 2147 843 2230 quein
857 2146 963 2230 speeie
977 2163 1042 2211 eon
1056 2145 1200 2231 conjugii
1222 2145 1396 2212 vinculum
1410 2145 1477 2212 dis

171 2244 316 2312 solutum
330 2247 432 2316 fuisse
456 2249 626 2338 credimm,
653 2253 709 2318 sed
724 2264 853 2320 tentum
866 2254 1073 2320 dimooietem
1087 2256 1271 2320 communit
1293 2255 1381 2319 vitae
1394 2253 1479 2322 olim

171 2349 272 2418 initee
286 2355 452 2439 rationem
477 2377 678 2444 quamquam
693 2363 844 2430 Justinm
869 2361 1235 2448 imperemrltudnieni
1259 2361 1350 2428 ilius
1363 2364 1479 2429 votue-

172 2459 212 2528 rit
226 2460 367 2530 veterem
381 2461 589 2534 divortiorum
606 2470 690 2536 bone
704 2465 808 2554 matie
818 2469 1040 2536 faciendorum
1054 2471 1165 2538 reduci
1174 2467 1392 2555 dtreipltnsn,
1408 2487 1478 2540 mo·

171 2567 216 2638 do
230 2571 357 2639 libellus
371 2575 495 2660 repudii
507 2581 769 2662 conscriberetur,
784 2581 868 2646 Nor.
886 2580 955 2646 ltu.
970 2599 1057 2665 quoe
1081 2591 1191 2646 temen
1205 2581 1306 2646 veluti
1316 2583 1480 2666 luscum·

172 2695 273 2752 mnne
286 2684 321 2750 in
336 2696 402 2751 toto
416 2685 564 2756 Romano
578 2687 716 2774 Imperio
729 2703 854 2776 recepte
869 2688 1020 2756 non'fuit.

214 2788 320 2857 Nemo
336 2810 401 2858 non
426 2791 523 2877 videt,
546 2795 635 2862 hanc
649 2797 790 2864 Rmueni
810 2800 893 2883 juris
911 2797 1121 2882 disciplinam
1143 2797 1347 2884 displicuisse
1372 2797 1480 2866 ceole·

172 2897 310 2966 eiecticia
324 2901 482 2987 Patribus,
495 2923 567 2972 een.
584 2907 634 2972 17.
647 2905 696 2972 1e.
709 2925 797 2972 cens.
812 2907 863 2972 32.
874 2917 1001 2990 quaest.
1017 2908 1130 2974 ilcan.
1147 2909 1176 2974 l.
1190 2899 1336 2974 cauom
1346 2915 1480 2991 quaest.

171 3003 214 3086 7.,
228 3023 301 3072 cen.
315 3008 345 3074 2.
361 3027 450 3077 caue
465 3011 516 3079 33.
541 3025 664 3098 quaest.
679 3017 717 3098 2,
733 3015 821 3100 qood
833 3025 868 3081 et
880 3015 1057 3098 adnotavit,
1072 3017 1173 3082 immo
1193 3027 1226 3082 et
1239 3010 1482 3084 demonstravit

173 3112 317 3184 Jeeobus
331 3119 522 3187 (lutefredus
537 3122 571 3188 in
585 3123 670 3188 notis
684 3123 726 3190 ed
742 3125 847 3208 legem
864 3127 892 3190 1.
911 3123 981 3190 cod.
997 3123 1162 3190 medor.
1177 3121 1219 3188 de
1233 3121 1383 3207 repudiis.
1432 3121 1484 3188 nt

173 3227 308 3312 quidem
321 3247 491 3314 quousque
515 3231 557 3296 de
571 3231 727 3298 Rome-nie
749 3232 1035 3316 legumlatoribus
1056 3231 1226 3314 loquimur,
1246 3229 1303 3313 qui
1317 3227 1479 3294 menn-

175 3352 253 3402 nem
268 3337 368 3403 fidem
391 3341 533 3406 necdum
546 3343 690 3425 amplexi
713 3341 848 3424 suerent,
867 3343 1028 3408 nimirum
1042 3348 1064 3409 d
1077 3341 1273 3425 temporibus
1292 3337 1479 3405 demutant

176 3443 305 3512 divortii
319 3467 422 3532 usque
442 3450 488 3514 ed
500 3461 645 3535 ternpore
669 3453 873 3518 Oonstantbri
888 3451 1012 3536 Magni,
1037 3453 1119 3519 nihil
1134 3463 1192 3532 est,
1207 3448 1293 3534 qnod
1308 3449 1480 3527 miremur,

176 3557 214 3640 ei,
227 3561 285 3643 qui
299 3559 466 3628 Christum
490 3573 550 3628 eut
563 3563 696 3628 minime
709 3575 874 3645 neverant,
889 3577 946 3628 aut
959 3565 1219 3648 insequebantur,
1238 3567 1259 3628 e
1274 3558 1395 3626 Christi
1411 3560 1480 3626 ins·

176 3669 378 3736 titutiorribus
401 3683 607 3738 recesscmnt.
650 3673 793 3744 Quodsi
818 3673 966 3737 nonnulli
990 3673 1067 3736 binc
1081 3673 1284 3736 occasionem
1309 3669 1480 3753 arripiant,

176 3771 357 3842 damnandi
382 3781 570 3846 memoriam
584 3777 882 3864 Religiossimomm
907 3781 1147 3864 imperatorum,
1165 3777 1370 3845 Constantini
1384 3795 1482 3861 pree·

177 3887 295 3966 sertim,
311 3887 488 3954 Theodosii
502 3907 561 3954 seu
575 3890 724 3970 Seniorie,
740 3907 797 3955 een
810 3889 961 3969 iunioris,
978 3907 1103 3952 necnon
1118 3885 1303 3967 iustiniani,
1318 3885 1409 3968 qued
1427 3885 1481 3950 vel

178 3996 383 4080 repudienrm
408 3997 613 4082 disciplinam
629 4017 693 4063 non
719 4001 846 4084 penitus
869 3997 1076 4076 aboleverint,
1102 3995 1154 4058 vel
1170 3993 1320 4058 eamdem
1345 3989 1480 4056 metetis

176 4107 271 4170 novis
286 4106 410 4192 legibus
433 4107 641 4172 eonnrmesse
653 4110 716 4174 visi
730 4108 855 4188 lberint,
876 4125 937 4192 ege
953 4107 1059 4190 potius
1074 4088 1244 4170 circueatos
1258 4119 1391 4185 quoquo
1407 4117 1478 4164 mo

178 4217 345 4286 dehaberi
359 4221 488 4304 vetlem,
514 4223 678 4306 imprimis,
695 4221 782 4304 quod
798 4220 884 4304 leges
899 4217 1055 4283 dicendae
1070 4227 1177 4280 essent
1194 4233 1259 4299 nen
1274 4213 1351 4277 selis
1367 4211 1481 4276 (ibris-

179 4331 285 4410 tienie,
300 4331 357 4396 ced
370 4331 469 4397 etiem
494 4331 619 4396 alienae
634 4331 795 4414 religionis
809 4329 1003 4407 hominbus,
1023 4327 1080 4408 qul
1094 4335 1175 4388 tunc
1189 4321 1344 4386 letissime
1358 4315 1482 4382 diffuse

180 4441 317 4528 Imperio
331 4445 494 4529 suberant
520 4453 617 4528 atque
631 4459 709 4510 eum
722 4452 841 4527 optime
855 4441 980 4523 scirent,
1007 4434 1199 4505 Christianis
1213 4429 1384 4500 interdicte
1399 4429 1483 4497 iuis·
