3134 4984
230 431 278 478 no
294 429 450 478 vineant
465 429 735 492 tauromenum,
751 424 923 476 anmvour
940 427 1150 476 uentoroue.
1278 405 1339 476 tlt

70 555 119 622 tint
138 553 207 642 111.)
233 555 354 621 Abbati
377 555 418 620 dc
442 554 638 640 Affligerin,
665 562 695 618 et
712 552 882 638 Magistro
899 551 942 618 R
968 559 991 618 rt
1003 573 1145 640 peremto
1171 553 1342 620 Ecclesiae

71 663 212 744 Caeteren,
228 675 259 732 ct
279 665 320 729 G.
350 663 515 729 Cerronioo
537 663 702 728 Timarete.
725 659 940 724 Ganzalezius
954 671 1137 742 corruptam
1163 661 1341 757 inscriptio

69 791 127 840 nem
140 775 277 860 agnomt
302 785 335 838 et
349 793 404 858 pro
419 793 457 836 ea
482 771 687 838 scribendum
711 769 822 833 voluit:
849 745 941 836 Idam
955 769 1074 836 Attae
1088 769 1128 833 de
1142 769 1294 856 Afflrgen
1311 775 1343 834 et

70 883 216 970 Mogietro
232 883 286 963 R,
310 893 341 949 et
361 881 403 948 G.
423 881 600 948 Canonicio
622 879 814 964 Trojecten,
840 877 1021 961 subjiciens,
1048 875 1237 958 rescriptum
1253 873 1342 938 istud

67 1001 188 1074 spectare
203 989 246 1054 ad
260 989 479 1072 Affligeuium,
497 987 728 1052 Monesterium
744 983 922 1051 admodum
936 988 1095 1072 potensin
1110 987 1249 1052 dioecesi
1264 989 1342 1054 olim

66 1099 279 1178 Cameracensi,
306 1118 394 1162 nunc
410 1096 640 1161 Machliniensi
666 1097 774 1174 situm,
800 1081 1001 1159 ereetum'in
1015 1095 1170 1164 honorem
1191 1095 1232 1158 D.
1256 1095 1342 1160 Petri

65 1205 239 1272 abHenrico
264 1207 322 1272 111.
337 1207 465 1272 Lobani
488 1205 612 1268 Gemite
628 1223 715 1268 anno
730 1205 822 1270 1086.
865 1203 982 1270 Scribit
1004 1203 1220 1287 Innocentius
1244 1225 1342 1288 quae·

65 1316 144 1382 situm
158 1324 178 1384 a
192 1337 227 1382 se
241 1316 421 1398 frequenter
435 1315 544 1394 fuisse,
561 1325 669 1378 uuum
685 1314 742 1396 qui
756 1313 989 1380 Monasterium
1012 1327 1061 1380 est
1076 1317 1240 1400 ingressus
1255 1318 1345 1385 habi·
1406 1325 1413 1339 '

65 1437 122 1492 tum
134 1425 288 1492 sumendo
304 1423 425 1504 novitii,
442 1425 468 1487 si
484 1435 558 1487 ante
574 1424 725 1486 emissam
742 1421 971 1505 professionem
990 1422 1075 1488 intra
1089 1435 1216 1508 tempus
1231 1427 1343 1508 proba-

64 1532 240 1598 tioniscxire
264 1531 409 1610 voluerit,
436 1529 520 1594 licite
548 1530 649 1614 possit
663 1531 786 1612 absque
812 1531 992 1612 apostasiae
1017 1539 1102 1609 nota,
1119 1531 1173 1618 vel
1197 1552 1283 1596 noxa
1299 1534 1342 1597 ad

63 1639 211 1704 maenium
227 1655 377 1704 remeare.
421 1637 590 1720 observat,
606 1637 639 1699 in
655 1635 718 1699 bac
733 1655 766 1698 re
781 1633 925 1700 diversos
940 1635 1069 1699 diversa
1084 1637 1234 1704 sensisse.
1268 1641 1343 1724 lpse

63 1759 155 1816 autem
169 1748 435 1834 distinguendum
460 1757 560 1830 putat,
587 1765 630 1809 an
646 1745 879 1808 Monasterlum
904 1744 1069 1828 ingressus
1093 1746 1288 1830 simpliciter,
1310 1759 1343 1813 et

62 1855 188 1922 absolute
214 1856 411 1940 proposuerit
426 1855 526 1918 uitam
553 1863 687 1932 mutare,
715 1865 750 1914 ut
764 1851 827 1914 sub
851 1851 965 1916 habitu
992 1854 1132 1936 regulari
1154 1853 1194 1918 de
1216 1865 1343 1921 caetero

63 1963 120 2028 llao
132 1961 313 2043 famulatae
331 1981 373 2024 an
388 1961 495 2044 potius
512 1960 649 2024 voluerit
661 1969 782 2022 statum
796 1960 1013 2023 monasticum
1029 1961 1174 2044 experiri,
1193 1965 1254 2027 sub
1269 1979 1343 2028 con·

62 2071 165 2138 ditiorro
177 2091 255 2138 eum
271 2071 488 2156 amplexuros,
515 2069 542 2132 si
557 2065 738 2151 placuisset,
755 2077 786 2130 et
800 2067 828 2131 si
843 2087 907 2131 non
923 2067 1105 2154 placuisset,
1124 2071 1271 2138 animum
1286 2075 1344 2136 ha·

60 2180 149 2246 buerit
162 2178 341 2246 revertendi
355 2177 395 2241 ai
413 2175 581 2240 saeculum
598 2175 739 2239 moribus
754 2165 954 2239 emendatus.
998 2177 1037 2241 In
1053 2177 1155 2260 primo
1176 2166 1255 2244 casu
1270 2199 1344 2245 oen·

59 2285 247 2366 suitdcbere
269 2285 362 2349 illum
377 2282 419 2348 ad
435 2285 590 2347 laxiorem
615 2283 731 2347 saltam
757 2283 903 2366 regulam
917 2287 1122 2371 pertransire·
1145 2289 1177 2352 in
1199 2289 1343 2354 secundo
1452 2283 1455 2290 ⁴

60 2411 127 2458 catu
140 2413 232 2478 posse
258 2389 300 2456 ad
316 2391 484 2456 saeculum
500 2411 648 2472 remeare,
672 2402 861 2456 nontamen
877 2403 913 2456 ut
928 2393 1017 2457 vivat
1032 2395 1246 2463 saeculariter.
1280 2401 1345 2466 No-

57 2505 144 2568 unda
158 2503 298 2588 prolecto
313 2513 389 2598 sunt
410 2511 571 2586 postrema
586 2499 727 2583 rescripti
744 2501 848 2582 verba,
865 2519 950 2586 quae
965 2501 1053 2586 apud
1075 2505 1266 2588 Gregorium
1281 2507 1343 2575 IX.

56 2615 142 2695 paulo
155 2615 247 2680 aliter
261 2613 422 2696 descripta
436 2622 521 2690 sunt,
547 2631 648 2694 quam
663 2611 812 2696 legantur
836 2614 870 2677 in
886 2612 916 2678 3.
934 2605 1129 2685 c'ollectione.
1173 2619 1344 2702 Siquidem

56 2717 96 2782 ita
107 2719 311 2789 scribendum
325 2731 382 2782 est:
411 2719 605 2785 sesecundo
616 2730 725 2805 potest
739 2723 784 2788 od
797 2723 975 2806 soeculum,
990 2745 1056 2790 non
1070 2733 1180 2791 tomen
1200 2738 1243 2792 ut
1252 2732 1344 2796 vivat
1360 2711 1362 2715 Ι

55 2831 266 2908 saeculariter,
289 2849 450 2910 remora·
474 2838 513 2893 ut
538 2850 621 2915 quoe
645 2831 691 2894 sit
716 2833 788 2916 ejus
811 2831 958 2911 intentio,
981 2833 1116 2918 plenius
1131 2843 1343 2917 agnoscatur,

50 2941 250 3022 propesitum
264 2960 366 3006 ouum
380 2939 417 3002 er
429 2939 596 3024 principio
607 2947 817 3024 protestetur.
839 3014 843 3020 ¹
860 2941 936 3007 Hoc
950 2961 1030 3028 ergo
1045 2941 1254 3009 distinctione
1268 2947 1343 3010 dili·

50 3045 139 3122 genu
161 3045 372 3110 meditatione
393 3053 544 3132 permoto,
570 3049 659 3112 circo
683 3049 838 3114 dilectum
865 3047 906 3114 F.
928 3048 1122 3134 Traiectam.
1167 3055 1343 3124 Deoonum

51 3153 226 3240 inquiratis
249 3159 393 3238 sollicite,
421 3179 504 3246 quae
531 3159 682 3224 videritis
708 3165 915 3247 requirenda,
941 3174 972 3229 ct
998 3171 1157 3232 statuetis
1183 3175 1343 3254 cononice,

50 3265 293 3345 quoeoideritis
315 3268 756 3352 statuendo.1taexposita
782 3271 963 3336 Innocentii
978 3271 1133 3356 doctrina,
1160 3296 1219 3362 ego
1235 3279 1343 3368 impti-

50 3367 109 3432 mis
121 3369 265 3452 observo,
289 3373 517 3438 innocentium
533 3369 614 3438 nihil
629 3373 706 3437 novi
728 3375 762 3440 iu
777 3375 842 3440 hac
856 3397 889 3440 re
903 3377 1060 3443 adversus
1082 3383 1245 3464 generalia
1261 3384 1345 3466 priu-

48 3473 130 3558 cipia
143 3479 312 3558 statuisse,
319 3479 406 3560 quod
422 3479 530 3543 statim
546 3479 646 3562 liquet
659 3500 702 3544 ex
717 3501 762 3562 eo,
778 3481 866 3566 quod
882 3495 1054 3568 postquam
1070 3487 1260 3572 tradidisset,
1287 3491 1345 3557 fre·

49 3595 179 3662 quanter
203 3585 353 3650 sciuisse
377 3587 617 3670 interrogatum,
643 3600 675 3652 et
688 3589 729 3652 de
754 3609 794 3654 ea
816 3609 848 3655 re
874 3593 1017 3658 diversos
1042 3595 1170 3661 diversa
1195 3585 1354 3686 sensisse,

46 3683 122 3750 item
136 3707 169 3752 se
185 3691 298 3754 utilem
319 3692 446 3756 credere
461 3693 698 3760 distinctionem
714 3697 858 3782 allatam,
874 3701 955 3766 nihil
971 3703 1060 3772 aliud
1082 3708 1347 3780 concludendum

46 3791 214 3863 arbitratus
229 3811 287 3880 est,
302 3819 402 3882 quam
418 3820 487 3863 esse
502 3803 764 3886 interrogandum
782 3827 867 3888 eum,
883 3807 924 3871 de
939 3829 1005 3894 quo
1019 3813 1184 3896 agebatur,
1211 3830 1243 3881 et
1258 3817 1354 3906 denig

44 3912 110 3976 que
124 3904 331 3970 statuendum
355 3908 522 3987 canonice,
542 3909 676 3993 quod
646 3931 754 3977 visum
780 3913 875 3980 fuerit
900 3921 1120 3987 statuendum.
1165 3925 1252 4008 Ergo
1267 3945 1344 3993 cum

43 4009 174 4087 regulae
187 4031 355 4078 canonum
372 4034 517 4098 unquam
533 4020 566 4080 iu
582 4017 719 4104 simplici
735 4026 894 4107 proposito
909 4025 1137 4112 obligationem
1148 4031 1344 4114 induxerint,

41 4129 107 4176 nec
120 4103 326 4186 Innocentius
353 4124 463 4204 voluit,
489 4125 622 4189 exsola
638 4130 740 4192 animi
766 4131 1002 4214 deliberatione
1029 4155 1114 4218 quae
1140 4149 1252 4200 votum
1278 4156 1344 4202 nou

39 4236 141 4306 esset,
164 4231 391 4314 obligationem
406 4233 526 4297 induci
572 4235 737 4300 Praeterea
762 4240 905 4322 observo,
930 4241 1157 4308 Innocentium
1181 4253 1275 4308 caute
1290 4245 1346 4309 ad·

40 4331 180 4400 modum
194 4339 401 4423 rescripsisse,
417 4342 511 4422 quasi
526 4361 592 4406 non
607 4345 791 4409 absolutam
806 4347 884 4411 etin
894 4349 967 4433 jure
990 4351 1217 4414 consistentem
1233 4343 1346 4413 defini·

39 4439 169 4512 tionem
182 4461 265 4516 esset
278 4451 554 4536 pronuntiaturus,
581 4454 639 4520 aed
654 4457 749 4540 quasi
763 4458 867 4524 multo
881 4479 923 4526 ex
938 4459 1023 4524 tacto
1047 4481 1114 4527 non
1129 4463 1207 4528 satis
1221 4461 1346 4547 liquido
