3276 4984
183 381 225 446 68
553 403 797 450 oreseaunmo
818 405 992 464 succurre,
1014 405 1091 451 cre.
1114 385 1156 452 lu

182 529 271 596 enirn
286 527 458 590 consistere
483 525 684 608 sponsalium
710 523 796 588 dicet
821 525 1060 607 obligationem,
1091 545 1175 610 quae
1197 547 1380 610 numquam
1395 527 1487 594 affec·

183 653 253 701 tunt
268 641 310 700 sit
325 635 489 698 habitural
532 635 611 705 Qua
636 635 669 698 in
694 653 725 696 re
750 633 850 698 etiam
869 635 1110 700 observandum
1132 647 1188 718 est,
1204 637 1294 702 nulla
1310 657 1440 720 quoque
1453 649 1488 702 et

183 749 270 810 irrita
285 765 355 808 esse
371 742 542 826 sponsalia,
558 762 635 806 cum
657 743 785 806 evenire
800 743 933 823 quidem
948 747 1049 827 possit
1074 757 1209 830 tempus,
1227 765 1292 828 quo
1309 747 1364 810 rite
1379 747 1487 811 matri·

184 855 330 918 monium
344 852 563 928 contrahatur,
580 865 613 912 at
627 849 677 912 ias
692 869 758 914 non
773 851 822 929 sit,
838 862 871 913 et
885 851 1059 916 honestum
1074 852 1115 915 de
1129 873 1168 915 eo
1183 867 1324 938 tompore
1335 857 1484 940 cogitare,

183 965 224 1026 ad
242 960 456 1026 advertendae
480 959 557 1022 mali
573 959 714 1022 hominis
730 959 924 1039 occasiones,
949 961 1227 1042 quemadmodum
1241 965 1441 1046 contingeret
1452 966 1486 1030 ln

183 1097 230 1155 eo,
245 1077 302 1157 qui
320 1085 390 1154 post
414 1083 616 1134 contractum
642 1089 718 1134 cunr
745 1091 813 1135 una
837 1072 1034 1155 conjugium,
1061 1073 1157 1136 vellet
1171 1075 1336 1156 sponsalia
1348 1095 1426 1139 eum
1438 1077 1489 1139 al·

184 1202 252 1250 tera
262 1185 458 1262 contrahere,
484 1201 524 1246 ea
547 1201 604 1262 spe
617 1181 753 1260 illectus,
770 1181 858 1262 quod
873 1201 930 1265 per
944 1194 1079 1248 mortem
1094 1185 1204 1247 uxoris
1218 1187 1406 1269 conjugium
1421 1187 1487 1250 dis·

181 1299 336 1362 soluatur.
380 1295 454 1359 Non
479 1305 528 1357 est
551 1311 629 1356 sane
655 1291 795 1371 ferenda,
822 1313 882 1356 nec
908 1293 1213 1378 quomodocumque
1239 1297 1399 1362 firmanda
1423 1299 1487 1363 tuit

181 1411 308 1492 legibus
322 1407 404 1470 haec
420 1415 623 1487 praematura
648 1404 809 1482 voluntas,
835 1425 919 1487 quae
935 1415 966 1468 et
988 1405 1194 1472 dissidiorum
1211 1409 1354 1492 maligna
1370 1431 1487 1494 parens

181 1527 266 1580 osset
281 1517 363 1578 iuter
375 1513 529 1597 conjuges
543 1509 820 1589 concitandorum,
834 1523 865 1572 et
886 1511 1100 1594 conjugalem,
1126 1513 1383 1581 benevolentiam
1399 1531 1484 1585 certe

181 1625 357 1688 distrahere
371 1633 483 1684 contra
498 1619 644 1684 naturale
667 1619 806 1701 conjugii
822 1619 952 1682 bonum.
998 1620 1061 1684 Ubi
1079 1640 1153 1684 vero
1168 1625 1365 1689 matrimonii
1379 1629 1486 1706 prohi-

178 1734 256 1797 bitio
271 1743 356 1795 certo
371 1743 512 1814 ternpore
526 1728 805 1804 circumscribitur,
821 1727 999 1791 dummodo
1022 1731 1078 1811 qui
1104 1733 1169 1795 sint
1192 1738 1393 1814 contractiori,
1409 1757 1485 1802 con·

180 1861 296 1905 sensus
310 1857 447 1924 capaces
473 1839 545 1917 siut,
567 1839 638 1921 jure
664 1836 828 1918 sponsalia
850 1837 1094 1918 contrahuntur,
1120 1859 1205 1922 quae
1232 1841 1305 1906 licet
1331 1845 1415 1908 illico
1440 1847 1483 1910 ad

178 1951 304 2013 exitum
319 1947 451 2032 perduci
463 1956 634 2026 nequeant,
651 1943 761 2027 elapso
776 1955 884 2006 tamen
912 1964 950 2006 eo
975 1957 1116 2027 tempore
1142 1946 1223 2010 nihil
1247 1947 1345 2028 obest,
1361 1951 1487 2032 quomi-

178 2079 241 2124 nus
257 2059 334 2121 deta
349 2056 431 2120 fides
447 2055 626 2137 impleatur.
671 2053 735 2116 Vix
750 2051 792 2115 ad
807 2053 893 2115 benc
909 2051 1054 2134 regulam
1070 2054 1102 2117 iu
1114 2055 1185 2138 jure
1206 2055 1355 2121 Romano
1369 2079 1485 2144 excep-

179 2169 298 2232 tionem
314 2165 445 2237 inrenio
461 2165 493 2227 in
508 2175 618 2241 tutore,
633 2160 685 2222 rel
700 2172 854 2237 curatore,
871 2179 1024 2224 eorumve
1039 2161 1114 2243 filio,
1130 2164 1188 2246 qui
1211 2166 1338 2247 puellae
1354 2169 1385 2232 iu
1401 2179 1484 2232 tute-

178 2279 253 2354 lam,
269 2294 423 2338 curamve
437 2282 582 2355 receptae
598 2269 659 2333 sibi
685 2269 794 2332 filiove
817 2267 986 2332 ducendae
1010 2269 1171 2333 abstinere
1191 2273 1340 2355 conjugio
1354 2273 1481 2355 debent,

176 2403 347 2468 quousque
362 2382 502 2444 rationes
518 2379 703 2457 reddantur;
721 2377 842 2440 interea
857 2387 966 2440 tamen
994 2397 1053 2441 nec
1077 2390 1213 2461 possunt
1226 2381 1371 2462 puellam
1387 2403 1481 2466 spon·

174 2497 297 2562 salibus
312 2495 461 2577 obligare,
477 2492 497 2554 l.
515 2491 564 2556 15.
581 2489 612 2552 ff.
629 2489 669 2552 de
684 2487 834 2570 sponsal,
854 2488 873 2549 l.
889 2489 940 2551 60.
958 2493 979 2556 l.
1006 2491 1036 2552 5.
1052 2487 1085 2553 ff.
1101 2489 1143 2553 de
1166 2492 1227 2554 ritu
1255 2504 1344 2576 nupt.
1390 2495 1482 2561 lstud

168 2607 224 2692 jus
250 2605 414 2688 singulare
439 2599 616 2685 postulavit
642 2593 849 2681 pupillarum,
871 2607 903 2660 et
924 2599 1087 2662 minorum
1103 2599 1235 2678 utilitas,
1252 2619 1293 2664 ne
1308 2615 1482 2684 praetextu

175 2712 376 2795 sponsalium
390 2717 626 2772 contractorum
650 2715 777 2782 tutores,
804 2717 836 2767 ot
860 2716 1023 2769 curatores
1048 2706 1175 2774 desides
1202 2709 1364 2775 lierontin
1379 2713 1483 2777 adtul-

172 2821 361 2885 nistratioue
384 2819 551 2894 bonorum,
578 2825 610 2876 et
635 2816 667 2878 in
693 2811 866 2878 reddendis
888 2813 1065 2878 rationibus
1081 2815 1191 2878 minus
1206 2818 1357 2880 accurati.
1400 2819 1485 2884 'l'rirt

174 2943 252 2994 sunt
266 2930 354 2993 illius
369 2926 499 3009 regulae
515 2923 943 3004 luculentissimuexempla3
970 2923 1112 3004 primurn
1136 2925 1178 2986 de
1199 2921 1334 2988 Rectore
1349 2927 1485 3001 Pocrin-

172 3041 245 3104 riae
255 3042 348 3123 juxte
366 3035 570 3100 definitiones
586 3033 678 3116 prisci
702 3031 840 3096 Romani
852 3032 944 3114 juris3
969 3029 1107 3094 alterum
1132 3031 1174 3094 de
1201 3032 1431 3116 impuberibus,
1448 3039 1481 3102 in

170 3159 313 3230 utreque
329 3165 408 3208 sane
424 3145 529 3228 specie
544 3143 642 3206 simili
657 3141 816 3204 suadente
830 3156 939 3202 causa.
983 3139 1161 3204 Nemeum
1177 3143 1221 3206 ad
1239 3145 1483 3212 matrimonium

169 3255 441 3332 contrahendum,
456 3262 569 3334 utpote
583 3252 614 3314 iu
626 3269 693 3332 quo
714 3247 840 3315 firmius
856 3245 1025 3310 duculum
1041 3259 1098 3328 est,
1113 3253 1314 3334 et'asperius,
1331 3253 1483 3336 perfectu,

172 3381 207 3429 et
224 3367 317 3448 plene
333 3363 502 3427 consensio
517 3361 705 3442 requiratur,
716 3375 779 3420 uou
795 3365 900 3439 ¹atiquo
915 3357 1063 3438 perlecta,
1078 3369 1110 3421 et
1133 3359 1230 3442 plena
1255 3364 1435 3445 requiratur
1449 3367 1484 3430 iu

177 3475 389 3558 sponsalibus,
406 3481 514 3553 utpote
529 3487 666 3551 quorum
684 3467 851 3530 ornantem
868 3485 932 3530 non
948 3467 1163 3532 edendorum
1177 3481 1235 3551 est,
1251 3483 1285 3533 et
1306 3473 1484 3540 undecum-

177 3605 240 3668 que
256 3581 482 3656 arctissimum,
498 3575 677 3640 dummodo
688 3575 858 3640 consensio
871 3575 941 3638 dici-
950 3575 1058 3657 possit3
1083 3575 1178 3640 facile
1191 3577 1339 3658 obtinuit,
1350 3591 1392 3644 ut
1405 3599 1484 3662 quo-

177 3711 248 3756 rum
265 3691 375 3756 adhuc
389 3687 556 3754 infirmum
570 3686 741 3750 consilium
757 3695 814 3760 est,
831 3683 996 3765 sponsalia
1020 3683 1174 3764 valerent,
1200 3705 1400 3770 quamquem
1416 3705 1483 3756 non

167 3803 324 3866 ¹vrrlerent
336 3798 497 3882 conjugia,
514 3794 692 3860 differenda
706 3795 740 3858 in
755 3793 845 3860 uliud
861 3803 998 3875 tempus,
1013 3813 1079 3873 quo
1094 3793 1217 3876 plenior
1241 3809 1324 3860 esset
1349 3815 1484 3866 consest-

180 3933 246 3975 sus.
308 3910 508 3971 Postremum
525 3904 775 3985 exemplumest
790 3901 832 3969 de
845 3901 954 3979 vidire,
977 3916 1062 3981 qrree
1087 3899 1195 3964 luctus
1209 3911 1350 3985 mmpore
1374 3907 1485 3988 couju-

179 4023 270 4108 giurn
285 4015 473 4088 contrahere
488 4013 680 4097 prohibetur.
977 4079 979 4087 ,

166 4167 173 4203 ,ι
217 4125 386 4209 imprimis
402 4139 497 4188 nomo
523 4123 657 4205 ignorat,
671 4121 840 4186 Rectorem
866 4119 1056 4186 Provinciae
1078 4137 1145 4184 uon
1173 4121 1317 4203 potitism
1338 4125 1400 4188 sibi
1416 4141 1485 4192 rna-

181 4237 330 4302 triurutrio
340 4237 475 4320 iungere
490 4253 571 4309 eum,
586 4251 671 4314 queo
685 4251 728 4296 ex
738 4231 886 4314 -srrhjeera
901 4227 1071 4293 Provincia
1096 4241 1195 4304 essetr
1215 4233 1235 4294 l.
1249 4231 1301 4298 38.
1313 4233 1349 4298 ff.
1365 4234 1409 4298 de
1422 4236 1486 4302 rittt

181 4346 330 4429 nuptiur,
347 4343 469 4409 interea
482 4353 590 4408 tomen
605 4333 878 4406 intersererem
904 4349 936 4402 ot
950 4337 1103 4420 ‘puellam
1130 4339 1366 4408 Provincialum
1391 4363 1488 4427 spon-

160 4451 269 4540 isalia
295 4433 364 4522 beri
392 4459 547 4544 poterunt,
573 4447 662 4517 dioto
688 4447 709 4515 l.
739 4447 800 4527 ³8,
829 4465 896 4532 quo
924 4457 1032 4515 muron
1048 4448 1082 4530 ln
1098 4448 1206 4532 speeie
1218 4450 1486 4536 notatarllgm
