<?xml version="1.0" encoding="UTF-8"?>
<!DOCTYPE html PUBLIC "-//W3C//DTD XHTML 1.0 Transitional//EN"
    "http://www.w3.org/TR/xhtml1/DTD/xhtml1-transitional.dtd">
<html xmlns="http://www.w3.org/1999/xhtml" xml:lang="en" lang="en">
 <head>
  <title>
</title>
<meta http-equiv="Content-Type" content="text/html;charset=utf-8" />
  <meta name='ocr-system' content='tesseract 3.04.00' />
  <meta name='ocr-capabilities' content='ocr_page ocr_carea ocr_par ocr_line ocrx_word'/>
</head>
<body>
  <div class='ocr_page' id='page_1' title='image "./carolisebastian00beragoog_0511.png"; bbox 0 0 3134 4984; ppageno 0'>
   <div class='ocr_carea' id='block_1_1' title="bbox 179 345 1261 429">
    <p class='ocr_par' dir='ltr' id='par_1_1' title="bbox 179 345 1261 429">
     <span class='ocr_line' id='line_1_1' title="bbox 179 345 1261 429; baseline -0.001 -14"><span class='ocrx_word' id='word_1_1' title='bbox 179 345 243 416; x_wconf 78' lang='lat'><strong>132</strong></span> <span class='ocrx_word' id='word_1_2' title='bbox 409 367 500 413; x_wconf 73' lang='lat' dir='ltr'><strong>erus</strong></span> <span class='ocrx_word' id='word_1_3' title='bbox 517 367 642 428; x_wconf 73' lang='lat' dir='ltr'><strong>rarus,</strong></span> <span class='ocrx_word' id='word_1_4' title='bbox 660 367 902 414; x_wconf 74' lang='lat' dir='ltr'><strong>dissertatum</strong></span> <span class='ocrx_word' id='word_1_5' title='bbox 918 367 1184 429; x_wconf 63' lang='lat' dir='ltr'><strong>secutionem.</strong></span> <span class='ocrx_word' id='word_1_6' title='bbox 1203 345 1261 414; x_wconf 77' lang='lat' dir='ltr'><strong>tv.</strong></span> 
     </span>
    </p>
   </div>
   <div class='ocr_carea' id='block_1_2' title="bbox 100 487 1551 4464">
    <p class='ocr_par' dir='ltr' id='par_1_2' title="bbox 165 487 1552 3812">
     <span class='ocr_line' id='line_1_2' title="bbox 177 487 1466 576; baseline -0.003 -20"><span class='ocrx_word' id='word_1_7' title='bbox 177 509 220 556; x_wconf 87' lang='lat' dir='ltr'><strong>ne</strong></span> <span class='ocrx_word' id='word_1_8' title='bbox 240 491 273 556; x_wconf 93' lang='lat' dir='ltr'><strong>in</strong></span> <span class='ocrx_word' id='word_1_9' title='bbox 298 490 473 576; x_wconf 82' lang='lat' dir='ltr'><strong>perjurium</strong></span> <span class='ocrx_word' id='word_1_10' title='bbox 499 509 541 553; x_wconf 86' lang='lat' dir='ltr'><strong>ex</strong></span> <span class='ocrx_word' id='word_1_11' title='bbox 565 489 718 556; x_wconf 80' lang='lat' dir='ltr'><strong>facilitate</strong></span> <span class='ocrx_word' id='word_1_12' title='bbox 737 489 946 576; x_wconf 79' lang='lat' dir='ltr'><strong>jurisjurandi</strong></span> <span class='ocrx_word' id='word_1_13' title='bbox 970 489 1162 556; x_wconf 80' lang='lat' dir='ltr'><strong>incidamus.</strong></span> <span class='ocrx_word' id='word_1_14' title='bbox 1206 488 1339 556; x_wconf 83' lang='lat' dir='ltr'><strong>Etenim</strong></span> <span class='ocrx_word' id='word_1_15' title='bbox 1360 487 1466 554; x_wconf 82' lang='lat' dir='ltr'><strong>exinde</strong></span> 
     </span>
     <span class='ocr_line' id='line_1_3' title="bbox 177 581 1463 684; baseline -0.006 -20"><span class='ocrx_word' id='word_1_16' title='bbox 177 597 250 664; x_wconf 88' lang='lat' dir='ltr'><strong>fluit</strong></span> <span class='ocrx_word' id='word_1_17' title='bbox 264 597 422 684; x_wconf 85' lang='lat' dir='ltr'><strong>generalis</strong></span> <span class='ocrx_word' id='word_1_18' title='bbox 432 597 563 684; x_wconf 89' lang='lat' dir='ltr'><strong>jurandi</strong></span> <span class='ocrx_word' id='word_1_19' title='bbox 578 597 731 676; x_wconf 90' lang='lat' dir='ltr'><strong>doctriua,</strong></span> <span class='ocrx_word' id='word_1_20' title='bbox 758 581 843 680; x_wconf 89' lang='lat' dir='ltr'><strong>quae</strong></span> <span class='ocrx_word' id='word_1_21' title='bbox 859 595 981 676; x_wconf 87' lang='lat' dir='ltr'><strong>suadet,</strong></span> <span class='ocrx_word' id='word_1_22' title='bbox 998 616 1063 661; x_wconf 90' lang='lat' dir='ltr'><strong>non</strong></span> <span class='ocrx_word' id='word_1_23' title='bbox 1077 595 1180 676; x_wconf 85' lang='lat' dir='ltr'><strong>facile,</strong></span> <span class='ocrx_word' id='word_1_24' title='bbox 1206 605 1237 660; x_wconf 90' lang='lat' dir='ltr'><strong>et</strong></span> <span class='ocrx_word' id='word_1_25' title='bbox 1252 595 1374 678; x_wconf 87' lang='lat' dir='ltr'><strong>passim</strong></span> <span class='ocrx_word' id='word_1_26' title='bbox 1389 591 1463 676; x_wconf 84' lang='lat' dir='ltr'><strong>apud</strong></span> 
     </span>
     <span class='ocr_line' id='line_1_4' title="bbox 176 699 1465 792; baseline -0.009 -18"><span class='ocrx_word' id='word_1_27' title='bbox 176 707 378 774; x_wconf 78' lang='lat' dir='ltr'><strong>Christianos</strong></span> <span class='ocrx_word' id='word_1_28' title='bbox 394 708 479 771; x_wconf 88' lang='lat' dir='ltr'><strong>viros</strong></span> <span class='ocrx_word' id='word_1_29' title='bbox 489 706 668 792; x_wconf 85' lang='lat' dir='ltr'><strong>jurandum</strong></span> <span class='ocrx_word' id='word_1_30' title='bbox 685 725 764 792; x_wconf 68' lang='lat' dir='ltr'><strong>essej</strong></span> <span class='ocrx_word' id='word_1_31' title='bbox 782 703 924 769; x_wconf 87' lang='lat' dir='ltr'><strong>sedtum</strong></span> <span class='ocrx_word' id='word_1_32' title='bbox 940 705 1081 784; x_wconf 92' lang='lat' dir='ltr'><strong>demum,</strong></span> <span class='ocrx_word' id='word_1_33' title='bbox 1096 723 1172 770; x_wconf 89' lang='lat' dir='ltr'><strong>cum</strong></span> <span class='ocrx_word' id='word_1_34' title='bbox 1189 715 1246 770; x_wconf 87' lang='lat' dir='ltr'><strong>aut</strong></span> <span class='ocrx_word' id='word_1_35' title='bbox 1266 699 1310 768; x_wconf 89' lang='lat' dir='ltr'><strong>rei</strong></span> <span class='ocrx_word' id='word_1_36' title='bbox 1325 703 1465 788; x_wconf 79' lang='lat' dir='ltr'><strong>gravitas,</strong></span> 
     </span>
     <span class='ocr_line' id='line_1_5' title="bbox 175 799 1464 902; baseline -0.01 -19"><span class='ocrx_word' id='word_1_37' title='bbox 175 827 233 884; x_wconf 82' lang='lat' dir='ltr'><strong>aut</strong></span> <span class='ocrx_word' id='word_1_38' title='bbox 247 817 395 902; x_wconf 89' lang='lat' dir='ltr'><strong>publicae</strong></span> <span class='ocrx_word' id='word_1_39' title='bbox 409 812 531 878; x_wconf 61' lang='lat' dir='ltr'><strong>numae</strong></span> <span class='ocrx_word' id='word_1_40' title='bbox 549 813 626 877; x_wconf 89' lang='lat' dir='ltr'><strong>ratio</strong></span> <span class='ocrx_word' id='word_1_41' title='bbox 642 813 674 876; x_wconf 90' lang='lat' dir='ltr'><strong>id</strong></span> <span class='ocrx_word' id='word_1_42' title='bbox 691 813 840 897; x_wconf 84' lang='lat' dir='ltr'><strong>postulat,</strong></span> <span class='ocrx_word' id='word_1_43' title='bbox 856 833 928 878; x_wconf 90' lang='lat' dir='ltr'><strong>can.</strong></span> <span class='ocrx_word' id='word_1_44' title='bbox 956 815 985 876; x_wconf 94' lang='lat'><strong>1.</strong></span> <span class='ocrx_word' id='word_1_45' title='bbox 999 799 1031 876; x_wconf 88' lang='grc'><strong>2</strong></span> <span class='ocrx_word' id='word_1_46' title='bbox 1047 813 1087 894; x_wconf 80' lang='grc'><strong>5.,</strong></span> <span class='ocrx_word' id='word_1_47' title='bbox 1101 821 1133 875; x_wconf 87' lang='lat' dir='ltr'><strong>et</strong></span> <span class='ocrx_word' id='word_1_48' title='bbox 1146 811 1269 896; x_wconf 87' lang='lat' dir='ltr'><strong>passim</strong></span> <span class='ocrx_word' id='word_1_49' title='bbox 1284 807 1371 872; x_wconf 85' lang='lat' dir='ltr'><strong>dicta</strong></span> <span class='ocrx_word' id='word_1_50' title='bbox 1385 823 1464 870; x_wconf 91' lang='lat' dir='ltr'><strong>caus.</strong></span> 
     </span>
     <span class='ocr_line' id='line_1_6' title="bbox 174 916 1465 1006; baseline -0.006 -20"><span class='ocrx_word' id='word_1_51' title='bbox 174 923 226 986; x_wconf 83' lang='lat'><strong>22.</strong></span> <span class='ocrx_word' id='word_1_52' title='bbox 242 933 365 1006; x_wconf 87' lang='lat' dir='ltr'><strong>quaest.</strong></span> <span class='ocrx_word' id='word_1_53' title='bbox 384 923 411 987; x_wconf 91' lang='lat'><strong>1.</strong></span> <span class='ocrx_word' id='word_1_54' title='bbox 455 923 568 1004; x_wconf 88' lang='lat' dir='ltr'><strong>Itaque</strong></span> <span class='ocrx_word' id='word_1_55' title='bbox 579 918 817 1006; x_wconf 88' lang='lat' dir='ltr'><strong>jusJ&#39;urandum‚</strong></span> <span class='ocrx_word' id='word_1_56' title='bbox 845 921 891 984; x_wconf 92' lang='lat' dir='ltr'><strong>uti</strong></span> <span class='ocrx_word' id='word_1_57' title='bbox 907 923 952 984; x_wconf 88' lang='lat' dir='ltr'><strong>ait</strong></span> <span class='ocrx_word' id='word_1_58' title='bbox 968 916 1187 1004; x_wconf 72' lang='lat' dir='ltr'><strong>Hieronymus</strong></span> <span class='ocrx_word' id='word_1_59' title='bbox 1202 921 1234 982; x_wconf 95' lang='lat' dir='ltr'><strong>in</strong></span> <span class='ocrx_word' id='word_1_60' title='bbox 1250 935 1323 982; x_wconf 90' lang='lat' dir='ltr'><strong>can.</strong></span> <span class='ocrx_word' id='word_1_61' title='bbox 1339 919 1369 982; x_wconf 82' lang='lat'><strong>7.</strong></span> <span class='ocrx_word' id='word_1_62' title='bbox 1385 933 1465 980; x_wconf 87' lang='lat' dir='ltr'><strong>caus.</strong></span> 
     </span>
     <span class='ocr_line' id='line_1_7' title="bbox 173 1025 1465 1116; baseline -0.004 -24"><span class='ocrx_word' id='word_1_63' title='bbox 173 1027 225 1092; x_wconf 87' lang='grc'><strong>22.</strong></span> <span class='ocrx_word' id='word_1_64' title='bbox 240 1039 364 1112; x_wconf 90' lang='lat' dir='ltr'><strong>quaest.</strong></span> <span class='ocrx_word' id='word_1_65' title='bbox 382 1029 409 1109; x_wconf 89' lang='grc'><strong>1,</strong></span> <span class='ocrx_word' id='word_1_66' title='bbox 425 1029 505 1091; x_wconf 91' lang='lat' dir='ltr'><strong>etin</strong></span> <span class='ocrx_word' id='word_1_67' title='bbox 521 1048 592 1091; x_wconf 90' lang='lat' dir='ltr'><strong>can.</strong></span> <span class='ocrx_word' id='word_1_68' title='bbox 612 1031 742 1094; x_wconf 82' lang='lat' dir='ltr'><strong>1.caus.</strong></span> <span class='ocrx_word' id='word_1_69' title='bbox 759 1031 809 1092; x_wconf 90' lang='grc'><strong>22.</strong></span> <span class='ocrx_word' id='word_1_70' title='bbox 826 1041 948 1112; x_wconf 91' lang='lat' dir='ltr'><strong>quaest.</strong></span> <span class='ocrx_word' id='word_1_71' title='bbox 965 1029 1004 1109; x_wconf 89' lang='grc'><strong>2.,</strong></span> <span class='ocrx_word' id='word_1_72' title='bbox 1015 1029 1130 1116; x_wconf 90' lang='lat' dir='ltr'><strong>juncto</strong></span> <span class='ocrx_word' id='word_1_73' title='bbox 1152 1047 1223 1112; x_wconf 88' lang='lat' dir='ltr'><strong>cap.</strong></span> <span class='ocrx_word' id='word_1_74' title='bbox 1239 1027 1268 1091; x_wconf 90' lang='grc'><strong>6.</strong></span> <span class='ocrx_word' id='word_1_75' title='bbox 1285 1025 1325 1090; x_wconf 92' lang='lat' dir='ltr'><strong>de</strong></span> <span class='ocrx_word' id='word_1_76' title='bbox 1335 1027 1465 1116; x_wconf 78' lang='lat' dir='ltr'><strong>jurejur,</strong></span> 
     </span>
     <span class='ocr_line' id='line_1_8' title="bbox 174 1133 1466 1224; baseline 0 -27"><span class='ocrx_word' id='word_1_77' title='bbox 174 1144 237 1197; x_wconf 90' lang='lat' dir='ltr'><strong>tres</strong></span> <span class='ocrx_word' id='word_1_78' title='bbox 253 1133 347 1198; x_wconf 92' lang='lat' dir='ltr'><strong>debet</strong></span> <span class='ocrx_word' id='word_1_79' title='bbox 370 1134 489 1198; x_wconf 84' lang='lat' dir='ltr'><strong>habere</strong></span> <span class='ocrx_word' id='word_1_80' title='bbox 514 1136 656 1214; x_wconf 78' lang='lat' dir='ltr'><strong>comites,</strong></span> <span class='ocrx_word' id='word_1_81' title='bbox 683 1135 860 1217; x_wconf 84' lang='lat' dir='ltr'><strong>veritatem,</strong></span> <span class='ocrx_word' id='word_1_82' title='bbox 881 1137 1174 1224; x_wconf 79' lang='lat' dir='ltr'><strong>judiciurn,etque</strong></span> <span class='ocrx_word' id='word_1_83' title='bbox 1193 1135 1363 1222; x_wconf 86' lang='lat' dir='ltr'><strong>justitiam,</strong></span> <span class='ocrx_word' id='word_1_84' title='bbox 1380 1137 1466 1220; x_wconf 83' lang='lat' dir='ltr'><strong>juxta</strong></span> 
     </span>
     <span class='ocr_line' id='line_1_9' title="bbox 173 1243 1466 1332; baseline 0.002 -28"><span class='ocrx_word' id='word_1_85' title='bbox 173 1243 272 1306; x_wconf 80' lang='lat' dir='ltr'><strong>verba</strong></span> <span class='ocrx_word' id='word_1_86' title='bbox 288 1243 445 1306; x_wconf 89' lang='lat' dir='ltr'><strong>Jeremiae</strong></span> <span class='ocrx_word' id='word_1_87' title='bbox 469 1264 539 1327; x_wconf 89' lang='lat' dir='ltr'><strong>cap.</strong></span> <span class='ocrx_word' id='word_1_88' title='bbox 556 1243 586 1306; x_wconf 82' lang='grc'><em>4</em></span> <span class='ocrx_word' id='word_1_89' title='bbox 631 1243 813 1326; x_wconf 86' lang='lat' dir='ltr'><strong>Veritatem,</strong></span> <span class='ocrx_word' id='word_1_90' title='bbox 841 1247 1034 1332; x_wconf 88' lang='lat' dir='ltr'><strong>utjuremus</strong></span> <span class='ocrx_word' id='word_1_91' title='bbox 1060 1247 1255 1326; x_wconf 86' lang='lat' dir='ltr'><strong>nonsolum,</strong></span> <span class='ocrx_word' id='word_1_92' title='bbox 1279 1243 1402 1328; x_wconf 87' lang='lat' dir='ltr'><strong>quod</strong></span> <span class='ocrx_word' id='word_1_93' title='bbox 1393 1261 1466 1308; x_wconf 91' lang='lat' dir='ltr'><strong>mse</strong></span> 
     </span>
     <span class='ocr_line' id='line_1_10' title="bbox 173 1339 1466 1439; baseline 0.007 -30"><span class='ocrx_word' id='word_1_94' title='bbox 173 1363 287 1410; x_wconf 84' lang='lat' dir='ltr'><strong>verum</strong></span> <span class='ocrx_word' id='word_1_95' title='bbox 303 1359 359 1428; x_wconf 89' lang='lat' dir='ltr'><strong>est,</strong></span> <span class='ocrx_word' id='word_1_96' title='bbox 375 1347 432 1411; x_wconf 88' lang='lat' dir='ltr'><strong>sed</strong></span> <span class='ocrx_word' id='word_1_97' title='bbox 444 1359 474 1411; x_wconf 88' lang='lat' dir='ltr'><strong>et</strong></span> <span class='ocrx_word' id='word_1_98' title='bbox 489 1349 575 1434; x_wconf 89' lang='lat' dir='ltr'><strong>quod</strong></span> <span class='ocrx_word' id='word_1_99' title='bbox 589 1371 701 1414; x_wconf 87' lang='lat' dir='ltr'><strong>verum</strong></span> <span class='ocrx_word' id='word_1_100' title='bbox 713 1373 782 1416; x_wconf 87' lang='lat' dir='ltr'><strong>esse</strong></span> <span class='ocrx_word' id='word_1_101' title='bbox 795 1355 925 1434; x_wconf 89' lang='lat' dir='ltr'><strong>sincere,</strong></span> <span class='ocrx_word' id='word_1_102' title='bbox 942 1355 1192 1439; x_wconf 85' lang='lat' dir='ltr'><strong>simpliciterque</strong></span> <span class='ocrx_word' id='word_1_103' title='bbox 1204 1339 1408 1434; x_wconf 59' lang='lat' dir='ltr'><strong>credamua&#39;</strong></span> <span class='ocrx_word' id='word_1_104' title='bbox 1400 1365 1466 1418; x_wconf 86' lang='lat' dir='ltr'><strong>rtem</strong></span> 
     </span>
     <span class='ocr_line' id='line_1_11' title="bbox 173 1457 1467 1548; baseline 0.004 -28"><span class='ocrx_word' id='word_1_105' title='bbox 173 1473 239 1520; x_wconf 88' lang='lat' dir='ltr'><strong>non</strong></span> <span class='ocrx_word' id='word_1_106' title='bbox 255 1467 321 1519; x_wconf 89' lang='lat' dir='ltr'><strong>tam</strong></span> <span class='ocrx_word' id='word_1_107' title='bbox 336 1457 456 1539; x_wconf 89' lang='lat' dir='ltr'><strong>quale</strong></span> <span class='ocrx_word' id='word_1_108' title='bbox 448 1469 573 1522; x_wconf 84' lang='lat' dir='ltr'><strong>interno</strong></span> <span class='ocrx_word' id='word_1_109' title='bbox 598 1462 715 1524; x_wconf 88' lang='lat' dir='ltr'><strong>mentis</strong></span> <span class='ocrx_word' id='word_1_110' title='bbox 731 1464 890 1544; x_wconf 90' lang='lat' dir='ltr'><strong>proposito</strong></span> <span class='ocrx_word' id='word_1_111' title='bbox 906 1461 1087 1544; x_wconf 86' lang='lat' dir='ltr'><strong>retinemus,</strong></span> <span class='ocrx_word' id='word_1_112' title='bbox 1110 1485 1210 1548; x_wconf 90' lang='lat' dir='ltr'><strong>quam</strong></span> <span class='ocrx_word' id='word_1_113' title='bbox 1225 1463 1322 1546; x_wconf 90' lang='lat' dir='ltr'><strong>quale</strong></span> <span class='ocrx_word' id='word_1_114' title='bbox 1336 1463 1467 1527; x_wconf 88' lang='lat' dir='ltr'><strong>intellec·</strong></span> 
     </span>
     <span class='ocr_line' id='line_1_12' title="bbox 174 1568 1467 1656; baseline 0.002 -26"><span class='ocrx_word' id='word_1_115' title='bbox 174 1577 262 1631; x_wconf 88' lang='lat' dir='ltr'><strong>turos</strong></span> <span class='ocrx_word' id='word_1_116' title='bbox 277 1568 445 1633; x_wconf 83' lang='lat' dir='ltr'><strong>audientes</strong></span> <span class='ocrx_word' id='word_1_117' title='bbox 461 1569 696 1652; x_wconf 87' lang='lat' dir='ltr'><strong>praevidemus,</strong></span> <span class='ocrx_word' id='word_1_118' title='bbox 722 1591 794 1634; x_wconf 87' lang='lat' dir='ltr'><strong>can.</strong></span> <span class='ocrx_word' id='word_1_119' title='bbox 811 1573 840 1635; x_wconf 88' lang='grc'><strong>9</strong></span> <span class='ocrx_word' id='word_1_120' title='bbox 856 1593 944 1636; x_wconf 84' lang='lat' dir='ltr'><strong>catis.</strong></span> <span class='ocrx_word' id='word_1_121' title='bbox 960 1571 1010 1636; x_wconf 91' lang='grc'><strong>22.</strong></span> <span class='ocrx_word' id='word_1_122' title='bbox 1037 1583 1161 1656; x_wconf 87' lang='lat' dir='ltr'><strong>quaest.</strong></span> <span class='ocrx_word' id='word_1_123' title='bbox 1178 1575 1206 1637; x_wconf 89' lang='lat'><strong>5.</strong></span> <span class='ocrx_word' id='word_1_124' title='bbox 1209 1584 1331 1654; x_wconf 87' lang='lat' dir='ltr'><strong>,atque</strong></span> <span class='ocrx_word' id='word_1_125' title='bbox 1346 1571 1427 1635; x_wconf 81' lang='lat' dir='ltr'><strong>side</strong></span> <span class='ocrx_word' id='word_1_126' title='bbox 1440 1587 1467 1632; x_wconf 89' lang='lat' dir='ltr'><strong>re</strong></span> 
     </span>
     <span class='ocr_line' id='line_1_13' title="bbox 172 1677 1467 1765; baseline 0 -23"><span class='ocrx_word' id='word_1_127' title='bbox 172 1677 283 1742; x_wconf 82' lang='lat' dir='ltr'><strong>futura</strong></span> <span class='ocrx_word' id='word_1_128' title='bbox 309 1692 431 1762; x_wconf 84' lang='lat' dir='ltr'><strong>agatur,</strong></span> <span class='ocrx_word' id='word_1_129' title='bbox 457 1685 576 1760; x_wconf 72' lang='lat' dir='ltr'><strong>quaen</strong></span> <span class='ocrx_word' id='word_1_130' title='bbox 603 1690 712 1742; x_wconf 87' lang='lat' dir='ltr'><strong>nostra</strong></span> <span class='ocrx_word' id='word_1_131' title='bbox 738 1679 877 1762; x_wconf 86' lang='lat' dir='ltr'><strong>pendeat</strong></span> <span class='ocrx_word' id='word_1_132' title='bbox 902 1677 1077 1759; x_wconf 89' lang='lat' dir='ltr'><strong>voluntate,</strong></span> <span class='ocrx_word' id='word_1_133' title='bbox 1105 1693 1219 1744; x_wconf 90' lang='lat' dir='ltr'><strong>utnon</strong></span> <span class='ocrx_word' id='word_1_134' title='bbox 1230 1681 1388 1765; x_wconf 87' lang='lat' dir='ltr'><strong>juremus,</strong></span> <span class='ocrx_word' id='word_1_135' title='bbox 1413 1677 1467 1742; x_wconf 89' lang='lat' dir='ltr'><strong>uisi</strong></span> 
     </span>
     <span class='ocr_line' id='line_1_14' title="bbox 172 1769 1465 1871; baseline -0.001 -22"><span class='ocrx_word' id='word_1_136' title='bbox 172 1787 259 1870; x_wconf 91' lang='lat' dir='ltr'><strong>quod</strong></span> <span class='ocrx_word' id='word_1_137' title='bbox 275 1807 333 1850; x_wconf 90' lang='lat' dir='ltr'><strong>nos</strong></span> <span class='ocrx_word' id='word_1_138' title='bbox 345 1769 486 1850; x_wconf 82' lang='lat' dir='ltr'><strong>facturos</strong></span> <span class='ocrx_word' id='word_1_139' title='bbox 499 1787 569 1851; x_wconf 90' lang='lat' dir='ltr'><strong>sine</strong></span> <span class='ocrx_word' id='word_1_140' title='bbox 584 1785 724 1866; x_wconf 86' lang='lat' dir='ltr'><strong>fallacia,</strong></span> <span class='ocrx_word' id='word_1_141' title='bbox 740 1799 772 1850; x_wconf 89' lang='lat' dir='ltr'><strong>et</strong></span> <span class='ocrx_word' id='word_1_142' title='bbox 783 1787 943 1850; x_wconf 87' lang='lat' dir='ltr'><strong>constanti</strong></span> <span class='ocrx_word' id='word_1_143' title='bbox 955 1785 1110 1870; x_wconf 85' lang='lat' dir='ltr'><strong>implendi</strong></span> <span class='ocrx_word' id='word_1_144' title='bbox 1123 1787 1465 1871; x_wconf 84' lang='lat' dir='ltr'><strong>unimospoudeamns.</strong></span> 
     </span>
     <span class='ocr_line' id='line_1_15' title="bbox 172 1895 1465 1980; baseline -0.001 -20"><span class='ocrx_word' id='word_1_145' title='bbox 172 1895 347 1975; x_wconf 90' lang='lat' dir='ltr'><strong>Judicium,</strong></span> <span class='ocrx_word' id='word_1_146' title='bbox 365 1906 479 1958; x_wconf 91' lang='lat' dir='ltr'><strong>utnon</strong></span> <span class='ocrx_word' id='word_1_147' title='bbox 496 1895 723 1977; x_wconf 86' lang='lat' dir='ltr'><strong>imprudenter,</strong></span> <span class='ocrx_word' id='word_1_148' title='bbox 747 1915 812 1958; x_wconf 93' lang='lat' dir='ltr'><strong>uon</strong></span> <span class='ocrx_word' id='word_1_149' title='bbox 829 1907 953 1976; x_wconf 86' lang='lat' dir='ltr'><strong>temere,</strong></span> <span class='ocrx_word' id='word_1_150' title='bbox 970 1917 1035 1960; x_wconf 90' lang='lat' dir='ltr'><strong>non</strong></span> <span class='ocrx_word' id='word_1_151' title='bbox 1051 1899 1121 1960; x_wconf 88' lang='lat' dir='ltr'><strong>siue</strong></span> <span class='ocrx_word' id='word_1_152' title='bbox 1136 1899 1228 1980; x_wconf 85' lang='lat' dir='ltr'><strong>gravi</strong></span> <span class='ocrx_word' id='word_1_153' title='bbox 1247 1917 1350 1962; x_wconf 88' lang='lat' dir='ltr'><strong>causa</strong></span> <span class='ocrx_word' id='word_1_154' title='bbox 1367 1897 1465 1961; x_wconf 86' lang='lat' dir='ltr'><strong>Deum</strong></span> 
     </span>
     <span class='ocr_line' id='line_1_16' title="bbox 172 2001 1464 2079; baseline 0.005 -15"><span class='ocrx_word' id='word_1_155' title='bbox 172 2011 335 2079; x_wconf 87' lang='lat' dir='ltr'><strong>testemur,</strong></span> <span class='ocrx_word' id='word_1_156' title='bbox 362 2019 403 2062; x_wconf 89' lang='lat' dir='ltr'><strong>nc</strong></span> <span class='ocrx_word' id='word_1_157' title='bbox 418 2001 458 2062; x_wconf 91' lang='lat' dir='ltr'><strong>de</strong></span> <span class='ocrx_word' id='word_1_158' title='bbox 474 2001 569 2063; x_wconf 90' lang='lat' dir='ltr'><strong>rebus</strong></span> <span class='ocrx_word' id='word_1_159' title='bbox 594 2003 746 2066; x_wconf 89' lang='lat' dir='ltr'><strong>inanibus</strong></span> <span class='ocrx_word' id='word_1_160' title='bbox 772 2005 1029 2068; x_wconf 87' lang='lat' dir='ltr'><strong>sacratissimum</strong></span> <span class='ocrx_word' id='word_1_161' title='bbox 1056 2002 1189 2069; x_wconf 92' lang='lat' dir='ltr'><strong>Domini</strong></span> <span class='ocrx_word' id='word_1_162' title='bbox 1204 2025 1325 2070; x_wconf 87' lang='lat' dir='ltr'><strong>nomen</strong></span> <span class='ocrx_word' id='word_1_163' title='bbox 1347 2007 1464 2070; x_wconf 83' lang='lat' dir='ltr'><strong>invoce-</strong></span> 
     </span>
     <span class='ocr_line' id='line_1_17' title="bbox 173 2109 1516 2196; baseline -0.001 -21"><span class='ocrx_word' id='word_1_164' title='bbox 173 2129 259 2175; x_wconf 90' lang='lat' dir='ltr'><strong>mus.</strong></span> <span class='ocrx_word' id='word_1_165' title='bbox 302 2109 477 2189; x_wconf 88' lang='lat' dir='ltr'><strong>Justiliam,</strong></span> <span class='ocrx_word' id='word_1_166' title='bbox 493 2119 529 2173; x_wconf 90' lang='lat' dir='ltr'><strong>ut</strong></span> <span class='ocrx_word' id='word_1_167' title='bbox 545 2109 624 2172; x_wconf 89' lang='lat' dir='ltr'><strong>nilril</strong></span> <span class='ocrx_word' id='word_1_168' title='bbox 642 2121 741 2194; x_wconf 89' lang='lat' dir='ltr'><strong>turpe,</strong></span> <span class='ocrx_word' id='word_1_169' title='bbox 758 2109 938 2175; x_wconf 81' lang='lat' dir='ltr'><strong>autminus</strong></span> <span class='ocrx_word' id='word_1_170' title='bbox 953 2111 1126 2176; x_wconf 89' lang='lat' dir='ltr'><strong>honestum</strong></span> <span class='ocrx_word' id='word_1_171' title='bbox 1143 2112 1252 2196; x_wconf 87' lang='lat' dir='ltr'><strong>datam</strong></span> <span class='ocrx_word' id='word_1_172' title='bbox 1264 2109 1466 2196; x_wconf 85' lang='lat' dir='ltr'><strong>jurisjurandi</strong></span> <span class='ocrx_word' id='word_1_173' title='bbox 1512 2131 1516 2138; x_wconf 93' lang='lat'>·</span> 
     </span>
     <span class='ocr_line' id='line_1_18' title="bbox 173 2215 1467 2304; baseline -0.006 -16"><span class='ocrx_word' id='word_1_174' title='bbox 173 2221 272 2288; x_wconf 89' lang='lat' dir='ltr'><strong>fidem</strong></span> <span class='ocrx_word' id='word_1_175' title='bbox 289 2215 430 2302; x_wconf 91' lang='lat' dir='ltr'><strong>poliuere</strong></span> <span class='ocrx_word' id='word_1_176' title='bbox 446 2219 687 2300; x_wconf 90' lang='lat' dir='ltr'><strong>quoquomodo</strong></span> <span class='ocrx_word' id='word_1_177' title='bbox 702 2219 810 2304; x_wconf 89' lang='lat' dir='ltr'><strong>possit;</strong></span> <span class='ocrx_word' id='word_1_178' title='bbox 828 2221 908 2282; x_wconf 88' lang='lat' dir='ltr'><strong>istae</strong></span> <span class='ocrx_word' id='word_1_179' title='bbox 923 2221 1009 2282; x_wconf 91' lang='lat' dir='ltr'><strong>cuim</strong></span> <span class='ocrx_word' id='word_1_180' title='bbox 1027 2217 1253 2301; x_wconf 86' lang='lat' dir='ltr'><strong>promissiones</strong></span> <span class='ocrx_word' id='word_1_181' title='bbox 1267 2219 1315 2282; x_wconf 89' lang='lat' dir='ltr'><strong>uti</strong></span> <span class='ocrx_word' id='word_1_182' title='bbox 1331 2228 1408 2280; x_wconf 89' lang='lat' dir='ltr'><strong>sunt</strong></span> <span class='ocrx_word' id='word_1_183' title='bbox 1422 2215 1467 2280; x_wconf 78' lang='lat' dir='ltr'><strong>de</strong></span> 
     </span>
     <span class='ocr_line' id='line_1_19' title="bbox 172 2323 1465 2411; baseline -0.007 -17"><span class='ocrx_word' id='word_1_184' title='bbox 172 2327 335 2395; x_wconf 89' lang='lat' dir='ltr'><strong>testabiies</strong></span> <span class='ocrx_word' id='word_1_185' title='bbox 351 2325 438 2410; x_wconf 89' lang='lat' dir='ltr'><strong>apud</strong></span> <span class='ocrx_word' id='word_1_186' title='bbox 455 2327 572 2406; x_wconf 91' lang='lat' dir='ltr'><strong>Deum,</strong></span> <span class='ocrx_word' id='word_1_187' title='bbox 600 2327 645 2390; x_wconf 89' lang='lat' dir='ltr'><strong>ita</strong></span> <span class='ocrx_word' id='word_1_188' title='bbox 661 2327 730 2409; x_wconf 89' lang='lat' dir='ltr'><strong>ipso</strong></span> <span class='ocrx_word' id='word_1_189' title='bbox 741 2323 812 2411; x_wconf 81' lang='lat' dir='ltr'><strong>jure</strong></span> <span class='ocrx_word' id='word_1_190' title='bbox 828 2327 1006 2407; x_wconf 88' lang='lat' dir='ltr'><strong>solvuntur,</strong></span> <span class='ocrx_word' id='word_1_191' title='bbox 1023 2345 1096 2390; x_wconf 88' lang='lat' dir='ltr'><strong>can.</strong></span> <span class='ocrx_word' id='word_1_192' title='bbox 1120 2329 1146 2390; x_wconf 92' lang='lat' dir='ltr'><strong>l.</strong></span> <span class='ocrx_word' id='word_1_193' title='bbox 1163 2327 1202 2405; x_wconf 85' lang='grc'><strong>2.,</strong></span> <span class='ocrx_word' id='word_1_194' title='bbox 1218 2336 1249 2389; x_wconf 88' lang='lat' dir='ltr'><strong>et</strong></span> <span class='ocrx_word' id='word_1_195' title='bbox 1264 2326 1465 2408; x_wconf 88' lang='lat' dir='ltr'><strong>sequentibus</strong></span> 
     </span>
     <span class='ocr_line' id='line_1_20' title="bbox 171 2431 1465 2520; baseline -0.005 -15"><span class='ocrx_word' id='word_1_196' title='bbox 171 2457 261 2505; x_wconf 80' lang='lat' dir='ltr'><strong>caus.</strong></span> <span class='ocrx_word' id='word_1_197' title='bbox 277 2437 328 2502; x_wconf 82' lang='lat'><strong>22.</strong></span> <span class='ocrx_word' id='word_1_198' title='bbox 344 2445 469 2520; x_wconf 89' lang='lat' dir='ltr'><strong>quaest.</strong></span> <span class='ocrx_word' id='word_1_199' title='bbox 493 2437 532 2516; x_wconf 88' lang='grc'><strong>4.,</strong></span> <span class='ocrx_word' id='word_1_200' title='bbox 549 2447 580 2499; x_wconf 89' lang='lat' dir='ltr'><strong>et</strong></span> <span class='ocrx_word' id='word_1_201' title='bbox 594 2457 664 2518; x_wconf 89' lang='lat' dir='ltr'><strong>cap.</strong></span> <span class='ocrx_word' id='word_1_202' title='bbox 684 2437 730 2500; x_wconf 85' lang='grc'><strong>18.</strong></span> <span class='ocrx_word' id='word_1_203' title='bbox 759 2437 807 2500; x_wconf 84' lang='grc'><strong>19.</strong></span> <span class='ocrx_word' id='word_1_204' title='bbox 824 2439 874 2499; x_wconf 89' lang='grc'><strong>21.</strong></span> <span class='ocrx_word' id='word_1_205' title='bbox 891 2433 950 2516; x_wconf 84' lang='lat'><strong>23,</strong></span> <span class='ocrx_word' id='word_1_206' title='bbox 966 2447 997 2499; x_wconf 92' lang='lat' dir='ltr'><strong>et</strong></span> <span class='ocrx_word' id='word_1_207' title='bbox 1021 2435 1065 2500; x_wconf 81' lang='grc'><strong>27</strong></span> <span class='ocrx_word' id='word_1_208' title='bbox 1094 2435 1134 2498; x_wconf 90' lang='lat' dir='ltr'><strong>de</strong></span> <span class='ocrx_word' id='word_1_209' title='bbox 1144 2431 1344 2520; x_wconf 87' lang='lat' dir='ltr'><strong>jurejtuand.</strong></span> <span class='ocrx_word' id='word_1_210' title='bbox 1389 2433 1465 2498; x_wconf 84' lang='lat' dir='ltr'><strong>Cum</strong></span> 
     </span>
     <span class='ocr_line' id='line_1_21' title="bbox 171 2541 1466 2628; baseline -0.002 -20"><span class='ocrx_word' id='word_1_211' title='bbox 171 2563 248 2608; x_wconf 83' lang='lat' dir='ltr'><strong>vero</strong></span> <span class='ocrx_word' id='word_1_212' title='bbox 258 2543 486 2628; x_wconf 85' lang='lat' dir='ltr'><strong>jusjurandum</strong></span> <span class='ocrx_word' id='word_1_213' title='bbox 514 2541 572 2606; x_wconf 88' lang='lat' dir='ltr'><strong>fiat</strong></span> <span class='ocrx_word' id='word_1_214' title='bbox 587 2563 627 2606; x_wconf 83' lang='lat' dir='ltr'><strong>ex</strong></span> <span class='ocrx_word' id='word_1_215' title='bbox 644 2545 802 2606; x_wconf 87' lang='lat' dir='ltr'><strong>sententia</strong></span> <span class='ocrx_word' id='word_1_216' title='bbox 817 2543 918 2607; x_wconf 89' lang='lat' dir='ltr'><strong>animi</strong></span> <span class='ocrx_word' id='word_1_217' title='bbox 930 2543 1077 2628; x_wconf 87' lang='lat' dir='ltr'><strong>jurantis,</strong></span> <span class='ocrx_word' id='word_1_218' title='bbox 1104 2545 1319 2608; x_wconf 87' lang='lat' dir='ltr'><strong>certissimum</strong></span> <span class='ocrx_word' id='word_1_219' title='bbox 1334 2555 1392 2623; x_wconf 82' lang='lat' dir='ltr'><strong>est,</strong></span> <span class='ocrx_word' id='word_1_220' title='bbox 1407 2562 1466 2626; x_wconf 89' lang='lat' dir='ltr'><strong>pcr-</strong></span> 
     </span>
     <span class='ocr_line' id='line_1_22' title="bbox 165 2643 1465 2740; baseline -0.007 -22"><span class='ocrx_word' id='word_1_221' title='bbox 165 2653 290 2740; x_wconf 90' lang='lat' dir='ltr'><strong>jurium</strong></span> <span class='ocrx_word' id='word_1_222' title='bbox 316 2651 417 2716; x_wconf 86' lang='lat' dir='ltr'><strong>veluti</strong></span> <span class='ocrx_word' id='word_1_223' title='bbox 443 2651 582 2734; x_wconf 86' lang='lat' dir='ltr'><strong>gravius¹</strong></span> <span class='ocrx_word' id='word_1_224' title='bbox 600 2651 809 2715; x_wconf 86' lang='lat' dir='ltr'><strong>mendacium</strong></span> <span class='ocrx_word' id='word_1_225' title='bbox 828 2643 968 2736; x_wconf 86' lang='lat' dir='ltr'><strong>jurantis</strong></span> <span class='ocrx_word' id='word_1_226' title='bbox 994 2651 1138 2716; x_wconf 89' lang='lat' dir='ltr'><strong>animam</strong></span> <span class='ocrx_word' id='word_1_227' title='bbox 1164 2649 1344 2733; x_wconf 87' lang='lat' dir='ltr'><strong>inquinare.</strong></span> <span class='ocrx_word' id='word_1_228' title='bbox 1388 2647 1465 2714; x_wconf 83' lang='lat' dir='ltr'><strong>Hinc</strong></span> 
     </span>
     <span class='ocr_line' id='line_1_23' title="bbox 171 2745 1466 2848; baseline -0.005 -22"><span class='ocrx_word' id='word_1_229' title='bbox 171 2762 390 2848; x_wconf 85' lang='lat' dir='ltr'><strong>proficiscitur,</strong></span> <span class='ocrx_word' id='word_1_230' title='bbox 417 2756 661 2825; x_wconf 77' lang='lat' dir='ltr'><strong>universitatem</strong></span> <span class='ocrx_word' id='word_1_231' title='bbox 687 2779 791 2843; x_wconf 86' lang='lat' dir='ltr'><strong>neque</strong></span> <span class='ocrx_word' id='word_1_232' title='bbox 800 2761 1020 2846; x_wconf 86' lang='lat' dir='ltr'><strong>jurisjurandi,</strong></span> <span class='ocrx_word' id='word_1_233' title='bbox 1047 2781 1152 2844; x_wconf 84' lang='lat' dir='ltr'><strong>neque</strong></span> <span class='ocrx_word' id='word_1_234' title='bbox 1167 2745 1301 2846; x_wconf 46' lang='lat' dir='ltr'><strong>perjurii*</strong></span> <span class='ocrx_word' id='word_1_235' title='bbox 1318 2775 1466 2844; x_wconf 90' lang='lat' dir='ltr'><strong>capacem</strong></span> 
     </span>
     <span class='ocr_line' id='line_1_24' title="bbox 170 2865 1466 2954; baseline -0.001 -23"><span class='ocrx_word' id='word_1_236' title='bbox 170 2885 242 2932; x_wconf 84' lang='lat' dir='ltr'><strong>esse</strong></span> <span class='ocrx_word' id='word_1_237' title='bbox 257 2883 368 2951; x_wconf 87' lang='lat' dir='ltr'><strong>perse,</strong></span> <span class='ocrx_word' id='word_1_238' title='bbox 384 2885 460 2930; x_wconf 91' lang='lat' dir='ltr'><strong>curn</strong></span> <span class='ocrx_word' id='word_1_239' title='bbox 478 2887 536 2930; x_wconf 91' lang='lat' dir='ltr'><strong>nce</strong></span> <span class='ocrx_word' id='word_1_240' title='bbox 561 2867 708 2932; x_wconf 89' lang='lat' dir='ltr'><strong>animum</strong></span> <span class='ocrx_word' id='word_1_241' title='bbox 724 2869 851 2948; x_wconf 85' lang='lat' dir='ltr'><strong>habeat,</strong></span> <span class='ocrx_word' id='word_1_242' title='bbox 867 2865 959 2954; x_wconf 86' lang='lat' dir='ltr'><strong>cirJ&#39;us</strong></span> <span class='ocrx_word' id='word_1_243' title='bbox 975 2871 1134 2936; x_wconf 88' lang='lat' dir='ltr'><strong>sententia</strong></span> <span class='ocrx_word' id='word_1_244' title='bbox 1150 2871 1257 2934; x_wconf 89' lang='lat' dir='ltr'><strong>Deum</strong></span> <span class='ocrx_word' id='word_1_245' title='bbox 1279 2869 1378 2934; x_wconf 86' lang='lat' dir='ltr'><strong>derel</strong></span> <span class='ocrx_word' id='word_1_246' title='bbox 1395 2867 1466 2934; x_wconf 83' lang='lat' dir='ltr'><strong>veri·</strong></span> 
     </span>
     <span class='ocr_line' id='line_1_25' title="bbox 171 2963 1551 3064; baseline 0 -24"><span class='ocrx_word' id='word_1_247' title='bbox 171 2985 236 3040; x_wconf 87' lang='lat' dir='ltr'><strong>tate</strong></span> <span class='ocrx_word' id='word_1_248' title='bbox 252 2987 391 3055; x_wconf 87' lang='lat' dir='ltr'><strong>testetur,</strong></span> <span class='ocrx_word' id='word_1_249' title='bbox 418 2975 498 3039; x_wconf 89' lang='lat' dir='ltr'><strong>etin</strong></span> <span class='ocrx_word' id='word_1_250' title='bbox 514 2993 611 3058; x_wconf 90' lang='lat' dir='ltr'><strong>quem</strong></span> <span class='ocrx_word' id='word_1_251' title='bbox 628 2977 801 3060; x_wconf 73' lang='lat' dir='ltr'><strong>perjurium</strong></span> <span class='ocrx_word' id='word_1_252' title='bbox 817 2963 977 3058; x_wconf 86' lang='lat' dir='ltr'><strong>reseratur,</strong></span> <span class='ocrx_word' id='word_1_253' title='bbox 1004 2991 1195 3064; x_wconf 84' lang='lat' dir='ltr'><strong>argumento</strong></span> <span class='ocrx_word' id='word_1_254' title='bbox 1209 2999 1279 3062; x_wconf 88' lang='lat' dir='ltr'><strong>cap.</strong></span> <span class='ocrx_word' id='word_1_255' title='bbox 1301 2981 1332 3044; x_wconf 87' lang='lat'><strong>5.</strong></span> <span class='ocrx_word' id='word_1_256' title='bbox 1348 2977 1387 3042; x_wconf 89' lang='lat' dir='ltr'><strong>de</strong></span> <span class='ocrx_word' id='word_1_257' title='bbox 1402 2995 1467 3054; x_wconf 79' lang='lat' dir='ltr'><strong>scn-</strong></span> <span class='ocrx_word' id='word_1_258' title='bbox 1550 2983 1551 3060; x_wconf 57' lang='lat'><strong>,</strong></span> 
     </span>
     <span class='ocr_line' id='line_1_26' title="bbox 172 3071 1551 3174; baseline -0.001 -25"><span class='ocrx_word' id='word_1_259' title='bbox 172 3095 249 3150; x_wconf 83' lang='lat' dir='ltr'><strong>tent</strong></span> <span class='ocrx_word' id='word_1_260' title='bbox 265 3105 472 3148; x_wconf 86' lang='lat' dir='ltr'><strong>excommun.</strong></span> <span class='ocrx_word' id='word_1_261' title='bbox 490 3085 521 3149; x_wconf 91' lang='lat' dir='ltr'><strong>in</strong></span> <span class='ocrx_word' id='word_1_262' title='bbox 538 3087 576 3163; x_wconf 87' lang='grc'><strong>6.,</strong></span> <span class='ocrx_word' id='word_1_263' title='bbox 592 3105 795 3168; x_wconf 83' lang='lat' dir='ltr'><strong>quamquam</strong></span> <span class='ocrx_word' id='word_1_264' title='bbox 811 3071 1061 3170; x_wconf 79' lang='lat' dir='ltr'><strong>possitintelligi</strong></span> <span class='ocrx_word' id='word_1_265' title='bbox 1072 3090 1180 3174; x_wconf 87' lang='lat' dir='ltr'><strong>jurare</strong></span> <span class='ocrx_word' id='word_1_266' title='bbox 1197 3107 1251 3171; x_wconf 90' lang='lat' dir='ltr'><strong>per</strong></span> <span class='ocrx_word' id='word_1_267' title='bbox 1266 3085 1465 3169; x_wconf 88' lang='lat' dir='ltr'><strong>administros</strong></span> <span class='ocrx_word' id='word_1_268' title='bbox 1550 3083 1551 3098; x_wconf 62' lang='lat'>¹</span> 
     </span>
     <span class='ocr_line' id='line_1_27' title="bbox 172 3191 1465 3278; baseline -0.005 -20"><span class='ocrx_word' id='word_1_269' title='bbox 172 3193 330 3258; x_wconf 83' lang='lat' dir='ltr'><strong>exanimi</strong></span> <span class='ocrx_word' id='word_1_270' title='bbox 346 3193 408 3257; x_wconf 57' lang='lat' dir='ltr'><strong>sui*</strong></span> <span class='ocrx_word' id='word_1_271' title='bbox 426 3194 585 3256; x_wconf 76' lang='lat' dir='ltr'><strong>sententia</strong></span> <span class='ocrx_word' id='word_1_272' title='bbox 596 3191 749 3276; x_wconf 85' lang='lat' dir='ltr'><strong>jurantes,</strong></span> <span class='ocrx_word' id='word_1_273' title='bbox 777 3206 808 3256; x_wconf 95' lang='lat' dir='ltr'><strong>et</strong></span> <span class='ocrx_word' id='word_1_274' title='bbox 824 3195 856 3256; x_wconf 89' lang='lat' dir='ltr'><strong>iu</strong></span> <span class='ocrx_word' id='word_1_275' title='bbox 872 3193 1015 3258; x_wconf 87' lang='lat' dir='ltr'><strong>animam</strong></span> <span class='ocrx_word' id='word_1_276' title='bbox 1039 3213 1133 3258; x_wconf 88' lang='lat' dir='ltr'><strong>suam</strong></span> <span class='ocrx_word' id='word_1_277' title='bbox 1149 3194 1324 3278; x_wconf 69' lang='lat' dir='ltr'><strong>perjurium</strong></span> <span class='ocrx_word' id='word_1_278' title='bbox 1340 3191 1465 3258; x_wconf 87' lang='lat' dir='ltr'><strong>reseren-</strong></span> 
     </span>
     <span class='ocr_line' id='line_1_28' title="bbox 172 3291 1464 3388; baseline -0.002 -25"><span class='ocrx_word' id='word_1_279' title='bbox 172 3311 230 3380; x_wconf 88' lang='lat' dir='ltr'><strong>tes,</strong></span> <span class='ocrx_word' id='word_1_280' title='bbox 248 3299 267 3362; x_wconf 94' lang='lat' dir='ltr'><strong>l.</strong></span> <span class='ocrx_word' id='word_1_281' title='bbox 284 3297 334 3364; x_wconf 83' lang='grc'><strong>97.</strong></span> <span class='ocrx_word' id='word_1_282' title='bbox 350 3297 382 3362; x_wconf 82' lang='lat' dir='ltr'><strong>ff.</strong></span> <span class='ocrx_word' id='word_1_283' title='bbox 410 3298 450 3363; x_wconf 88' lang='lat' dir='ltr'><strong>de</strong></span> <span class='ocrx_word' id='word_1_284' title='bbox 466 3299 649 3378; x_wconf 89' lang='lat' dir='ltr'><strong>condition,</strong></span> <span class='ocrx_word' id='word_1_285' title='bbox 677 3311 708 3363; x_wconf 92' lang='lat' dir='ltr'><strong>ct</strong></span> <span class='ocrx_word' id='word_1_286' title='bbox 723 3291 941 3382; x_wconf 71' lang='lat' dir='ltr'><strong>demonstrat,</strong></span> <span class='ocrx_word' id='word_1_287' title='bbox 958 3322 1027 3385; x_wconf 93' lang='lat' dir='ltr'><strong>cap.</strong></span> <span class='ocrx_word' id='word_1_288' title='bbox 1043 3301 1072 3365; x_wconf 84' lang='lat'><strong>4.</strong></span> <span class='ocrx_word' id='word_1_289' title='bbox 1096 3301 1136 3365; x_wconf 90' lang='lat' dir='ltr'><strong>de</strong></span> <span class='ocrx_word' id='word_1_290' title='bbox 1145 3301 1263 3388; x_wconf 86' lang='lat' dir='ltr'><strong>J&#39;nram.</strong></span> <span class='ocrx_word' id='word_1_291' title='bbox 1280 3301 1342 3366; x_wconf 92' lang='lat' dir='ltr'><strong>cal.</strong></span> <span class='ocrx_word' id='word_1_292' title='bbox 1383 3299 1464 3364; x_wconf 86' lang='lat' dir='ltr'><strong>Hinc</strong></span> 
     </span>
     <span class='ocr_line' id='line_1_29' title="bbox 173 3407 1465 3493; baseline -0.005 -20"><span class='ocrx_word' id='word_1_293' title='bbox 173 3413 334 3493; x_wconf 85' lang='lat' dir='ltr'><strong>praeterea</strong></span> <span class='ocrx_word' id='word_1_294' title='bbox 350 3407 568 3492; x_wconf 85' lang='lat' dir='ltr'><strong>proficiscitur,</strong></span> <span class='ocrx_word' id='word_1_295' title='bbox 594 3421 831 3491; x_wconf 85' lang='lat' dir='ltr'><strong>procuratorem</strong></span> <span class='ocrx_word' id='word_1_296' title='bbox 847 3426 912 3473; x_wconf 88' lang='lat' dir='ltr'><strong>non</strong></span> <span class='ocrx_word' id='word_1_297' title='bbox 936 3407 1026 3474; x_wconf 87' lang='lat' dir='ltr'><strong>aliter</strong></span> <span class='ocrx_word' id='word_1_298' title='bbox 1042 3427 1097 3492; x_wconf 88' lang='lat' dir='ltr'><strong>pro</strong></span> <span class='ocrx_word' id='word_1_299' title='bbox 1118 3410 1296 3473; x_wconf 84' lang='lat' dir='ltr'><strong>mandante</strong></span> <span class='ocrx_word' id='word_1_300' title='bbox 1311 3407 1352 3472; x_wconf 89' lang='lat' dir='ltr'><strong>ad</strong></span> <span class='ocrx_word' id='word_1_301' title='bbox 1362 3407 1465 3492; x_wconf 89' lang='lat' dir='ltr'><strong>juran-</strong></span> 
     </span>
     <span class='ocr_line' id='line_1_30' title="bbox 171 3511 1464 3600; baseline -0.008 -20"><span class='ocrx_word' id='word_1_302' title='bbox 171 3515 252 3580; x_wconf 88' lang='lat' dir='ltr'><strong>dum</strong></span> <span class='ocrx_word' id='word_1_303' title='bbox 267 3513 392 3578; x_wconf 86' lang='lat' dir='ltr'><strong>admitti</strong></span> <span class='ocrx_word' id='word_1_304' title='bbox 394 3533 519 3598; x_wconf 89' lang='lat' dir='ltr'><strong>,quam</strong></span> <span class='ocrx_word' id='word_1_305' title='bbox 542 3519 567 3576; x_wconf 89' lang='lat' dir='ltr'><strong>si</strong></span> <span class='ocrx_word' id='word_1_306' title='bbox 585 3511 738 3578; x_wconf 86' lang='lat' dir='ltr'><strong>mandato</strong></span> <span class='ocrx_word' id='word_1_307' title='bbox 754 3515 796 3578; x_wconf 89' lang='lat' dir='ltr'><strong>ad</strong></span> <span class='ocrx_word' id='word_1_308' title='bbox 812 3515 844 3578; x_wconf 91' lang='lat' dir='ltr'><strong>id</strong></span> <span class='ocrx_word' id='word_1_309' title='bbox 860 3515 992 3598; x_wconf 86' lang='lat' dir='ltr'><strong>speciali</strong></span> <span class='ocrx_word' id='word_1_310' title='bbox 1008 3527 1156 3600; x_wconf 89' lang='lat' dir='ltr'><strong>suscepto</strong></span> <span class='ocrx_word' id='word_1_311' title='bbox 1182 3515 1216 3580; x_wconf 90' lang='lat' dir='ltr'><strong>iu</strong></span> <span class='ocrx_word' id='word_1_312' title='bbox 1232 3515 1374 3579; x_wconf 90' lang='lat' dir='ltr'><strong>animam</strong></span> <span class='ocrx_word' id='word_1_313' title='bbox 1384 3513 1464 3596; x_wconf 84' lang='lat' dir='ltr'><strong>Juret</strong></span> 
     </span>
     <span class='ocr_line' id='line_1_31' title="bbox 172 3619 1465 3710; baseline -0.002 -26"><span class='ocrx_word' id='word_1_314' title='bbox 172 3637 223 3684; x_wconf 86' lang='lat' dir='ltr'><strong>sut</strong></span> <span class='ocrx_word' id='word_1_315' title='bbox 240 3619 432 3703; x_wconf 81' lang='lat' dir='ltr'><strong>principalis</strong></span> <span class='ocrx_word' id='word_1_316' title='bbox 460 3621 696 3689; x_wconf 37' lang='lat' dir='ltr'><strong>tnfftacod.</strong></span> <span class='ocrx_word' id='word_1_317' title='bbox 723 3621 763 3686; x_wconf 94' lang='lat' dir='ltr'><strong>de</strong></span> <span class='ocrx_word' id='word_1_318' title='bbox 773 3621 971 3708; x_wconf 82' lang='lat' dir='ltr'><strong>JureJurand</strong></span> <span class='ocrx_word' id='word_1_319' title='bbox 1000 3637 1124 3710; x_wconf 86' lang='lat' dir='ltr'><strong>propter</strong></span> <span class='ocrx_word' id='word_1_320' title='bbox 1138 3625 1267 3704; x_wconf 87' lang='lat' dir='ltr'><strong>calum</strong></span> <span class='ocrx_word' id='word_1_321' title='bbox 1294 3643 1363 3708; x_wconf 85' lang='lat' dir='ltr'><strong>cap.</strong></span> <span class='ocrx_word' id='word_1_322' title='bbox 1384 3621 1413 3686; x_wconf 84' lang='lat'><strong>3.</strong></span> <span class='ocrx_word' id='word_1_323' title='bbox 1429 3619 1465 3683; x_wconf 88' lang='lat' dir='ltr'><strong>de</strong></span> 
     </span>
     <span class='ocr_line' id='line_1_32' title="bbox 167 3726 867 3812; baseline 0.01 -24"><span class='ocrx_word' id='word_1_324' title='bbox 167 3726 285 3810; x_wconf 85' lang='lat' dir='ltr'><strong>juram.</strong></span> <span class='ocrx_word' id='word_1_325' title='bbox 301 3727 494 3808; x_wconf 85' lang='lat' dir='ltr'><strong>calumniae,</strong></span> <span class='ocrx_word' id='word_1_326' title='bbox 510 3749 579 3812; x_wconf 87' lang='lat' dir='ltr'><strong>cap.</strong></span> <span class='ocrx_word' id='word_1_327' title='bbox 594 3731 623 3794; x_wconf 87' lang='lat'><strong>3.</strong></span> <span class='ocrx_word' id='word_1_328' title='bbox 641 3729 709 3794; x_wconf 89' lang='lat' dir='ltr'><strong>eod.</strong></span> <span class='ocrx_word' id='word_1_329' title='bbox 728 3735 772 3794; x_wconf 90' lang='lat' dir='ltr'><strong>tit</strong></span> <span class='ocrx_word' id='word_1_330' title='bbox 790 3732 867 3796; x_wconf 81' lang='grc' dir='ltr'><strong>ἰιι6.</strong></span> 
     </span>
    </p>

    <p class='ocr_par' dir='ltr' id='par_1_3' title="bbox 172 3831 1550 4140">
     <span class='ocr_line' id='line_1_33' title="bbox 215 3831 1463 3934; baseline 0.006 -40"><span class='ocrx_word' id='word_1_331' title='bbox 215 3831 331 3895; x_wconf 87' lang='lat' dir='ltr'><strong>Variae</strong></span> <span class='ocrx_word' id='word_1_332' title='bbox 345 3844 377 3897; x_wconf 86' lang='lat' dir='ltr'><strong>et</strong></span> <span class='ocrx_word' id='word_1_333' title='bbox 391 3833 467 3897; x_wconf 88' lang='lat' dir='ltr'><strong>olim</strong></span> <span class='ocrx_word' id='word_1_334' title='bbox 483 3836 622 3917; x_wconf 83' lang='lat' dir='ltr'><strong>suerunt,</strong></span> <span class='ocrx_word' id='word_1_335' title='bbox 638 3853 670 3901; x_wconf 89' lang='lat' dir='ltr'><strong>et</strong></span> <span class='ocrx_word' id='word_1_336' title='bbox 685 3835 780 3902; x_wconf 80' lang='lat' dir='ltr'><strong>hodie‘</strong></span> <span class='ocrx_word' id='word_1_337' title='bbox 796 3849 871 3903; x_wconf 91' lang='lat' dir='ltr'><strong>sunt</strong></span> <span class='ocrx_word' id='word_1_338' title='bbox 881 3837 1064 3926; x_wconf 83' lang='lat' dir='ltr'><strong>jusjurandi</strong></span> <span class='ocrx_word' id='word_1_339' title='bbox 1080 3834 1247 3934; x_wconf 67' lang='lat' dir='ltr'><strong>[simulam</strong></span> <span class='ocrx_word' id='word_1_340' title='bbox 1265 3839 1463 3925; x_wconf 84' lang='lat' dir='ltr'><strong>nequeenim</strong></span> 
     </span>
     <span class='ocr_line' id='line_1_34' title="bbox 173 3941 1463 4032; baseline 0.003 -30"><span class='ocrx_word' id='word_1_341' title='bbox 173 3941 280 4005; x_wconf 87' lang='lat' dir='ltr'><strong>solum</strong></span> <span class='ocrx_word' id='word_1_342' title='bbox 301 3944 409 4026; x_wconf 87' lang='lat' dir='ltr'><strong>jurare</strong></span> <span class='ocrx_word' id='word_1_343' title='bbox 434 3943 630 4026; x_wconf 85' lang='lat' dir='ltr'><strong>intelligitur,</strong></span> <span class='ocrx_word' id='word_1_344' title='bbox 656 3947 713 4028; x_wconf 92' lang='lat' dir='ltr'><strong>qui</strong></span> <span class='ocrx_word' id='word_1_345' title='bbox 740 3949 847 4013; x_wconf 89' lang='lat' dir='ltr'><strong>Deum</strong></span> <span class='ocrx_word' id='word_1_346' title='bbox 873 3967 1032 4032; x_wconf 86' lang='lat' dir='ltr'><strong>expresse,</strong></span> <span class='ocrx_word' id='word_1_347' title='bbox 1058 3959 1089 4014; x_wconf 88' lang='lat' dir='ltr'><strong>et</strong></span> <span class='ocrx_word' id='word_1_348' title='bbox 1104 3947 1225 4012; x_wconf 88' lang='lat' dir='ltr'><strong>directo</strong></span> <span class='ocrx_word' id='word_1_349' title='bbox 1251 3959 1386 4026; x_wconf 89' lang='lat' dir='ltr'><strong>testetur,</strong></span> <span class='ocrx_word' id='word_1_350' title='bbox 1409 3941 1463 4006; x_wconf 84' lang='lat' dir='ltr'><strong>sed</strong></span> 
     </span>
     <span class='ocr_line' id='line_1_35' title="bbox 172 4051 1463 4139; baseline -0.001 -23"><span class='ocrx_word' id='word_1_351' title='bbox 172 4051 270 4116; x_wconf 87' lang='lat' dir='ltr'><strong>etiam</strong></span> <span class='ocrx_word' id='word_1_352' title='bbox 285 4053 341 4134; x_wconf 92' lang='lat' dir='ltr'><strong>qui</strong></span> <span class='ocrx_word' id='word_1_353' title='bbox 357 4071 404 4133; x_wconf 86' lang='lat' dir='ltr'><strong>ea,</strong></span> <span class='ocrx_word' id='word_1_354' title='bbox 420 4053 454 4116; x_wconf 89' lang='lat' dir='ltr'><strong>in</strong></span> <span class='ocrx_word' id='word_1_355' title='bbox 479 4054 597 4136; x_wconf 89' lang='lat' dir='ltr'><strong>quibus</strong></span> <span class='ocrx_word' id='word_1_356' title='bbox 616 4053 673 4118; x_wconf 84' lang='lat' dir='ltr'><strong>Dei</strong></span> <span class='ocrx_word' id='word_1_357' title='bbox 690 4075 808 4121; x_wconf 87' lang='lat' dir='ltr'><strong>nornen</strong></span> <span class='ocrx_word' id='word_1_358' title='bbox 834 4057 929 4119; x_wconf 87' lang='lat' dir='ltr'><strong>tacite</strong></span> <span class='ocrx_word' id='word_1_359' title='bbox 944 4075 1059 4120; x_wconf 87' lang='lat' dir='ltr'><strong>vocare</strong></span> <span class='ocrx_word' id='word_1_360' title='bbox 1074 4055 1272 4139; x_wconf 85' lang='lat' dir='ltr'><strong>intelligitur.</strong></span> <span class='ocrx_word' id='word_1_361' title='bbox 1315 4055 1398 4120; x_wconf 83' lang='lat' dir='ltr'><strong>Hine</strong></span> <span class='ocrx_word' id='word_1_362' title='bbox 1410 4051 1463 4116; x_wconf 89' lang='lat' dir='ltr'><strong>Ju·</strong></span> 
     </span>
    </p>

    <p class='ocr_par' dir='ltr' id='par_1_4' title="bbox 100 4149 1550 4464">
     <span class='ocr_line' id='line_1_36' title="bbox 124 4149 1550 4261; baseline 0.001 -38"><span class='ocrx_word' id='word_1_363' title='bbox 124 4149 128 4156; x_wconf 79' lang='grc'><strong>’</strong></span> <span class='ocrx_word' id='word_1_364' title='bbox 173 4159 255 4241; x_wconf 84' lang='lat' dir='ltr'><strong>deci,</strong></span> <span class='ocrx_word' id='word_1_365' title='bbox 271 4164 317 4225; x_wconf 94' lang='lat' dir='ltr'><strong>uti</strong></span> <span class='ocrx_word' id='word_1_366' title='bbox 334 4162 434 4244; x_wconf 88' lang='lat' dir='ltr'><strong>liquet</strong></span> <span class='ocrx_word' id='word_1_367' title='bbox 458 4183 499 4225; x_wconf 81' lang='lat' dir='ltr'><strong>ex</strong></span> <span class='ocrx_word' id='word_1_368' title='bbox 518 4161 648 4226; x_wconf 88' lang='lat' dir='ltr'><strong>laudato</strong></span> <span class='ocrx_word' id='word_1_369' title='bbox 665 4163 838 4246; x_wconf 82' lang='lat' dir='ltr'><strong>Evangelii</strong></span> <span class='ocrx_word' id='word_1_370' title='bbox 860 4175 1078 4245; x_wconf 89' lang='lat' dir='ltr'><strong>monumento,</strong></span> <span class='ocrx_word' id='word_1_371' title='bbox 1089 4165 1244 4250; x_wconf 87' lang='lat' dir='ltr'><strong>jurabant</strong></span> <span class='ocrx_word' id='word_1_372' title='bbox 1265 4185 1320 4249; x_wconf 91' lang='lat' dir='ltr'><strong>per</strong></span> <span class='ocrx_word' id='word_1_373' title='bbox 1332 4161 1461 4238; x_wconf 87' lang='lat' dir='ltr'><strong>coelum,</strong></span> <span class='ocrx_word' id='word_1_374' title='bbox 1549 4167 1550 4261; x_wconf 91' lang='lat' dir='ltr'>J</span> 
     </span>
     <span class='ocr_line' id='line_1_37' title="bbox 100 4263 1462 4354; baseline -0.005 -20"><span class='ocrx_word' id='word_1_375' title='bbox 100 4323 106 4334; x_wconf 84' lang='lat'><strong>.</strong></span> <span class='ocrx_word' id='word_1_376' title='bbox 173 4285 230 4352; x_wconf 86' lang='lat' dir='ltr'><strong>per</strong></span> <span class='ocrx_word' id='word_1_377' title='bbox 245 4279 368 4350; x_wconf 87' lang='lat' dir='ltr'><strong>terram,</strong></span> <span class='ocrx_word' id='word_1_378' title='bbox 394 4289 450 4354; x_wconf 88' lang='lat' dir='ltr'><strong>per</strong></span> <span class='ocrx_word' id='word_1_379' title='bbox 464 4279 563 4353; x_wconf 86' lang='lat' dir='ltr'><strong>caput</strong></span> <span class='ocrx_word' id='word_1_380' title='bbox 577 4290 684 4334; x_wconf 88' lang='lat' dir='ltr'><strong>suum.</strong></span> <span class='ocrx_word' id='word_1_381' title='bbox 729 4271 921 4336; x_wconf 84' lang='lat' dir='ltr'><strong>Christianis</strong></span> <span class='ocrx_word' id='word_1_382' title='bbox 946 4271 1079 4334; x_wconf 89' lang='lat' dir='ltr'><strong>minime</strong></span> <span class='ocrx_word' id='word_1_383' title='bbox 1093 4269 1286 4354; x_wconf 84' lang='lat' dir='ltr'><strong>placuerunt</strong></span> <span class='ocrx_word' id='word_1_384' title='bbox 1309 4271 1384 4333; x_wconf 88' lang='lat' dir='ltr'><strong>istae</strong></span> <span class='ocrx_word' id='word_1_385' title='bbox 1406 4263 1462 4328; x_wconf 85' lang='lat' dir='ltr'><strong>tor-</strong></span> 
     </span>
     <span class='ocr_line' id='line_1_38' title="bbox 173 4374 1462 4464; baseline -0.004 -24"><span class='ocrx_word' id='word_1_386' title='bbox 173 4375 302 4458; x_wconf 81' lang='lat' dir='ltr'><strong>mulae,</strong></span> <span class='ocrx_word' id='word_1_387' title='bbox 318 4379 387 4442; x_wconf 84' lang='lat' dir='ltr'><strong>sive</strong></span> <span class='ocrx_word' id='word_1_388' title='bbox 402 4377 488 4461; x_wconf 87' lang='lat' dir='ltr'><strong>quod</strong></span> <span class='ocrx_word' id='word_1_389' title='bbox 504 4379 700 4463; x_wconf 81' lang='lat' dir='ltr'><strong>improbatae</strong></span> <span class='ocrx_word' id='word_1_390' title='bbox 726 4379 759 4444; x_wconf 87' lang='lat' dir='ltr'><strong>iu</strong></span> <span class='ocrx_word' id='word_1_391' title='bbox 775 4379 957 4464; x_wconf 83' lang='lat' dir='ltr'><strong>Evangelio</strong></span> <span class='ocrx_word' id='word_1_392' title='bbox 971 4379 1098 4461; x_wconf 81' lang='lat' dir='ltr'><strong>fuerint,</strong></span> <span class='ocrx_word' id='word_1_393' title='bbox 1120 4374 1392 4464; x_wconf 87' lang='lat' dir='ltr'><strong>quemadmodum</strong></span> <span class='ocrx_word' id='word_1_394' title='bbox 1413 4387 1462 4436; x_wconf 88' lang='lat' dir='ltr'><strong>su·</strong></span> 
     </span>
    </p>
   </div>
   <div class='ocr_carea' id='block_1_3' title="bbox 0 0 1572 4984">
    <p class='ocr_par' dir='ltr' id='par_1_5' title="bbox 0 0 1572 4984">
     <span class='ocr_line' id='line_1_39' title="bbox 0 0 1572 4984; baseline 0 0"><span class='ocrx_word' id='word_1_395' title='bbox 0 0 1572 4984; x_wconf 95' lang='lat' dir='ltr'><strong> </strong></span> 
     </span>
    </p>
   </div>
  </div>
 </body>
</html>
