3276 4984
188 379 231 442 ld
290 409 308 446 .’
500 440 505 450 ,
559 383 1233 462 sescenisnummis.11„··.

187 519 440 601 que-consensui
450 553 453 567 ·
465 521 659 602 explicando
674 523 856 606 incapaces
884 525 985 588 immo
999 533 1029 588 et
1048 527 1083 590 *si
1097 523 1184 607 quid'
1202 525 1237 590 in
1252 524 1315 588 bac
1337 535 1425 608 parte
1440 523 1495 588 de-

189 629 310 708 fuisset,
335 630 545 712 supplebatur
570 642 727 712 potestate
753 632 832 714 legis
858 635 1093 714 praesumentis
1115 634 1274 715 optimum
1299 632 1365 698 fore
1390 634 1494 698 cousi-

188 738 278 818 lium,
294 741 379 821 qued
396 747 416 804 a
432 742 619 822 parentibus
633 761 688 822 pro
704 743 779 806 filiis
794 745 1015 825 impuberibus
1029 757 1203 828 caperetur.
1248 746 1426 826 Postquam
1442 765 1493 807 ve·

189 865 222 908 ro
237 846 361 926 aliquid
376 848 517 929 amplius
532 848 566 910 in
582 849 786 929 sponsalibus
803 850 944 930 requiriri
973 852 1085 933 coepit,
1101 862 1138 914 ut
1151 851 1274 914 scilicet
1286 852 1375 914 filiae
1389 853 1495 932 impu-

190 957 279 1020 beres
296 977 361 1020 non
378 969 505 1024 tanturn
521 977 586 1022 non
612 960 872 1038 contradicerent,
889 961 946 1024 sed
961 974 993 1024 et
1014 965 1238 1040 consentirent,
1256 963 1494 1050 nimirnmlvim

188 1087 253 1130 non
270 1067 430 1132 debebant
452 1071 570 1132 habere
596 1070 784 1152 hujusmodi
808 1073 980 1154 sponsalis,
1008 1075 1039 1137 in
1064 1075 1182 1155 quibus
1197 1086 1228 1138 at
1247 1076 1388 1158 parentis
1414 1093 1494 1138 una·

189 1189 220 1239 et
235 1197 373 1258 sponsae
388 1197 567 1240 consensus
583 1179 795 1242 interveniret.
840 1180 966 1244 Eadem
983 1182 1080 1246 etiam
1106 1182 1216 1244 habite
1230 1181 1292 1244 fuit
1306 1182 1386 1242 ratio
1400 1181 1496 1261 spon-

190 1283 308 1346 salium
324 1290 344 1348 a
359 1285 469 1365 puella
484 1286 534 1346 sni
545 1287 635 1368 juris,
661 1298 693 1349 et
709 1299 843 1350 tutorem
858 1290 999 1352 habente
1020 1301 1265 1368 contractorum,
1281 1291 1397 1370 quibus
1414 1301 1497 1351 tuto-

188 1393 230 1454 ris
245 1392 388 1456 officium
405 1414 470 1457 non
485 1395 618 1458 deesset.
663 1397 754 1460 Haec
768 1417 843 1459 curn
861 1399 893 1460 in
910 1398 1019 1479 puella
1042 1399 1220 1478 obtinerint,
1236 1397 1364 1461 facilius
1379 1398 1494 1460 admit

187 1501 285 1563 tenda
310 1501 441 1567 suerunt
464 1505 497 1567 in
523 1525 629 1586 puero,
646 1507 779 1586 quando
805 1520 929 1589 praeter
955 1525 1151 1572 consensum
1175 1521 1345 1591 parentum
1369 1527 1496 1591 semper

188 1612 361 1692 requisitus
388 1614 486 1676 etiam
501 1612 562 1676 suit
587 1634 758 1696 puerorum
775 1635 952 1678 consensus
977 1617 1011 1679 in
1026 1619 1230 1700 sponsalibus
1255 1617 1494 1680 contrahendis·

187 1721 295 1800 Atque
321 1732 392 1803 post
407 1723 502 1784 istam
524 1725 605 1806 juris
631 1726 747 1787 veteris
771 1725 1033 1804 observationem,
1060 1743 1144 1806 quae
1169 1736 1334 1806 perpetuos
1361 1723 1496 1786 effectus

187 1829 310 1908 habuit,
326 1831 409 1894 illud
432 1833 530 1894 etiarn
546 1834 681 1895 accessit
705 1854 805 1896 causa
829 1835 1051 1898 indemnitatis
1077 1834 1273 1916 pupillorum
1292 1833 1441 1909 tuendae,
1457 1842 1496 1894 nt

188 1939 302 2020 pnpilli
327 1943 437 2023 sponsi
453 1953 635 2004 tenerentur
658 1943 799 2024 quidem,
826 1963 971 2024 quosque
997 1943 1030 2005 in
1048 1942 1197 2025 pupillari
1221 1953 1325 2004 aetate
1343 1943 1497 2004 consiste-

189 2062 266 2127 rent,
283 2051 315 2113 in
341 2052 455 2114 eadem
470 2054 682 2115 consensione
707 2073 916 2136 perseverare,
933 2053 990 2116 sed
1016 2053 1125 2130 statim
1140 2071 1178 2114 ac
1209 2053 1409 2132 pubertatem
1425 2049 1500 2112 ant·

189 2158 321 2240 gissent,
345 2167 511 2240 possenta
534 2159 610 2222 data
626 2159 690 2222 fide
717 2161 869 2238 recedere,
901 2159 987 2240 quod
1011 2170 1175 2240 receptum
1201 2158 1281 2236 fluit,
1306 2159 1376 2220 sive
1399 2157 1497 2220 ambe

188 2265 302 2349 pupilli
318 2268 390 2347 sint,
415 2269 483 2330 sive
500 2288 584 2330 riuus
600 2269 752 2350 pupillus,
778 2279 810 2330 et
825 2268 903 2330 alter
928 2269 1030 2350 pubes
1046 2267 1209 2352 sponsalia
1233 2267 1434 2345 contrahant,
1449 2265 1498 2328 ie·

189 2368 269 2440 vore'
281 2378 394 2460 pnpilli
422 2379 654 2459 tantummodo,
671 2399 741 2462 cap.
768 2381 806 2459 7.,
823 2389 854 2442 et
868 2379 897 2442 8.
913 2379 954 2442 de
979 2379 1128 2462 despous.
1143 2379 1266 2462 impub.
1309 2379 1423 2461 Neque
1438 2377 1497 2442 mi·

190 2503 264 2548 rum
279 2484 377 2548 alicui
396 2485 548 2564 rideatur,
575 2487 682 2548 valere
697 2506 770 2550 eam
785 2486 1022 2567 obligationem,
1047 2487 1099 2550 cui
1115 2497 1151 2548 nt
1166 2485 1351 2564 satisfaciat,
1367 2485 1429 2548 nisi
1442 2503 1500 2546 ve-

190 2591 234 2671 lit,
250 2595 322 2676 cogi
346 2614 486 2678 sponsus
508 2603 655 2676 nequeat,
680 2605 791 2658 contre
817 2593 989 2658 manifesta
1009 2596 1092 2680 juris
1115 2595 1279 2678 principie,
1307 2593 1326 2656 t
1354 2595 1384 2660 Β.
1406 2593 1439 2656 ff.
1454 2593 1497 2658 de

188 2701 284 2785 oblig.
300 2713 332 2766 et
357 2705 472 2768 action.
488 2723 564 2768 enm
588 2703 760 2785 similibus
790 2705 912 2770 etenim
937 2705 1012 2768 licet
1026 2715 1193 2788 repugnet,
1218 2705 1447 2787 obligationem
1461 2705 1497 2768 in

190 2814 392 2880 voluntatem
419 2817 507 2880 illius
521 2816 665 2896 conserti,
692 2815 733 2878 de
755 2817 848 2900 cujus
874 2816 1068 2898 obligatione
1093 2817 1207 2900 egitur,
1233 2832 1299 2878 nen
1325 2825 1435 2878 tamen
1449 2834 1498 2878 re-

190 2942 325 3014 pugnat,
351 2930 579 3012 obligationem
594 2929 639 2991 ite
663 2929 763 3003 nasci,
780 2939 816 2992 nt
830 2929 931 3010 possit
955 2927 1132 3010 aliqnando
1146 2929 1189 2991 ab
1202 2947 1248 3006 eo,
1264 2929 1319 3010 qui
1335 2928 1498 3010 obligatus

192 3049 249 3118 est,
265 3041 437 3118 retractari,
453 3047 642 3120 argumento
658 3037 678 3099 l.
694 3037 723 3100 3.
739 3035 772 3099 ff.
788 3036 829 3098 de
843 3036 988 3100 contrah.
1004 3047 1111 3118 empt,
1127 3045 1159 3096 et
1172 3034 1196 3097 l.
1210 3036 1239 3097 6.
1254 3033 1292 3096 fit
1304 3033 1345 3098 (le
1361 3031 1497 3098 rescind.

191 3148 287 3212 vend.
332 3149 434 3212 Plane
459 3147 659 3230 sponsaliae
682 3145 813 3228 pupillis
828 3145 909 3208 inita
933 3163 999 3208 non
1021 3153 1106 3207 recta
1120 3143 1155 3206 in
1180 3143 1376 3226 pupillorum
1390 3141 1499 3204 conse·

193 3269 308 3324 runtnr
331 3259 539 3338 voluntatem,
555 3258 613 3321 sed
638 3275 750 3322 eornm
766 3265 893 3320 tanturn
918 3253 1077 3317 voluntati
1101 3251 1294 3330 conceditur,
1311 3263 1346 3314 ut
1360 3251 1499 3333 puberes

191 3371 269 3434 facti
284 3356 453 3432 retractaie
476 3369 641 3454 sponsalia
655 3368 795 3445 valeant,
811 3365 906 3446 quasi
916 3369 987 3448 jura
1013 3363 1090 3445 ipsis
1105 3379 1260 3424 concessa
1273 3360 1430 3424 adversus
1446 3359 1499 3423 fir·

189 3495 294 3555 mum,
310 3475 523 3556 validumque
547 3485 748 3540 contractum
762 3473 795 3536 in
821 3473 983 3552 integrunt
1008 3469 1215 3532 restitutione.
1257 3469 1386 3532 Revera
1402 3483 1499 3548 quos-

193 3601 257 3666 que
272 3583 498 3646 contrahentes
523 3584 556 3646 in
571 3582 722 3666 pupillari
735 3579 845 3644 adhuc
874 3589 978 3642 aetate
992 3578 1157 3642 constituti
1172 3588 1257 3656 sunt,
1273 3575 1437 3658 sponsalia
1451 3576 1499 3658 ip

189 3707 229 3756 sa
244 3692 339 3756 firma
364 3691 552 3767 subsistunt,
566 3691 815 3771 qualiscumque
841 3686 994 3752 succedat
1020 3685 1176 3748 voluntas
1197 3683 1401 3765 pupillorum,
1427 3670 1499 3746 siv'e

137 3807 139 3818 '
191 3797 234 3861 ad
250 3797 364 3861 eadem
390 3795 622 3872 confirmanda,
639 3798 707 3860 sive
732 3794 776 3858 ad
790 3793 905 3858 eadem
928 3791 1140 3856 retractanda:
1160 3788 1278 3854 deinde
1292 3789 1380 3870 quod
1395 3807 1437 3853 ex
1451 3787 1499 3870 ip-

190 3917 235 3976 sis
251 3910 457 3995 sponsalibus
471 3907 569 3972 semel
586 3909 671 3975 initis
685 3919 791 3972 ortum
805 3918 862 3985 est,
891 3917 926 3972 ut
939 3916 1066 3983 vocent,
1082 3903 1231 3986 publicae
1245 3900 1423 3966 honestatis
1439 3900 1500 3964 irn-

192 4023 426 4106 pedimentum,
450 4019 548 4082 etiam
563 4017 728 4080 dissolutis
751 4017 957 4099 sponsalibus
981 4013 1090 4097 sponsi
1113 4010 1191 4076 facti
1206 4011 1333 4092 puberis
1348 4007 1500 4072 volrrnta-

193 4143 234 4214 te,
252 4141 442 4215 perseverat,
468 4147 539 4211 cap.
555 4145 610 4190 un.
627 4125 667 4188 de
682 4127 829 4206 despons.
856 4125 976 4206 impub.
994 4124 1026 4186 in
1042 4123 1072 4186 e.
1115 4121 1167 4186 De
1180 4119 1300 4198 viduis,
1314 4137 1400 4200 quae
1414 4117 1502 4184 intra

191 4251 336 4321 ternpore
360 4237 468 4300 luctus
491 4235 678 4298 contrahere
699 4235 942 4297 matrimonium
965 4231 1180 4315 prohibentur,
1211 4227 1501 4294 sufficitindicarc

190 4347 296 4428 legem
323 4346 372 4409 10.
391 4347 413 4411 l.
431 4346 458 4406 l.
473 4343 506 4406 ff.
523 4343 564 4406 de
586 4344 646 4423 his,
661 4343 718 4424 qui
732 4351 796 4405 not.
820 4339 942 4419 intem,
969 4357 1092 4421 exque
1117 4345 1324 4418 coaetaneae
1346 4335 1432 4400 intra
1444 4351 1502 4400 aa·

190 4455 266 4524 dem
280 4468 423 4541 tempora
438 4455 579 4540 potuisse
594 4452 758 4538 sponsalia
773 4451 942 4534 celebrare.
