3168 4982
331 375 427 426 suen
448 373 608 422 verrente
627 367 860 434 vonunnanra
881 367 1065 416 consonus
1089 366 1228 413 ossius.
1355 341 1417 406 ete

24 511 25 524 ¹
131 495 372 582 bilisexemple,
394 508 425 561 et
438 515 522 580 quse
543 496 578 560 in
592 493 854 576 consequentiam
878 491 971 556 facile
993 491 1075 556 trahi
1090 499 1210 573 posent.
1254 487 1419 552 Generalis

24 579 26 690 l
132 603 349 667 dissiodiorum
369 623 476 684 causa,
499 615 556 666 aut
583 602 709 666 occasio
730 603 917 684 exprimitur
945 602 979 664 in
1000 619 1070 683 cap.
1099 601 1149 664 et..
1193 597 1418 662 Deuteronom.
1476 601 1481 610 '

24 693 25 728 ³
134 725 208 772 uem
239 713 286 774 tc.
308 711 362 774 ibi:
379 711 420 774 et
447 711 598 775 hahuerit
612 711 705 774 tronto
727 731 843 774 recures
869 711 962 788 duas,
991 729 1096 774 unam
1116 707 1277 785 dilectam,
1292 717 1322 772 et
1344 709 1420 772 alte·

130 837 202 883 seer
215 819 369 898 Missam
389 824 630 906 gerruerintque
652 841 694 883 ee
715 841 749 882 ee
772 819 896 896 liberos,
919 827 950 882 et
954 819 1066 901 feeit
1077 803 1176 903 filius
1203 817 1332 880 odiosae
1350 821 1421 902 pri·

131 935 321 1016 mgentem,
333 933 532 1019 volueritque
552 934 774 998 substantiam
788 934 873 996 inter
886 929 979 1012 filios
992 951 1068 994 snos
1089 931 1242 1008 divides,
1257 951 1322 993 non
1334 939 1420 1013 pote·

127 1041 172 1104 n‘t
182 1039 285 1122 filum
297 1041 432 1106 aierem
444 1043 564 1124 secere
571 1040 833 1124 prinmgeee'trem
844 1046 874 1100 et
884 1038 1054 1121 praeferre
1066 1037 1142 1120 filie
1156 1037 1293 1116 odiosae,
1315 1037 1419 1120 sedfi-

129 1150 208 1212 dum
232 1151 363 1214 odiosae
383 1159 539 1232 agnoscet
548 1149 819 1232 primogenitem,
841 1147 994 1230 deditque
1019 1150 1052 1212 ei
1072 1147 1111 1211 de
1125 1147 1186 1225 leis,
1210 1167 1293 1231 quae
1306 1149 1422 1212 habue-

23 1323 24 1336 q
127 1257 171 1320 rit
183 1252 473 1342 cuncte‘duple'cie,
487 1257 549 1320 iste
563 1263 612 1319 est
625 1256 713 1318 enim
730 1255 937 1340 principium
951 1255 1127 1318 liberorum
1141 1253 1219 1338 ejus,
1246 1255 1342 1318 ethic
1370 1253 1420 1318 de-

23 1429 24 1448 ,
124 1365 234 1434 lertlur
244 1371 483 1454 prinmgenite
526 1367 689 1449 Exempla
717 1367 814 1430 etiem
828 1366 996 1448 perspicue
1015 1377 1092 1430 sunt
1112 1365 1314 1430 simultatum
1331 1385 1420 1430 exor-

23 1511 24 1532 ι
123 1489 225 1544 tarum
239 1480 323 1544 iuter
344 1477 517 1557 Abraham,
532 1485 565 1540 et
584 1477 699 1542 Seram
711 1476 862 1538 ocaeiene
877 1477 1007 1540 alterins
1029 1476 1137 1540 uxoris
1153 1477 1248 1558 Agar,
1271 1487 1302 1540 et
1325 1497 1367 1539 ex
1381 1493 1420 1538 ee

23 1575 24 1604 ¹
126 1591 260 1671 suscepti
291 1588 350 1652 lilii
372 1586 526 1664 lsmselis,
556 1585 663 1648 Genea
683 1605 711 1646 c.
726 1582 786 1662 21„
808 1584 885 1646 item
899 1583 1102 1648 simultatum
1131 1583 1367 1661 interemtam,
1389 1592 1420 1644 et

128 1697 334 1765 Phenennarn
352 1715 468 1760 uxores
481 1691 618 1772 Eleane,
635 1693 669 1756 in
684 1689 752 1754 libr.
770 1694 797 1754 l.
812 1692 942 1773 Regum
955 1709 1024 1774 cap.
1042 1693 1079 1772 1„
1094 1691 1204 1754 itidem
1219 1692 1420 1762 simultatum

124 1811 199 1874 inter
212 1811 319 1889 Lien,
335 1818 367 1870 et
381 1805 566 1884 Rachelem,
589 1813 661 1868 utut
675 1821 804 1883 sorores,
822 1813 991 1886 utramque
1005 1803 1125 1868 Jacobs
1139 1813 1284 1886 nuptam,
1300 1803 1340 1865 de
1354 1803 1422 1884 qni·

124 1919 179 1983 bus
193 1921 226 1984 ia
243 1935 316 2001 cap.
331 1918 382 1981 30.
412 1918 528 1980 Gener.
543 1933 625 1978 vers.
649 1915 698 1978 15.
714 1923 746 1976 et
773 1931 848 1994 seq,
871 1922 908 1976 ut
936 1913 1001 1976 alia
1029 1913 1265 1994 praetermitarrr
1291 1929 1423 1974 numero

23 2075 24 2104 r
122 2031 258 2114 plurima
274 2027 460 2114 hujusmodi
477 2026 637 2109 etiemple.

159 2136 312 2219 Agedum
328 2153 403 2198 vero
418 2134 506 2198 facta
532 2133 732 2197 Judaeorum
755 2138 913 2224 ueterum,
937 2134 1080 2216 ipsorum
1103 2131 1201 2196 eriam
1224 2129 1422 2196 Petriercha-

120 2261 197 2324 rum,
211 2243 405 2322 aliorumve,
421 2242 525 2324 quiin
540 2242 639 2304 sacris
654 2242 769 2304 veteris
791 2243 992 2306 Testamenti
1014 2241 1111 2306 literis
1125 2254 1423 2324 commemorantur,

120 2349 354 2438 expendemus.
397 2352 490 2416 Viros
518 2350 696 2434 poligemcs
711 2351 745 2414 in
770 2350 869 2413 sacris
890 2349 1012 2414 eisdem
1037 2349 1135 2414 literis
1160 2362 1423 2416 commemoratos

22 2449 23 2452 ¹
116 2460 160 2523 ad
173 2461 333 2544 triplicem
354 2464 489 2522 cenem
503 2457 644 2540 redigere
664 2467 793 2539 oportet
836 2456 902 2520 Alii
929 2458 1017 2522 euim
1045 2467 1130 2539 sunt,
1152 2477 1233 2541 quos
1247 2477 1288 2520 ex
1303 2477 1341 2522 eo
1355 2459 1424 2540 ipso

115 2589 225 2634 sacrae
242 2568 354 2632 literae
368 2567 558 2649 improbent,
581 2566 634 2630 vel
660 2565 805 2630 criminis
827 2585 896 2631 reos
911 2567 1118 2650 proclamant,
1141 2567 1193 2631 vel
1217 2569 1313 2632 etiem
1335 2567 1426 2632 darn·

118 2691 205 2762 nanq
233 2677 294 2742 alii
315 2683 400 2756 sunt,
425 2693 507 2760 ques
531 2675 710 2759 poligamos
731 2672 831 2738 fuisse
857 2693 970 2740 escrae
992 2676 1100 2740 literae
1128 2676 1261 2759 quidem
1282 2687 1422 2756 narrent,

112 2792 194 2871 quin
219 2799 333 2851 tamen
347 2803 458 2847 eorum
480 2783 631 2865 conjugia
658 2799 808 2864 expresse
826 2783 1013 2866 improbent,
1042 2783 1100 2846 sed
1120 2785 1300 2865 caeteroqui
1315 2783 1424 2864 veluti,

114 2896 188 2960 eliis
203 2895 295 2958 vitiis
310 2891 504 2973 inquinatos,
526 2901 558 2954 et
571 2909 680 2956 coram
695 2892 765 2954 Deo
786 2901 967 2974 peccatores
988 2903 1190 2975 notaverunq
1208 2891 1263 2958 elil
1284 2895 1424 2976 denique

118 3013 201 3080 snut,
217 2999 280 3084 qui
304 2997 450 3062 teruntur
470 2997 571 3062 fuisse
599 2999 728 3081 bigami,
751 3001 803 3064 vel
833 3000 994 3083 poligami,
1016 3019 1084 3066 una
1109 3013 1217 3068 eutem
1238 3023 1303 3068 non
1318 3005 1425 3070 solum

114 3131 159 3176 err
181 3132 225 3176 ee
255 3113 323 3174 lton
352 3109 558 3188 damnantur,
589 3108 646 3171 sed
675 3121 706 3172 et
732 3109 825 3191 quasi
851 3127 895 3172 ex
915 3109 1065 3174 absolute
1093 3109 1173 3195 legis
1201 3113 1422 3179 observatione

121 3221 259 3304 perlecti,
290 3231 387 3302 etque
410 3218 480 3281 Deo
507 3217 738 3299 undecumque
758 3218 973 3301 acceptissimi
996 3217 1130 3300 gloriose
1145 3219 1327 3284 laudentur.
1370 3221 1425 3284 Ex

22 3399 23 3412 q
117 3329 200 3394 uero
214 3327 321 3412 primi,
344 3336 375 3388 et
403 3324 537 3388 secundi
559 3324 684 3405 generis
705 3325 872 3404 hominum
896 3323 965 3390 sine
996 3327 1110 3407 injurie
1131 3328 1280 3392 concludi
1309 3340 1423 3411 posset,

22 3507 23 3510 ,
119 3441 228 3502 stetim
243 3455 284 3499 erc
303 3435 439 3518 'ipsiaot
460 3433 679 3515 improbentur
708 3434 742 3496 in
764 3433 884 3498 divinis
904 3435 1001 3498 literis
1023 3453 1065 3498 err
1079 3434 1264 3516 multiplicis
1285 3437 1425 3520 conjugii

22 3527 23 3568 3
116 3565 225 3626 cause„
257 3555 317 3609 ant
338 3543 526 3627 generaliter
553 3560 596 3606 ex
616 3559 726 3625 preve,
756 3559 857 3623 quam
878 3541 1048 3621 iniverunt,
1080 3543 1166 3606 vitae
1190 3545 1310 3606 ratione
1335 3545 1423 3636 dem-

22 3637 23 3644 ἵ
118 3666 248 3732 nentur,
264 3651 438 3732 deliquisse
460 3669 513 3712 eos
538 3663 651 3714 contra
671 3651 832 3714 naturalis
861 3647 1039 3734 praecepta,
1062 3671 1167 3733 neque
1190 3654 1262 3736 jure
1283 3655 1424 3736 potuisse

116 3762 178 3828 sibi
207 3762 318 3844 plures
339 3759 491 3844 conjuges
515 3762 658 3844 jungere,
681 3757 867 3823 eorumdem
897 3770 1061 3844 propterea
1083 3758 1204 3824 sectum
1235 3760 1423 3824 nullumla-

117 3889 242 3934 cessere
271 3867 364 3953 posse
388 3871 552 3952 negotium
581 3869 614 3932 in
636 3869 815 3952 propositae
843 3869 1077 3932 controversiae
1098 3869 1291 3934 delinitione.
1334 3871 1423 3933 'Pen-

120 3987 189 4042 tum
203 3976 358 4041 habenda
379 3989 428 4039 est
443 3979 521 4040 ratio
543 3979 713 4040 nominum
729 3979 810 4042 tertii
832 3979 966 4060 generis,
983 3997 1119 4060 quorum
1134 3978 1220 4042 facte
1242 3980 1285 4042 ite
1307 3999 1423 4060 expen-

119 4083 192 4146 dere
217 4085 322 4165 juvar,
346 4093 383 4146 ut
410 4094 468 4147 aut
489 4085 668 4148 excusandi
696 4086 751 4156 elii
774 4087 847 4166 sint,
877 4098 1044 4170 propterea
1066 4088 1152 4170 quod
1182 4089 1214 4150 in
1235 4092 1329 4150 certis
1357 4107 1424 4152 ver·

118 4205 266 4256 serentur
288 4191 456 4275 adjunctis,
470 4195 506 4258 iu
529 4195 649 4274 quibus
662 4195 696 4258 id
711 4197 773 4258 sibi
791 4197 883 4258 licere
905 4193 1046 4258 arbitrati
1061 4195 1185 4271 fuerint,
1207 4193 1299 4274 quasi
1315 4194 1424 4256 adver·

22 4333 23 4394 3
117 4317 174 4362 sus
190 4302 356 4384 generales
379 4313 512 4366 naturee
537 4305 777 4386 praeceptiones
800 4307 1042 4388 proposuissent
1066 4305 1243 4389 probabiles
1264 4305 1425 4386 exceptio

22 4427 24 4452 t
111 4427 192 4492 ,περς
210 4422 272 4476 reru
300 4411 416 4476 saltem
441 4427 507 4478 non
536 4413 668 4486 omnino
683 4414 869 4494 damnandi,
885 4415 972 4498 quod
1002 4431 1067 4478 uon
1096 4413 1334 4498 improbabilem
1357 4415 1423 4476 suis
