3168 4982
187 509 253 581 ato
545 530 789 580 urssssusrro
802 533 957 598 cussus,
974 523 1102 586 ausen.
1114 515 1158 583 ΙΙ.

187 653 383 739 vigesimum
398 664 550 737 quartum
572 656 687 720 aetatis
701 672 828 722 annum
851 655 987 740 excedit,
1013 675 1118 742 neque
1133 659 1231 724 allam
1256 677 1347 743 spem
1364 663 1493 746 nuptia·

186 779 259 828 rum
273 761 496 844 transaquas
517 763 810 832 contrahendarum
832 783 909 833 cum
922 783 971 848 eo,
985 781 1129 849 qustum
1140 770 1329 834 contrahere
1349 771 1494 854 prohibe·

185 880 246 939 tur.
289 871 419 942 Quarta
434 869 518 934 dotrs
532 871 779 955 incompetentia
791 883 852 954 est,
874 891 978 956 quum
992 889 1043 938 ex.
1059 893 1104 957 gr.
1120 877 1384 960 consanguineus
1398 895 1493 960 pora-

186 991 239 1048 tus
261 990 311 1044 est
333 979 376 1044 ad
400 980 679 1062 consanguineam
701 973 896 1062 ducendam,
921 991 955 1046 et
978 982 1166 1064 detondent,
1193 985 1279 1052 olias
1302 984 1493 1052 destitutam

187 1089 382 1175 competenti
397 1090 479 1172 dote,
506 1093 585 1173 qaia
605 1109 672 1156 non
698 1093 979 1176 consanguinem
1004 1095 1091 1177 paris
1116 1095 1310 1184 conditionis
1337 1097 1495 1162 inueniat.

185 1199 313 1270 Quinta
328 1197 498 1280 angustiae
520 1197 584 1260 loci
598 1195 778 1279 addrrcitnt,
803 1219 905 1282 quum
920 1199 1029 1284 puella
1052 1201 1086 1264 in
1102 1213 1241 1283 angusto
1260 1201 1330 1265 loco
1344 1214 1430 1283 nata,
1444 1215 1494 1268 at·

184 1321 248 1386 qne
262 1301 401 1370 educata
416 1303 450 1366 in
465 1301 579 1366 mem
594 1305 748 1370 maritum
775 1306 918 1371 invenire
935 1319 1073 1390 nequeat
1097 1311 1183 1392 paris
1198 1309 1400 1391 conditionis,
1426 1313 1493 1378 nisi

182 1431 269 1493 sum,
295 1413 348 1480 cui
364 1413 482 1480 nubere
497 1413 690 1496 prohibetur.
733 1417 834 1480 Sexta
860 1417 1006 1482 scandali
1029 1419 1197 1484 avertendi
1222 1431 1278 1501 est,
1306 1441 1419 1504 quum,
1434 1444 1489 1489 ex.
1572 1435 1573 1438 ’

185 1539 230 1606 gr.
248 1521 512 1606 consanguineus
534 1523 813 1606 consanguineam
828 1523 1005 1606 violaverit,
1029 1527 1099 1590 sine
1114 1529 1223 1590 animo
1238 1539 1346 1592 tamen
1362 1528 1495 1612 dispen-

184 1628 320 1692 sationis
334 1645 377 1692 ex
399 1647 438 1691 eo
453 1627 685 1712 impetrandae,
708 1639 746 1697 ut
759 1632 1002 1700 matrimonium
1021 1633 1125 1716 inires
1149 1635 1359 1717 quamobrem
1382 1635 1494 1702 minae

183 1753 309 1804 reorum
324 1735 415 1802 aliter
436 1737 558 1804 occurri
573 1747 845 1822 nonnumquam
861 1743 888 1804 si
904 1739 1047 1824 legitimo
1068 1743 1219 1826 conjugio
1240 1741 1492 1828 coniungantur.

182 1845 328 1929 Septima
342 1845 501 1910 criminls'
511 1845 663 1927 evitarrdi,
690 1847 798 1916 locum
813 1859 942 1914 tanturn
956 1850 1055 1914 habet
1076 1849 1109 1917 in
1124 1869 1171 1930 eo,
1185 1850 1242 1932 qui
1256 1853 1492 1920 continentiam

182 1951 329 2038 simplici,
356 1963 393 2022 ut
417 1957 515 2040 aJunt,
539 1963 615 2018 voro
629 1965 833 2023 servaturum
857 1975 892 2019 se
907 1941 978 2020 Deo
992 1955 1131 2040 spondit,
1156 1970 1189 2021 et
1203 1935 1376 2042 proliteiun
1396 1981 1433 2026 ae
1447 1962 1493 2026 de

179 2067 247 2132 voti
260 2065 468 2150 implemento
483 2085 564 2149 pene
580 2049 756 2151 desperare.
790 2067 860 2132 Deo
871 2069 1039 2150 postremis
1053 2070 1162 2135 censis
1176 2069 1259 2134 nihil
1273 2069 1392 2153 adjicio
1406 2089 1486 2139 cum

180 2193 239 2260 per
252 2195 286 2238 se
301 2175 468 2259 perspicue
483 2173 714 2258 intelligantur.
756 2175 847 2240 Haec
860 2175 980 2254 omnia,
994 2175 1040 2242 uti
1057 2175 1164 2258 liquet,
1188 2175 1420 2258 dispensationi
1442 2177 1492 2240 lo·

180 2299 257 2348 cum
272 2279 397 2347 iaciunt
410 2269 615 2346 matrimonio
629 2280 859 2346 contrahendo.
903 2280 995 2351 Quid
1011 2299 1096 2360 vero,
1113 2283 1139 2346 si
1161 2283 1405 2349 matrimonium
1416 2285 1490 2368 jam
1518 2361 1523 2370 ι

181 2363 381 2456 cineraceam
396 2387 547 2455 suescas
562 2389 912 2472 illegitimepersouist
955 2390 990 2454 st
1005 2389 1039 2454 n
1054 2391 1141 2455 eona
1162 2389 1228 2454 seo
1241 2391 1417 2474 corrogant,
1433 2392 1490 2456 ver

180 2493 215 2560 id
230 2514 334 2562 unum
349 2495 408 2559 erit
421 2513 522 2562 causa
537 2495 701 2578 sufficiens
713 2493 961 2579 dispensationis
977 2495 1206 2580 impetrandae,
1222 2511 1259 2564 nt
1272 2495 1360 2580 quod
1371 2499 1415 2562 ab
1428 2498 1493 2564 ini-

180 2609 224 2674 tio
239 2609 363 2676 irritum
377 2607 489 2689 fuerat,
515 2587 621 2670 volem
646 2607 778 2690 incipiat
802 2606 1043 2690 dispensatione
1067 2608 1208 2672 obtenta.
1252 2610 1297 2672 Ar
1310 2609 1337 2672 si
1360 2620 1489 2674 contra·

178 2713 293 2780 hentes
308 2715 350 2778 ab
363 2713 455 2780 initio
479 2715 601 2778 conscii
616 2713 736 2781 tuerint
757 2715 986 2798 impedimenti,
1010 2717 1197 2799 praesertim
1222 2717 1250 2782 si
1264 2717 1491 2784 solemnitates

177 2823 349 2907 requisitas
363 2823 398 2886 in
422 2823 572 2908 conjugio
596 2823 817 2886 contrahendo
838 2823 1047 2906 neglexerint,
1074 2822 1177 2889 voluit
1201 2823 1388 2889 Concilium
1410 2824 1489 2888 Tri·

178 2931 357 3012 deminum,
373 2951 427 2996 eos
443 2931 638 3016 separandos
653 2951 732 3012 esse,
748 2941 780 2995 et
795 2951 851 3016 spe
867 2931 1117 3014 dispensationis
1132 2930 1379 3013 consequendae
1396 2951 1488 2996 aare·
1572 3001 1573 3014 ,

178 3060 220 3121 re,
235 3059 312 3105 sess.
328 3041 378 3106 24.
403 3059 474 3125 cap.
491 3043 520 3105 5.
536 3039 576 3102 de
601 3037 741 3104 Reform.
767 3041 917 3119 matrim,
942 3039 1029 3123 quod
1044 3053 1154 3106 tamen
1177 3041 1224 3104 ita
1237 3039 1423 3124 intelligere,
1447 3053 1491 3110 ut
1572 3061 1573 3068 ¹

178 3149 341 3217 difficilius
356 3149 552 3233 dispensatio
566 3150 707 3214 obtinere
721 3146 830 3232 possit,
852 3167 913 3212 neo
927 3148 1048 3214 nisiex
1065 3145 1219 3230 maxima,
1242 3159 1274 3214 et
1288 3151 1488 3234 gravissima
1572 3157 1573 3170 ³

177 3277 286 3338 causa,
302 3269 333 3320 et
348 3258 382 3322 in
396 3275 463 3339 quo
476 3255 643 3340 publicum
658 3255 781 3325 bonum
799 3267 949 3324 versetur.

218 3367 258 3430 ln
273 3366 565 3450 dispensationibus
587 3363 801 3430 concedendis
823 3365 1081 3450 consanguineis,
1104 3375 1136 3428 et
1150 3363 1323 3447 adfinibus,
1342 3365 1488 3434 diverre
1572 3417 1573 3420 ,

176 3495 248 3543 rum
265 3475 427 3559 graduum
442 3476 522 3540 ratio
535 3477 681 3557 habetur,
697 3476 796 3542 immo
807 3476 905 3564 etiarn
921 3475 1069 3541 diversae
1083 3476 1260 3561 qualitatis
1276 3498 1355 3545 nam
1366 3499 1418 3544 ex.
1433 3499 1485 3564 gr.

175 3584 304 3652 facilius
319 3585 395 3649 item
410 3585 445 3648 in
461 3573 639 3664 adfinitate,
663 3604 747 3668 quae
762 3603 803 3648 ex
818 3583 931 3648 illicita
945 3583 1070 3668 copula,
1097 3567 1297 3668 quam'quae
1315 3603 1359 3650 ex
1374 3587 1485 3651 matri-

175 3693 284 3759 monio
310 3693 539 3778 proficiscatun
567 3693 777 3776 quamobrem
803 3713 887 3776 quae
913 3711 1032 3760 causae
1057 3691 1099 3755 ad
1114 3693 1324 3758 obtinendam
1346 3695 1380 3760 in
1394 3705 1486 3759 nerto

174 3825 291 3892 genere
305 3805 579 3889 dispensationem
593 3805 776 3874 sufficerent
791 3803 981 3888 singulares,
1008 3803 1231 3889 impetrandae
1248 3805 1487 3890 dispensationi

173 3915 207 3981 in
223 3914 288 3980 alio
303 3935 418 3998 genere
441 3933 508 3980 non
522 3933 625 3998 aeque
647 3912 742 3978 facile
767 3913 920 3996 valerent,
943 3913 1007 3978 nisi
1029 3913 1137 3998 plures
1155 3933 1220 3980 una
1243 3927 1482 3984 concurrerant.

173 4023 274 4110 Ajnnt
288 4021 474 4089 Tridentini
496 4023 609 4087 Patres
623 4022 657 4086 in
672 4039 741 4106 cap.
768 4021 798 4086 5.
814 4039 892 4086 sess.
920 4019 971 4085 24.
986 4020 1028 4084 de
1046 4019 1186 4086 Reform.
1210 4021 1394 4085 matrimes.
1437 4020 1490 4088 In*

173 4133 403 4198 contrahendis
416 4131 651 4210 matrimoniis,
666 4129 718 4195 cel
730 4131 826 4196 nulla
840 4132 972 4195 amerino
987 4130 1082 4194 detor
1096 4130 1312 4214 dispensatio,
1327 4131 1380 4196 vel
1392 4149 1484 4210 raro,
1572 4123 1573 4196 ἶ

171 4240 270 4330 idone
285 4265 325 4307 ea
339 4263 450 4322 causa,
467 4249 499 4306 ct
509 4241 624 4326 gratis
638 4239 841 4304 concedatur.
876 4237 918 4304 In
932 4238 1070 4304 eeucado
1082 4239 1200 4321 gradu
1213 4257 1400 4324 pomposam
1412 4240 1485 4306 ἄϊε·
1572 4261 1573 4264 ’

168 4361 337 4438 porrectior,
361 4352 531 4416 nisiinter
544 4369 689 4433 magnos
703 4347 890 4434 Principes,
906 4355 937 4412 ct
951 4347 988 4412 ob
1000 4347 1170 4434 publicano
1188 4367 1335 4412 cansam.
1379 4349 1482 4420 Quae
1572 4401 1573 4406 ,

99 4503 103 4506 -
171 4457 266 4526 tuerit
280 4461 473 4527 Sanctorum
487 4459 622 4526 Petrum
637 4477 737 4539 mens,
765 4477 862 4524 nemo
876 4456 994 4522 exinde
1015 4476 1081 4522 non
1096 4458 1227 4543 colligit;
1251 4457 1385 4542 proinde
1399 4475 1481 4523 enm

171 4575 207 4640 in
221 4565 364 4633 secundo
378 4565 483 4651 gradu
507 4585 690 4652 numquam
703 4563 959 4650 dispensandum
974 4565 1023 4646 sit,
1049 4565 1112 4630 nisi
1127 4567 1210 4632 iuter
1230 4585 1368 4651 magnos
1382 4563 1477 4634 Prin·
1572 4591 1573 4598 ¹
