3146 4980
394 512 400 524 ,
430 477 433 484 ·
505 463 552 512 nn
568 455 935 523 errrctntnrs·ermetis.¹
1305 437 1370 506 ³07

89 586 219 652 tacendis
232 589 353 672 nuptiis
372 563 620 653 &cedentem
646 585 911 663 benedictionem,
936 601 1022 665 quas
1047 581 1158 666 primis
1173 581 1368 646 concedeba-
1428 604 1431 610 ·

88 707 135 777 tur,
148 696 341 779 denegatam,
365 706 437 760 ban.
453 697 495 776 4.,
511 699 586 759 atil.
611 696 687 758 dist.
703 695 763 770 26,
774 711 852 756 can.
870 693 919 754 13.
936 689 984 754 14.
1003 689 1051 752 16.
1078 687 1150 752 disc
1166 687 1226 766 34,
1242 705 1312 769 cap.
1331 689 1358 750 l.

89 815 113 866 et
124 805 233 887 passim
258 807 298 869 de
312 807 431 888 bigam.
457 825 521 868 non
537 805 648 883 ordin,
673 823 743 886 cap.
772 805 809 882 1,
825 811 857 862 et
870 800 909 881 4.,
926 801 987 864 hoc
1014 801 1059 863 u't.
1075 815 1146 862 can
1163 799 1192 862 8.
1207 817 1296 862 caus.
1311 776 1367 880 313

88 923 190 990 quaest.
207 913 242 990 l,
258 931 328 976 cen:
345 913 376 974 4,
391 914 424 977 E.
440 913 553 976 Basilii
568 912 610 974 ad
628 911 904 995 Amphilochium,
921 920 954 972 et
967 907 1044 972 alibi
1058 925 1159 990 quam
1180 905 1368 989 frequentis-

88 1021 160 1084 sime.
200 1023 302 1104 Addo,
318 1025 479 1104 qrrosdam
503 1043 543 1086 er
562 1023 813 1106 lmpcrnioribns
837 1021 1021 1086 Justiniano
1047 1019 1274 1084 recentioribus
1296 1019 1394 1082 abo·

87 1129 234 1196 minabiles
259 1134 414 1196 habuisse
438 1133 546 1195 tertiam
569 1109 708 1214 nuptias,
733 1141 765 1193 et
781 1131 934 1212 gravibus
959 1129 1073 1212 poenis
1095 1128 1251 1192 obnoxias
1266 1125 1369 1191 reddi·

87 1239 163 1319 disse,
177 1243 223 1305 nti
238 1243 340 1324 liquet
361 1261 410 1317 erc
417 1241 555 1305 Novella
569 1243 598 1304 2.
614 1240 821 1304 &numantini
839 1239 1148 1320 porphyrogenetae,
1171 1253 1257 1318 quae
1272 1236 1368 1300 neba-

88 1361 129 1412 tnr
141 1351 177 1412 ad
191 1351 313 1414 calcem
329 1351 449 1413 codicis
474 1350 678 1428 Justinianei,
693 1359 847 1430 atqneerr
864 1343 1001 1408 Novella
1023 1346 1075 1408 90.
1091 1343 1211 1406 Leonis
1227 1343 1369 1405 Philose

87 1455 138 1538 phi.
167 1459 236 1521 Non
249 1467 332 1522 ‘sttnt
346 1458 427 1520 haec
454 1457 499 1518 ita
514 1457 546 1519 in
564 1457 670 1518 mettio
685 1453 904 1536 relinquenda,
927 1461 963 1516 ut
977 1451 1133 1533 singulari
1146 1451 1370 1516 observatione

88 1583 138 1628 non
151 1569 360 1650 explicentur.
401 1597 405 1608 ·
1340 1649 1344 1658 ι

94 1687 99 1694 ·
119 1677 221 1760 ltaque
237 1697 299 1761 ego
321 1678 479 1761 imprimis
493 1667 724 1753 animadverto,
751 1683 874 1736 veteres
888 1671 960 1735 illos
974 1689 1124 1751 canones,
1141 1689 1181 1734 ac
1193 1670 1302 1753 legum
1318 1669 1371 1734 de·

88 1781 229 1848 finitiones
254 1796 336 1848 tnnc
351 1787 500 1868 temporis
528 1785 712 1868 praesertim
735 1781 881 1845 conditos
896 1780 1003 1858 luisse,
1030 1797 1106 1844 cum
1133 1780 1261 1861 vigebat
1282 1779 1371 1861 apud

89 1889 271 1957 Christianos
286 1892 507 1957 Romanorum
530 1893 644 1974 legum
660 1892 839 1974 disciplina,
861 1893 956 1974 juxta
971 1901 1070 1972 quant
1084 1889 1142 1971 qui
1163 1889 1372 1955 divortiumb

87 2006 201 2088 conjuge
217 2005 354 2084 fecisset,
379 2005 438 2068 sibi
455 2005 687 2081 blandiebatur,
713 2021 857 2084 possess
871 2001 962 2066 allud
988 2003 1068 2065 inire
1083 2003 1278 2086 corrjuginm,
1302 1995 1372 2063 des·
1418 2059 1421 2065 .

87 2113 168 2191 pactis
182 2107 357 2194 Evangelii
381 2112 517 2194 legibus:
545 2111 756 2191 quamobrem
771 2109 933 2172 secundas
960 2121 994 2170 se
1007 2109 1140 2191 nuptias
1154 2109 1312 2174 celebrare
1326 2108 1373 2172 di·

87 2217 170 2297 eebat,
193 2220 251 2300 qui
278 2237 344 2282 non
370 2221 502 2298 nuptias
527 2218 717 2295 celebrabat,
743 2217 797 2279 ned
826 2228 918 2300 turpe
946 2217 1142 2281 adulterium
1170 2217 1370 2298 admittebat

86 2327 381 2406 nundentonam
398 2327 522 2408 legibus
547 2327 616 2389 sine
631 2336 736 2408 poena
749 2335 826 2402 erat,
844 2335 908 2400 non
924 2335 992 2388 eret
1015 2333 1124 2388 tamen
1140 2323 1307 2388 Ecclesiae
1321 2341 1373 2388 ce·

89 2441 214 2503 nonibns
237 2437 449 2502 tolcrandtnn
496 2438 621 2504 Deinde
636 2437 902 2500 animadvertere
918 2447 1047 2519 oportet,
1075 2437 1226 2500 secundis
1241 2436 1372 2520 nuptiis,

87 2563 156 2625 quae
169 2546 284 2609 solrttis
300 2547 433 2608 omnino
448 2545 604 2626 prioribds
619 2543 831 2606 celebrandae
846 2554 963 2620 essent,
979 2542 1162 2606 Ecclesiam
1178 2561 1243 2606 non
1258 2543 1374 2608 eodem

87 2655 167 2717 morlo
182 2653 310 2734 lavisse,
327 2653 556 2735 sicmi'pdm'is,
572 2653 723 2734 quamvis
739 2671 798 2714 nec
813 2649 976 2714 secundas
991 2652 1078 2734 ipsas
1093 2653 1232 2734 nuptias,
1250 2635 1311 2716 nec
1326 2652 1373 2716 ul·

87 2762 200 2824 tenores
216 2761 393 2824 damnaret.
437 2760 579 2842 Agnovit
595 2759 790 2822 Ecclesiam
807 2759 950 2823 secundo
965 2761 1169 2840 nubentibus,
1194 2761 1246 2824 vel
1261 2777 1375 2828 secem-

86 2865 149 2932 tlam
164 2885 297 2936 trxorom
314 2869 516 2945 decernibus,
532 2867 796 2930 nnsembiliorem
810 2867 988 2950 quatndam
1005 2867 1232 2949 infirmitatem,
1249 2870 1304 2933 cui
1318 2885 1379 2952 per

85 2981 395 3062 canadasnnp‘naa·
416 2979 648 3044 velulteriotcs
674 2981 907 3062 occurrebatun
930 2981 1215 3060 *quemadmodum
1236 2983 1373 3050 enimin

85 3093 218 3159 maxima
232 3103 324 3156 erant
338 3093 583 3170 existimatione,
610 3093 664 3173 qui
681 3093 897 3172 virginitatem
913 3092 1152 3174 profitebantur,
1176 3111 1237 3158 nec
1252 3097 1313 3160 nisi
1328 3095 1375 3160 in-

85 3199 184 3266 feriore
199 3203 416 3288 gradu‘crant
432 3203 497 3285 'qni
515 3206 634 3285 primas
651 3205 778 3285 nuptias
796 3191 1036 3286 contrahebant;
1066 3207 1110 3268 ita
1125 3223 1189 3270 non
1206 3207 1268 3271 nisi
1284 3209 1374 3271 tertio

72 3309 185 3388 arada
201 3311 372 3374 autetiam
398 3311 469 3392 post
484 3313 619 3390 tertium,
647 3315 702 3392 qui
718 3312 887 3391 secundas,
903 3313 954 3374 vel
973 3311 1134 3377 ulteriores
1156 3303 1285 3398 nuptias
1300 3333 1374 3382 ecn-

87 3419 254 3498 traxissent,
272 3415 519 3498 collocabantur,
536 3422 630 3500 quusi
646 3421 741 3502 longe
756 3422 887 3503 imparis
904 3423 1015 3500 meriti,
1032 3433 1129 3504 atque
1145 3424 1279 3489 virtutis:
1303 3427 1374 3492 Νε-

87 3540 141 3601 que
154 3535 279 3588 tanturn
294 3529 327 3588 in
354 3527 423 3590 istis
438 3527 600 3608 quaedam
616 3531 724 3608 gravis
748 3529 922 3612 adparebat
946 3531 1127 3614 infirmitas
1149 3535 1375 3602 verumetiam

87 3635 236 3698 secundae
251 3636 348 3717 ipsae,
375 3635 426 3698 vel
442 3635 606 3699 ulteriores
621 3637 753 3720 nuptiae
769 3654 832 3700 non
858 3637 939 3700 adeo
954 3638 1092 3720 perfecte
1107 3641 1298 3708 videbantur
1311 3645 1374 3727 sig-

89 3741 205 3808 nificare
220 3745 333 3808 divina
348 3747 508 3828 mysteria,
533 3765 618 3828 qnae
633 3749 694 3810 snb
711 3745 902 3812 matrimonii
918 3752 1022 3832 specie
1037 3751 1146 3833 latent,
1168 3757 1375 3836 quemadmo-

90 3847 154 3915 dum
170 3873 292 3936 pnmae
317 3855 518 3936 significant·
555 3857 716 3920 Nimirum
733 3858 763 3919 in
780 3857 891 3939 primis
916 3857 1039 3939 nuptiis
1048 3859 1182 3942 junctus
1202 3863 1294 3926 uxori
1309 3881 1376 3927 nra·

90 3957 163 4036 ritus,
174 3962 326 4043 junctum
350 3961 516 4024 Christum
531 3961 698 4026 Ecclesiae
724 3973 947 4046 repraesentat,
959 3966 1055 4048 juxta
1080 3967 1258 4032 doctrinam
1275 3971 1374 4052 Apos-

91 4065 145 4146 toli;
159 4082 191 4130 at
214 4069 387 4145 secundae,
415 4071 465 4132 vel
483 4071 644 4134 ulteriores
669 4071 891 4154 nuptiuelicct
917 4071 1001 4136 idern
1019 4087 1253 4156 repraesentare
1277 4079 1376 4144 etiam

92 4179 209 4256 possint,
225 4179 337 4260 aliqua
352 4189 471 4241 lanrcm
486 4199 527 4241 ex
542 4189 639 4261 parte,
656 4181 777 4244 scilicet
793 4181 825 4244 in
841 4201 887 4258 ea,
915 4201 981 4264 qua
997 4185 1167 4267 respiciunt
1182 4187 1376 4268 praecedens

92 4287 264 4370 conjugium
290 4286 492 4366 dissolutum,
520 4288 666 4352 indicant
690 4289 901 4354 dissociatum
916 4291 1016 4357 fuisse
1031 4290 1152 4373 foedus,
1172 4295 1259 4376 qnod
1274 4305 1376 4362 caete

91 4403 171 4478 requi
185 4399 375 4466 indivissam
391 4399 523 4478 Christi,
535 4411 567 4462 at
581 4399 747 4464 Ecclesiae
762 4403 1020 4485 conjunctionem
1045 4404 1123 4467 olim
1138 4403 1374 4486 significabant,

90 4501 167 4566 unde
181 4524 244 4570 non
261 4505 491 4602 undecumque
512 4505 688 4589 perlectum
702 4509 736 4574 in
751 4510 904 4575 secundis
917 4511 1038 4594 nuptiis
1060 4511 1271 4581 videturesse
1286 4535 1372 4602 mys·
1414 4493 1422 4502 ’

978 4607 995 4632 a
