3250 4976
432 412 436 421 Ι
482 341 566 422 ΙιιΙι
580 339 839 454 suspensurum
853 341 1029 403 cauam
1102 415 1108 430 Ι
1155 304 1157 310 ’
1364 313 1429 429 βξ

127 463 224 569 neele
230 467 430 570 ttlppsbavit
443 468 641 564 seutentiam
651 441 872 550 suspensionis
887 471 908 532 a
921 461 1089 544 beneficio,
1101 479 1202 550 qpstu
1216 449 1430 548 autumpni

127 575 236 648 fessus
257 587 354 701 est,
340 595 375 640 se
400 554 484 645 ratu
509 575 712 700 improbate,
730 573 854 644 facttum
880 571 1052 669 superioris
1065 587 1237 650 excusans,
1222 567 1430 724 propterea

54 860 58 870 ,
116 791 205 866 'nem
229 775 309 872 usne
335 752 406 864 esse
431 803 562 878 poterat,
585 801 742 874 ageretur
786 781 1027 870 Hirrcdenique
1052 757 1133 864 fluit,
1159 775 1338 866 aliquando
1356 779 1429 848 esse

122 919 216 986 posse
232 899 386 980 aliquem
403 917 599 980 stupensum
615 897 736 959 ratione
751 891 814 972 sul,
840 911 915 961 nou
920 891 1065 970 aliorum,
1083 889 1127 954 uti
1142 889 1302 973 contingit
1321 890 1355 952 in
1370 885 1429 951 cri·

123 1007 213 1074 mine
227 1009 363 1087 occulto,
389 1008 442 1092 cui
459 1005 616 1076 inmineat
641 1023 710 1091 rpso
724 984 810 1070 lacto
834 1003 1055 1106 suspensionis
1079 1019 1227 1064 censura:
1249 992 1428 1082 aliquando

121 1133 216 1200 posse
231 1114 385 1198 aliquem
400 1111 556 1198 suspendi
572 1111 693 1174 ratione
717 1104 863 1191 aliorum,
890 1129 956 1174 non
971 1109 1032 1212 sui,
1057 1107 1159 1171 relrrti
1174 1107 1216 1172 ab
1235 1107 1429 1171 exercitione

119 1237 287 1286 sacrorum
312 1240 354 1288 ex
369 1220 508 1301 simplici
533 1219 715 1318 suspicione
738 1219 890 1298 criminis,
914 1237 980 1299 qua
997 1215 1029 1284 in
1035 1217 1164 1308 specie
1171 1215 1320 1280 nonnihil
1337 1215 1429 1283 relin-

54 1389 55 1392 ,
120 1331 235 1412 quitur
249 1332 379 1396 arbitrio
394 1329 543 1432 Praelati,
560 1343 595 1392 ιιι
607 1343 749 1414 coerceat
765 1331 985 1422 suspensionis
1002 1315 1195 1391 mandatnm
1208 1325 1252 1390 'ed
1265 1347 1357 1391 sacra
1373 1345 1429 1410 pu·

119 1435 370 1518 blicegerenda,
396 1449 430 1498 et
444 1439 624 1520 permittere
647 1437 762 1513 valeat,
765 1456 847 1526 Ιριο
875 1433 1066 1517 suspicionis
1093 1434 1198 1517 modo,
1221 1435 1430 1502 Clericusus·

119 1561 223 1630 pecto
228 1524 457 1642 exercitionem
483 1549 604 1634 ordinis
620 1549 786 1631 privatim
795 1548 991 1627 habendnm;
1019 1561 1051 1612 et
1066 1545 1245 1628 aliquando
1266 1567 1357 1630 posse
1373 1519 1430 1612 nli-

115 1675 220 1749 quem
236 1677 307 1718 esse
332 1675 527 1748 suspensum
543 1668 576 1718 et
591 1659 712 1720 ratione
728 1655 788 1736 sni,
815 1657 1008 1734 stallorum,
1035 1655 1090 1719 ιι1)1
1106 1655 1226 1750 crimen
1249 1661 1362 1716 verum
1378 1653 1428 1752 sit,

115 1777 150 1850 et
168 1765 359 1848 pubiicum,
364 1767 395 1828 id
411 1780 467 1848 est,
479 1765 601 1874 judicio
618 1767 745 1870 puplice
762 1767 941 1850 prffobatum
1006 1755 1011 1767 ’
1031 1849 1034 1860 Ι

146 1879 295 1974 Proprie
311 1900 449 1944 censura
474 1881 696 1978 suspensionis
712 1893 768 1960 cst,
784 1881 917 1944 eumad
934 1885 1070 1964 tempus
1077 1851 1392 1946 indeterminatum
1384 1901 1430 1945 ru

116 1966 244 2078 digitur
258 1993 300 2054 ad
317 2013 418 2077 reum
433 1994 687 2079 emendandum,
714 2005 746 2056 et
762 1994 794 2056 in
810 1993 873 2090 hoc
898 1999 918 2057 a
934 1979 1137 2090 depositione
1148 2006 1302 2078 perpetua
1318 1996 1430 2060 distin·

113 2103 238 2190 guitur.
282 2100 431 2166 Refertru
456 2113 566 2166 alitem
582 2101 624 2166 ad
650 2083 849 2164 functiones
860 2104 1038 2180 universas,
1065 2104 1134 2166 sive
1137 2088 1330 2184 clericales,
1357 2087 1429 2168 siue

114 2211 326 2284 morrasticas,
355 2209 422 2275 sire
441 2207 515 2270 illae
533 2210 604 2275 sint
620 2205 751 2288 ordinis,
778 2207 846 2270 sive
862 2201 1161 2302 administrationis
1185 2203 1216 2273 ct
1232 2231 1264 2274 ιιι
1289 2209 1350 2307 lucc
1366 2208 1456 2299 dis-u

113 2313 278 2396 tinguitur
292 2314 334 2376 ab
349 2313 697 2396 excommunicatione,
723 2327 807 2396 quae
823 2311 956 2380 refertur
970 2315 1012 2377 ad
1028 2317 1117 2379 bona¹
1134 2288 1309 2419 iidelibus
1302 2313 1429 2404 siniret·

109 2420 160 2482 eis
179 2420 375 2510 communia,
402 2437 539 2503 eamque
555 2419 596 2481 ob
621 2439 755 2481 causam
774 2419 819 2482 ita
832 2411 967 2482 definita
982 2433 1039 2502 est,
1059 2434 1102 2484 ut
1117 2417 1171 2506 per
1192 2410 1266 2486 earu
1283 2395 1426 2508 Clericis,

111 2539 176 2598 aut
196 2527 365 2590 lllonachis
382 2525 598 2628 inter-dicatur,
615 2545 655 2589 nc
670 2513 782 2590 ordine
798 2547 867 2607 stro,
883 2527 1029 2595 officiove
1044 2514 1231 2617 fungantur,
1248 2549 1330 2592 treve
1345 2531 1429 2595 lr·uc

108 2645 169 2700 tos
185 2633 415 2702 beneficiorum
442 2637 571 2738 percipe
551 2635 625 2716 iarrt,
643 2655 707 2699 nou
735 2637 864 2698 solum
852 2655 923 2719 Juro
939 2635 1156 2714 ordinationis,
1179 2636 1237 2699 sed
1252 2649 1283 2699 et
1292 2639 1365 2721 jure
1380 2615 1427 2700 on

108 2747 192 2835 licit,
222 2743 433 2824 barreficnque
451 2753 579 2806 retento
623 2745 726 2843 lgunr
742 2743 849 2808 tulcrn
876 2757 978 2828 potest
993 2763 1129 2807 censura
1152 2764 1411 2830 suspensionis
1391 2759 1425 2808 ιιι
1520 2807 1523 2812 ,
1614 2721 1615 2788 f

107 2855 260 2922 Clericus
275 2872 388 2934 aenne,
414 2873 452 2914 ac
469 2873 501 2914 m
518 2853 706 2932 nonanus
733 2868 790 2916 aut
805 2851 1118 2932 Sarrctuuouralrs
1110 2873 1208 2923 imino
1223 2865 1252 2916 et
1276 2873 1307 2916 ru
1326 2853 1425 2917 Cleri
1479 2853 1484 2862 '

106 2975 240 3036 corum,
272 2957 514 3038 Meuaclromm,
543 2971 601 3022 aut
625 2961 931 3025 sanctimonialium
958 2961 1110 3046 collegia.
1155 2965 1323 3046 Siquidem
1348 2945 1426 3027 hae-

105 3081 188 3134 rent
202 3061 243 3150 'iis
258 3051 409 3129 omuibus
421 3067 503 3150 jura,
520 3069 605 3128 circa
621 3087 704 3148 quae
731 3070 901 3152 suspensio
917 3081 1070 3130 versatur.
1115 3067 1276 3152 Respecto
1293 3071 1425 3154 Capitu-

104 3175 220 3241 lortnn
236 3185 322 3252 sunt,
349 3191 433 3252 qnae
450 3171 567 3234 lituu
559 3189 592 3236 ru
608 3175 781 3252 conrruuui,
809 3189 886 3259 puta
897 3177 952 3259 jus
978 3170 1152 3258 eligendi,
1139 3199 1194 3264 Jus
1221 3179 1426 3244 celebrando·

103 3303 188 3352 rum
213 3285 399 3361 officiorum,
420 3285 500 3368 J'us
491 3283 669 3368 suffragii'
663 3305 694 3375 ur
710 3289 846 3368 negotiis
873 3287 1122 3370 Capitularibus,
1145 3301 1177 3353 el
1196 3293 1325 3358 similia.
1373 3293 1425 3356 De

102 3393 327 3472 suspensione
343 3391 406 3452 ab'
394 3409 465 3474 Jure
480 3387 620 3490 eligendi
634 3389 670 3452 lit
686 3406 806 3454 menno
821 3393 854 3458 in
870 3413 940 3494 cap
956 3393 984 3458 7.
1003 3395 1024 3463 1.
1043 3397 1098 3460 ult.
1115 3395 1156 3458 de
1171 3397 1260 3461 elect.
1287 3397 1366 3461 lle
1351 3419 1421 3463 sus·

102 3508 270 3590 pensione
287 3505 328 3566 ab
354 3505 467 3567 officiis
484 3485 604 3568 nictatio
630 3507 689 3569 fit
682 3525 713 3570 ιιι
729 3528 799 3592 cap.
816 3509 866 3572 40.
883 3509 923 3571 dc
938 3507 1131 3575 electionis
1147 3513 1186 3590 6
1211 3525 1243 3576 et
1258 3515 1290 3576 in
1307 3513 1426 3577 Coraci·

100 3612 155 3677 lio
174 3609 366 3678 Tridentino
392 3611 700 3692 sess.23.cap.10.
728 3611 767 3674 de
793 3613 967 3678 Reformat.
1005 3607 1202 3682 'Notandum
1228 3633 1338 3683 autem
1363 3609 1422 3710 est,

101 3719 169 3785 ubi
185 3719 338 3802 (lapitula
363 3720 515 3782 dicuntur
522 3711 695 3838 suspendi
711 3715 732 3783 a
746 3719 875 3800 divinis,
903 3724 1036 3805 intelligi
1066 3745 1226 3808 suspensa
1253 3735 1273 3794 a
1288 3731 1424 3821 divinis,

99 3845 199 3910 quae
216 3825 322 3888 finnt
316 3846 347 3887 ru
364 3825 539 3905 communi,
566 3845 630 3889 non
647 3839 755 3891 autem
772 3827 848 3889 ab''
829 3847 877 3907 ns,
893 3847 978 3912 ‹Juae
993 3833 1112 3914 singuli
1131 3831 1172 3896 de
1187 3835 1339 3918 Capitulo
1353 3839 1419 3901 obi

98 3947 193 4010 rent3
211 3953 286 3996 cum
313 3933 452 3995 mrrltum
469 3935 564 3996 distet
580 3937 750 4016 suspensio
775 3935 1028 4020 Collegiorum
1013 3943 1260 4026 astrapensionc
1276 3945 1423 4052 singula·

98 4047 200 4113 rium
215 4065 287 4128 pers
273 4065 435 4123 enarum,
464 4057 537 4108 unu
553 4049 631 4108 istae
647 4032 829 4128 Collegium
854 4065 1059 4132 componant.
1104 4055 1265 4138 Respectu
1280 4043 1426 4142 singula·

98 4153 197 4216 rium
217 4172 423 4234 personarum
449 4154 618 4236 suspensio
635 4154 766 4217 refertur
791 4152 959 4223 adomnia
980 4163 1062 4244 J'nra,
1088 4185 1174 4248 quae
1200 4167 1421 4250 sirrgulaiibus
1479 4201 1482 4208 ι

92 4255 234 4321 eisdem
263 4259 404 4340 personis
420 4273 617 4341 competunt.
662 4261 884 4343 Speciulisest
908 4267 949 4329 de
965 4263 1136 4350 Episcunis
1162 4273 1335 4340 cotrstltuta
1360 4278 1425 4341 dis·

91 4363 240 4452 ciplina,
267 4365 343 4430 item
359 4365 399 4429 de
415 4363 572 4430 Praelatis
597 4369 861 4452 quibuscumque
882 4371 1046 4520 ¹Epippopo
1059 4347 1258 4532 pppsjnppplpps,
1267 4395 1302 4448 ut
1317 4383 1339 4447 ii
1358 4403 1424 4452 non

984 4479 1043 4522 ou.
1289 4508 1293 4516 .
