<?xml version="1.0" encoding="UTF-8"?>
<!DOCTYPE html PUBLIC "-//W3C//DTD XHTML 1.0 Transitional//EN"
    "http://www.w3.org/TR/xhtml1/DTD/xhtml1-transitional.dtd">
<html xmlns="http://www.w3.org/1999/xhtml" xml:lang="en" lang="en">
 <head>
  <title>
</title>
<meta http-equiv="Content-Type" content="text/html;charset=utf-8" />
  <meta name='ocr-system' content='tesseract 3.04.00' />
  <meta name='ocr-capabilities' content='ocr_page ocr_carea ocr_par ocr_line ocrx_word'/>
</head>
<body>
  <div class='ocr_page' id='page_1' title='image "./carolisebastian00beragoog_0314.png"; bbox 0 0 3146 4980; ppageno 0'>
   <div class='ocr_carea' id='block_1_1' title="bbox 327 423 1377 510">
    <p class='ocr_par' dir='ltr' id='par_1_1' title="bbox 327 423 1377 510">
     <span class='ocr_line' id='line_1_1' title="bbox 327 423 1377 510; baseline 0.004 -4"><span class='ocrx_word' id='word_1_1' title='bbox 327 462 374 506; x_wconf 86' lang='lat' dir='ltr'><strong>ns</strong></span> <span class='ocrx_word' id='word_1_2' title='bbox 390 460 554 506; x_wconf 77' lang='lat' dir='ltr'><strong>consueta</strong></span> <span class='ocrx_word' id='word_1_3' title='bbox 573 459 662 507; x_wconf 77' lang='grc'><strong>111111</strong></span> <span class='ocrx_word' id='word_1_4' title='bbox 678 423 885 506; x_wconf 67' lang='lat' dir='ltr'><strong>ostentmst</strong></span> <span class='ocrx_word' id='word_1_5' title='bbox 903 461 1135 508; x_wconf 78' lang='lat' dir='ltr'><strong>sennonteus.</strong></span> <span class='ocrx_word' id='word_1_6' title='bbox 1315 437 1377 510; x_wconf 80' lang='lat' dir='ltr'><strong>ott</strong></span> 
     </span>
    </p>
   </div>
   <div class='ocr_carea' id='block_1_2' title="bbox 17 563 1465 4622">
    <p class='ocr_par' dir='ltr' id='par_1_2' title="bbox 93 563 1385 1760">
     <span class='ocr_line' id='line_1_2' title="bbox 100 563 1381 666; baseline 0.005 -24"><span class='ocrx_word' id='word_1_7' title='bbox 100 581 141 646; x_wconf 88' lang='lat' dir='ltr'><strong>rel</strong></span> <span class='ocrx_word' id='word_1_8' title='bbox 150 580 265 646; x_wconf 86' lang='lat' dir='ltr'><strong>salutis</strong></span> <span class='ocrx_word' id='word_1_9' title='bbox 285 581 470 663; x_wconf 74' lang='lat' dir='ltr'><strong>discrimen,</strong></span> <span class='ocrx_word' id='word_1_10' title='bbox 496 585 567 646; x_wconf 84' lang='lat' dir='ltr'><strong>sire</strong></span> <span class='ocrx_word' id='word_1_11' title='bbox 581 583 624 646; x_wconf 93' lang='lat' dir='ltr'><strong>ob</strong></span> <span class='ocrx_word' id='word_1_12' title='bbox 648 582 770 646; x_wconf 88' lang='lat' dir='ltr'><strong>itineris</strong></span> <span class='ocrx_word' id='word_1_13' title='bbox 783 563 1000 665; x_wconf 81' lang='lat' dir='ltr'><strong>difficultates,</strong></span> <span class='ocrx_word' id='word_1_14' title='bbox 1027 581 1097 648; x_wconf 87' lang='lat' dir='ltr'><strong>sire</strong></span> <span class='ocrx_word' id='word_1_15' title='bbox 1117 581 1160 646; x_wconf 92' lang='lat' dir='ltr'><strong>ob</strong></span> <span class='ocrx_word' id='word_1_16' title='bbox 1184 592 1381 666; x_wconf 77' lang='lat' dir='ltr'><strong>compertam</strong></span> 
     </span>
     <span class='ocr_line' id='line_1_3' title="bbox 103 690 1382 774; baseline -0.002 -20"><span class='ocrx_word' id='word_1_17' title='bbox 103 693 167 756; x_wconf 85' lang='lat' dir='ltr'><strong>aeris</strong></span> <span class='ocrx_word' id='word_1_18' title='bbox 179 693 416 759; x_wconf 66' lang='lat' dir='ltr'><strong>inclementiam</strong></span> <span class='ocrx_word' id='word_1_19' title='bbox 440 691 638 757; x_wconf 78' lang='lat' dir='ltr'><strong>adducaturl</strong></span> <span class='ocrx_word' id='word_1_20' title='bbox 681 691 775 762; x_wconf 81' lang='lat' dir='ltr'><strong>Quid</strong></span> <span class='ocrx_word' id='word_1_21' title='bbox 791 692 876 771; x_wconf 85' lang='lat' dir='ltr'><strong>item,</strong></span> <span class='ocrx_word' id='word_1_22' title='bbox 892 693 919 755; x_wconf 88' lang='lat' dir='ltr'><strong>si</strong></span> <span class='ocrx_word' id='word_1_23' title='bbox 945 692 988 756; x_wconf 86' lang='lat' dir='ltr'><strong>ed</strong></span> <span class='ocrx_word' id='word_1_24' title='bbox 1003 690 1230 756; x_wconf 86' lang='lat' dir='ltr'><strong>brevissimum</strong></span> <span class='ocrx_word' id='word_1_25' title='bbox 1253 701 1382 774; x_wconf 87' lang='lat' dir='ltr'><strong>tempus</strong></span> 
     </span>
     <span class='ocr_line' id='line_1_4' title="bbox 103 791 1383 882; baseline 0 -20"><span class='ocrx_word' id='word_1_26' title='bbox 103 803 219 864; x_wconf 70' lang='lat' dir='ltr'><strong>nnius</strong></span> <span class='ocrx_word' id='word_1_27' title='bbox 230 802 504 867; x_wconf 73' lang='lat' dir='ltr'><strong>sitdisoesserosl</strong></span> <span class='ocrx_word' id='word_1_28' title='bbox 539 801 577 864; x_wconf 90' lang='lat' dir='ltr'><strong>ln</strong></span> <span class='ocrx_word' id='word_1_29' title='bbox 593 801 654 880; x_wconf 87' lang='lat' dir='ltr'><strong>his,</strong></span> <span class='ocrx_word' id='word_1_30' title='bbox 670 815 728 864; x_wconf 90' lang='lat' dir='ltr'><strong>aut</strong></span> <span class='ocrx_word' id='word_1_31' title='bbox 742 800 906 866; x_wconf 81' lang='lat' dir='ltr'><strong>similibus</strong></span> <span class='ocrx_word' id='word_1_32' title='bbox 920 801 1060 881; x_wconf 81' lang='lat' dir='ltr'><strong>casibus,</strong></span> <span class='ocrx_word' id='word_1_33' title='bbox 1075 820 1140 866; x_wconf 91' lang='lat' dir='ltr'><strong>non</strong></span> <span class='ocrx_word' id='word_1_34' title='bbox 1155 811 1213 882; x_wconf 83' lang='lat' dir='ltr'><strong>est,</strong></span> <span class='ocrx_word' id='word_1_35' title='bbox 1227 791 1285 864; x_wconf 87' lang='lat' dir='ltr'><strong>cur</strong></span> <span class='ocrx_word' id='word_1_36' title='bbox 1300 816 1383 864; x_wconf 85' lang='lat' dir='ltr'><strong>uxor</strong></span> 
     </span>
     <span class='ocr_line' id='line_1_5' title="bbox 103 905 1380 994; baseline 0.003 -26"><span class='ocrx_word' id='word_1_37' title='bbox 103 905 134 968; x_wconf 82' lang='lat' dir='ltr'><strong>ud</strong></span> <span class='ocrx_word' id='word_1_38' title='bbox 145 909 291 976; x_wconf 66' lang='lat' dir='ltr'><strong>merium</strong></span> <span class='ocrx_word' id='word_1_39' title='bbox 304 908 509 990; x_wconf 73' lang='lat' dir='ltr'><strong>sequentinm</strong></span> <span class='ocrx_word' id='word_1_40' title='bbox 523 907 618 972; x_wconf 84' lang='lat' dir='ltr'><strong>ieeile</strong></span> <span class='ocrx_word' id='word_1_41' title='bbox 631 909 791 991; x_wconf 79' lang='lat' dir='ltr'><strong>adigatur.</strong></span> <span class='ocrx_word' id='word_1_42' title='bbox 835 909 993 974; x_wconf 82' lang='lat' dir='ltr'><strong>Nonnulli</strong></span> <span class='ocrx_word' id='word_1_43' title='bbox 1008 908 1135 974; x_wconf 84' lang='lat' dir='ltr'><strong>addunt</strong></span> <span class='ocrx_word' id='word_1_44' title='bbox 1149 906 1249 974; x_wconf 86' lang='lat' dir='ltr'><strong>aliam</strong></span> <span class='ocrx_word' id='word_1_45' title='bbox 1264 927 1380 994; x_wconf 78' lang='lat' dir='ltr'><strong>exeep-</strong></span> 
     </span>
     <span class='ocr_line' id='line_1_6' title="bbox 100 1018 1382 1104; baseline 0.003 -24"><span class='ocrx_word' id='word_1_46' title='bbox 100 1019 195 1083; x_wconf 87' lang='lat' dir='ltr'><strong>tionem</strong></span> <span class='ocrx_word' id='word_1_47' title='bbox 219 1021 325 1102; x_wconf 87' lang='lat' dir='ltr'><strong>gratia</strong></span> <span class='ocrx_word' id='word_1_48' title='bbox 352 1021 471 1100; x_wconf 79' lang='lat' dir='ltr'><strong>uxoris,</strong></span> <span class='ocrx_word' id='word_1_49' title='bbox 497 1019 591 1104; x_wconf 86' lang='lat' dir='ltr'><strong>eujus</strong></span> <span class='ocrx_word' id='word_1_50' title='bbox 616 1021 753 1087; x_wconf 85' lang='lat' dir='ltr'><strong>maritus</strong></span> <span class='ocrx_word' id='word_1_51' title='bbox 775 1019 819 1084; x_wconf 90' lang='lat' dir='ltr'><strong>ob</strong></span> <span class='ocrx_word' id='word_1_52' title='bbox 832 1020 956 1084; x_wconf 84' lang='lat' dir='ltr'><strong>erieretr</strong></span> <span class='ocrx_word' id='word_1_53' title='bbox 979 1019 1163 1084; x_wconf 78' lang='lat' dir='ltr'><strong>admisetrm</strong></span> <span class='ocrx_word' id='word_1_54' title='bbox 1188 1019 1222 1084; x_wconf 92' lang='lat' dir='ltr'><strong>in</strong></span> <span class='ocrx_word' id='word_1_55' title='bbox 1243 1018 1382 1084; x_wconf 85' lang='lat' dir='ltr'><strong>exilium</strong></span> 
     </span>
     <span class='ocr_line' id='line_1_7' title="bbox 97 1109 1383 1210; baseline 0.003 -20"><span class='ocrx_word' id='word_1_56' title='bbox 97 1128 218 1192; x_wconf 84' lang='grc'><strong>1111111111.</strong></span> <span class='ocrx_word' id='word_1_57' title='bbox 256 1129 377 1192; x_wconf 82' lang='lat' dir='ltr'><strong>Verum</strong></span> <span class='ocrx_word' id='word_1_58' title='bbox 392 1147 457 1192; x_wconf 85' lang='lat' dir='ltr'><strong>non</strong></span> <span class='ocrx_word' id='word_1_59' title='bbox 475 1127 600 1192; x_wconf 81' lang='lat' dir='ltr'><strong>videtur</strong></span> <span class='ocrx_word' id='word_1_60' title='bbox 614 1129 697 1191; x_wconf 84' lang='lat' dir='ltr'><strong>haee</strong></span> <span class='ocrx_word' id='word_1_61' title='bbox 709 1109 858 1210; x_wconf 76' lang='lat' dir='ltr'><strong>exoe&#39;ptio</strong></span> <span class='ocrx_word' id='word_1_62' title='bbox 871 1125 1064 1210; x_wconf 80' lang='lat' dir='ltr'><strong>generaliter</strong></span> <span class='ocrx_word' id='word_1_63' title='bbox 1078 1123 1289 1204; x_wconf 84' lang='lat' dir='ltr'><strong>admittenda,</strong></span> <span class='ocrx_word' id='word_1_64' title='bbox 1304 1143 1383 1194; x_wconf 83' lang='lat' dir='ltr'><strong>oum</strong></span> 
     </span>
     <span class='ocr_line' id='line_1_8' title="bbox 96 1233 1384 1318; baseline 0.002 -22"><span class='ocrx_word' id='word_1_65' title='bbox 96 1241 182 1315; x_wconf 80' lang='lat' dir='ltr'><strong>poem</strong></span> <span class='ocrx_word' id='word_1_66' title='bbox 195 1235 228 1298; x_wconf 85' lang='grc'><strong>111</strong></span> <span class='ocrx_word' id='word_1_67' title='bbox 244 1236 398 1300; x_wconf 81' lang='lat' dir='ltr'><strong>met-itum</strong></span> <span class='ocrx_word' id='word_1_68' title='bbox 412 1233 546 1315; x_wconf 76' lang='lat' dir='ltr'><strong>inflicta,</strong></span> <span class='ocrx_word' id='word_1_69' title='bbox 562 1237 724 1315; x_wconf 77' lang='lat' dir='ltr'><strong>societate,</strong></span> <span class='ocrx_word' id='word_1_70' title='bbox 740 1247 839 1318; x_wconf 86' lang='lat' dir='ltr'><strong>atque</strong></span> <span class='ocrx_word' id='word_1_71' title='bbox 854 1233 1025 1299; x_wconf 85' lang='lat' dir='ltr'><strong>individua</strong></span> <span class='ocrx_word' id='word_1_72' title='bbox 1051 1235 1138 1298; x_wconf 83' lang='lat' dir='ltr'><strong>vitae</strong></span> <span class='ocrx_word' id='word_1_73' title='bbox 1153 1233 1384 1300; x_wconf 83' lang='lat' dir='ltr'><strong>oommtreiotre</strong></span> 
     </span>
     <span class='ocr_line' id='line_1_9' title="bbox 96 1339 1385 1428; baseline -0.001 -22"><span class='ocrx_word' id='word_1_74' title='bbox 96 1361 212 1408; x_wconf 77' lang='lat' dir='ltr'><strong>merem</strong></span> <span class='ocrx_word' id='word_1_75' title='bbox 226 1344 362 1408; x_wconf 85' lang='lat' dir='ltr'><strong>minime</strong></span> <span class='ocrx_word' id='word_1_76' title='bbox 378 1343 498 1424; x_wconf 88' lang='lat' dir='ltr'><strong>liberet,</strong></span> <span class='ocrx_word' id='word_1_77' title='bbox 524 1355 717 1428; x_wconf 84' lang='lat' dir='ltr'><strong>argumento</strong></span> <span class='ocrx_word' id='word_1_78' title='bbox 731 1345 867 1408; x_wconf 84' lang='lat' dir='ltr'><strong>canonis</strong></span> <span class='ocrx_word' id='word_1_79' title='bbox 883 1343 952 1408; x_wconf 84' lang='lat'>103.</span> <span class='ocrx_word' id='word_1_80' title='bbox 967 1361 1057 1406; x_wconf 80' lang='lat' dir='ltr'><strong>eatis.</strong></span> <span class='ocrx_word' id='word_1_81' title='bbox 1086 1341 1134 1406; x_wconf 90' lang='lat'><strong>11.</strong></span> <span class='ocrx_word' id='word_1_82' title='bbox 1149 1351 1274 1424; x_wconf 83' lang='lat' dir='ltr'><strong>quaest</strong></span> <span class='ocrx_word' id='word_1_83' title='bbox 1289 1339 1329 1421; x_wconf 86' lang='grc'><strong>3.,</strong></span> <span class='ocrx_word' id='word_1_84' title='bbox 1350 1351 1385 1406; x_wconf 87' lang='lat' dir='ltr'><strong>et</strong></span> 
     </span>
     <span class='ocr_line' id='line_1_10' title="bbox 93 1453 1385 1550; baseline -0.002 -30"><span class='ocrx_word' id='word_1_85' title='bbox 93 1455 274 1537; x_wconf 68' lang='grc'><strong>1111311111</strong></span> <span class='ocrx_word' id='word_1_86' title='bbox 299 1465 436 1520; x_wconf 67' lang='grc'><strong>1111111111.</strong></span> <span class='ocrx_word' id='word_1_87' title='bbox 450 1457 698 1550; x_wconf 79' lang='lat' dir='ltr'><strong>excommunie,</strong></span> <span class='ocrx_word' id='word_1_88' title='bbox 725 1471 831 1538; x_wconf 87' lang='lat' dir='ltr'><strong>neque</strong></span> <span class='ocrx_word' id='word_1_89' title='bbox 846 1455 926 1520; x_wconf 87' lang='lat' dir='ltr'><strong>satis</strong></span> <span class='ocrx_word' id='word_1_90' title='bbox 950 1473 1055 1538; x_wconf 88' lang='lat' dir='ltr'><strong>aequo</strong></span> <span class='ocrx_word' id='word_1_91' title='bbox 1068 1453 1204 1518; x_wconf 88' lang='lat' dir='ltr'><strong>oonsilio</strong></span> <span class='ocrx_word' id='word_1_92' title='bbox 1224 1453 1385 1518; x_wconf 83' lang='lat' dir='ltr'><strong>recederet</strong></span> 
     </span>
     <span class='ocr_line' id='line_1_11' title="bbox 93 1561 1384 1645; baseline -0.002 -17"><span class='ocrx_word' id='word_1_93' title='bbox 93 1581 170 1645; x_wconf 76' lang='lat' dir='ltr'><strong>uxor,</strong></span> <span class='ocrx_word' id='word_1_94' title='bbox 181 1566 264 1630; x_wconf 86' lang='lat' dir='ltr'><strong>dum</strong></span> <span class='ocrx_word' id='word_1_95' title='bbox 279 1565 496 1633; x_wconf 77' lang='lat' dir='ltr'><strong>miserabilem</strong></span> <span class='ocrx_word' id='word_1_96' title='bbox 512 1565 660 1632; x_wconf 69' lang='lat' dir='ltr'><strong>dmuuati</strong></span> <span class='ocrx_word' id='word_1_97' title='bbox 674 1565 891 1632; x_wconf 86' lang='lat' dir='ltr'><strong>oonditionem</strong></span> <span class='ocrx_word' id='word_1_98' title='bbox 906 1561 1095 1628; x_wconf 88' lang='lat' dir='ltr'><strong>divertendo</strong></span> <span class='ocrx_word' id='word_1_99' title='bbox 1121 1561 1266 1628; x_wconf 85' lang='lat' dir='ltr'><strong>redderet</strong></span> <span class='ocrx_word' id='word_1_100' title='bbox 1279 1561 1384 1628; x_wconf 86' lang='lat' dir='ltr'><strong>multo</strong></span> 
     </span>
     <span class='ocr_line' id='line_1_12' title="bbox 95 1677 1074 1760; baseline -0.001 -20"><span class='ocrx_word' id='word_1_101' title='bbox 95 1678 283 1758; x_wconf 65' lang='lat' dir='ltr'><strong>namnetem,</strong></span> <span class='ocrx_word' id='word_1_102' title='bbox 296 1689 491 1760; x_wconf 73' lang='lat' dir='ltr'><strong>ergatmeeto</strong></span> <span class='ocrx_word' id='word_1_103' title='bbox 504 1678 524 1740; x_wconf 94' lang='lat' dir='ltr'><strong>l.</strong></span> <span class='ocrx_word' id='word_1_104' title='bbox 539 1679 591 1741; x_wconf 69' lang='grc'><strong>29.</strong></span> <span class='ocrx_word' id='word_1_105' title='bbox 608 1682 630 1747; x_wconf 85' lang='grc'><strong>1.</strong></span> <span class='ocrx_word' id='word_1_106' title='bbox 646 1679 675 1742; x_wconf 83' lang='grc'><strong>8.</strong></span> <span class='ocrx_word' id='word_1_107' title='bbox 690 1678 724 1741; x_wconf 87' lang='lat' dir='ltr'><strong>il.</strong></span> <span class='ocrx_word' id='word_1_108' title='bbox 740 1677 845 1742; x_wconf 83' lang='lat' dir='ltr'><strong>soluto</strong></span> <span class='ocrx_word' id='word_1_109' title='bbox 861 1677 1074 1742; x_wconf 85' lang='lat' dir='ltr'><strong>matrimonio.</strong></span> 
     </span>
    </p>

    <p class='ocr_par' dir='ltr' id='par_1_3' title="bbox 17 1783 1465 4622">
     <span class='ocr_line' id='line_1_13' title="bbox 101 1783 1381 1873; baseline -0.002 -21"><span class='ocrx_word' id='word_1_110' title='bbox 101 1789 246 1869; x_wconf 66' lang='lat' dir='ltr'><strong>sir-ao,</strong></span> <span class='ocrx_word' id='word_1_111' title='bbox 275 1789 367 1871; x_wconf 84' lang='lat' dir='ltr'><strong>quod</strong></span> <span class='ocrx_word' id='word_1_112' title='bbox 386 1789 441 1854; x_wconf 82' lang='lat' dir='ltr'><strong>¹sir</strong></span> <span class='ocrx_word' id='word_1_113' title='bbox 470 1807 605 1854; x_wconf 73' lang='lat' dir='ltr'><strong>terrorem</strong></span> <span class='ocrx_word' id='word_1_114' title='bbox 631 1789 872 1873; x_wconf 80' lang='lat' dir='ltr'><strong>quodammodo</strong></span> <span class='ocrx_word' id='word_1_115' title='bbox 900 1789 1021 1852; x_wconf 83' lang='lat' dir='ltr'><strong>habeat</strong></span> <span class='ocrx_word' id='word_1_116' title='bbox 1044 1788 1080 1852; x_wconf 86' lang='lat' dir='ltr'><strong>in</strong></span> <span class='ocrx_word' id='word_1_117' title='bbox 1108 1796 1274 1870; x_wconf 80' lang='lat' dir='ltr'><strong>potestate,</strong></span> <span class='ocrx_word' id='word_1_118' title='bbox 1300 1783 1381 1852; x_wconf 87' lang='lat' dir='ltr'><strong>illud</strong></span> 
     </span>
     <span class='ocr_line' id='line_1_14' title="bbox 93 1894 1386 1983; baseline -0.001 -24"><span class='ocrx_word' id='word_1_119' title='bbox 93 1898 177 1964; x_wconf 83' lang='lat' dir='ltr'><strong>etiarn</strong></span> <span class='ocrx_word' id='word_1_120' title='bbox 189 1901 348 1981; x_wconf 79' lang='lat' dir='ltr'><strong>sequitur,</strong></span> <span class='ocrx_word' id='word_1_121' title='bbox 375 1901 420 1963; x_wconf 86' lang='lat' dir='ltr'><strong>nti</strong></span> <span class='ocrx_word' id='word_1_122' title='bbox 434 1901 586 1983; x_wconf 82' lang='lat' dir='ltr'><strong>superius</strong></span> <span class='ocrx_word' id='word_1_123' title='bbox 600 1900 755 1964; x_wconf 78' lang='lat' dir='ltr'><strong>traditum</strong></span> <span class='ocrx_word' id='word_1_124' title='bbox 769 1911 828 1980; x_wconf 87' lang='lat' dir='ltr'><strong>est,</strong></span> <span class='ocrx_word' id='word_1_125' title='bbox 842 1911 878 1961; x_wconf 89' lang='grc'><strong>111</strong></span> <span class='ocrx_word' id='word_1_126' title='bbox 903 1897 1005 1982; x_wconf 85' lang='lat' dir='ltr'><strong>possit</strong></span> <span class='ocrx_word' id='word_1_127' title='bbox 1018 1897 1109 1962; x_wconf 88' lang='lat' dir='ltr'><strong>illam</strong></span> <span class='ocrx_word' id='word_1_128' title='bbox 1129 1897 1288 1962; x_wconf 81' lang='lat' dir='ltr'><strong>adversus</strong></span> <span class='ocrx_word' id='word_1_129' title='bbox 1301 1894 1386 1959; x_wconf 90' lang='lat' dir='ltr'><strong>deri·</strong></span> 
     </span>
     <span class='ocr_line' id='line_1_15' title="bbox 92 2004 1383 2093; baseline -0.003 -21"><span class='ocrx_word' id='word_1_130' title='bbox 92 2023 217 2090; x_wconf 85' lang='lat' dir='ltr'><strong>nentem,</strong></span> <span class='ocrx_word' id='word_1_131' title='bbox 233 2011 336 2074; x_wconf 83' lang='lat' dir='ltr'><strong>etiem</strong></span> <span class='ocrx_word' id='word_1_132' title='bbox 349 2021 482 2093; x_wconf 80' lang='lat' dir='ltr'><strong>petrem,</strong></span> <span class='ocrx_word' id='word_1_133' title='bbox 499 2009 676 2087; x_wconf 77' lang='lat' dir='ltr'><strong>uindicare,</strong></span> <span class='ocrx_word' id='word_1_134' title='bbox 690 2027 759 2090; x_wconf 76' lang='lat' dir='ltr'><strong>esp.</strong></span> <span class='ocrx_word' id='word_1_135' title='bbox 777 2009 826 2073; x_wconf 88' lang='grc'><strong>11.</strong></span> <span class='ocrx_word' id='word_1_136' title='bbox 842 2007 883 2072; x_wconf 90' lang='lat' dir='ltr'><strong>de</strong></span> <span class='ocrx_word' id='word_1_137' title='bbox 897 2005 1081 2090; x_wconf 80' lang='lat' dir='ltr'><strong>sponsalib,</strong></span> <span class='ocrx_word' id='word_1_138' title='bbox 1098 2006 1175 2070; x_wconf 87' lang='lat' dir='ltr'><strong>itere</strong></span> <span class='ocrx_word' id='word_1_139' title='bbox 1193 2005 1279 2068; x_wconf 84' lang='lat' dir='ltr'><strong>bona</strong></span> <span class='ocrx_word' id='word_1_140' title='bbox 1292 2004 1383 2068; x_wconf 80' lang='lat' dir='ltr'><strong>dota·</strong></span> 
     </span>
     <span class='ocr_line' id='line_1_16' title="bbox 93 2113 1384 2202; baseline -0.002 -20"><span class='ocrx_word' id='word_1_141' title='bbox 93 2119 129 2182; x_wconf 87' lang='lat' dir='ltr'><strong>lia</strong></span> <span class='ocrx_word' id='word_1_142' title='bbox 140 2119 374 2200; x_wconf 66' lang='lat' dir='ltr'><strong>adminstrare,</strong></span> <span class='ocrx_word' id='word_1_143' title='bbox 398 2119 587 2202; x_wconf 80' lang='lat' dir='ltr'><strong>eisdemque</strong></span> <span class='ocrx_word' id='word_1_144' title='bbox 601 2119 648 2182; x_wconf 87' lang='lat' dir='ltr'><strong>nti</strong></span> <span class='ocrx_word' id='word_1_145' title='bbox 663 2118 705 2182; x_wconf 85' lang='lat' dir='ltr'><strong>ad</strong></span> <span class='ocrx_word' id='word_1_146' title='bbox 721 2116 1009 2182; x_wconf 80' lang='lat' dir='ltr'><strong>matrimonialium</strong></span> <span class='ocrx_word' id='word_1_147' title='bbox 1029 2133 1165 2180; x_wconf 87' lang='lat' dir='ltr'><strong>onerum</strong></span> <span class='ocrx_word' id='word_1_148' title='bbox 1179 2113 1384 2180; x_wconf 83' lang='lat' dir='ltr'><strong>administra·</strong></span> 
     </span>
     <span class='ocr_line' id='line_1_17' title="bbox 93 2225 1385 2314; baseline -0.005 -22"><span class='ocrx_word' id='word_1_149' title='bbox 93 2228 206 2310; x_wconf 75' lang='lat' dir='ltr'><strong>leuem,</strong></span> <span class='ocrx_word' id='word_1_150' title='bbox 221 2228 343 2311; x_wconf 82' lang='lat' dir='ltr'><strong>dequo</strong></span> <span class='ocrx_word' id='word_1_151' title='bbox 351 2231 422 2314; x_wconf 82' lang='lat' dir='ltr'><strong>jure</strong></span> <span class='ocrx_word' id='word_1_152' title='bbox 438 2229 569 2295; x_wconf 83' lang='lat' dir='ltr'><strong>abunde</strong></span> <span class='ocrx_word' id='word_1_153' title='bbox 584 2229 777 2292; x_wconf 85' lang='lat' dir='ltr'><strong>disserentes</strong></span> <span class='ocrx_word' id='word_1_154' title='bbox 785 2225 867 2311; x_wconf 88' lang='lat' dir='ltr'><strong>juris</strong></span> <span class='ocrx_word' id='word_1_155' title='bbox 882 2225 989 2289; x_wconf 84' lang='lat' dir='ltr'><strong>civilis</strong></span> <span class='ocrx_word' id='word_1_156' title='bbox 1000 2225 1191 2309; x_wconf 85' lang='lat' dir='ltr'><strong>Interpretes</strong></span> <span class='ocrx_word' id='word_1_157' title='bbox 1206 2225 1385 2307; x_wconf 81' lang='lat' dir='ltr'><strong>unusquis-</strong></span> 
     </span>
     <span class='ocr_line' id='line_1_18' title="bbox 94 2334 1385 2418; baseline -0.002 -18"><span class='ocrx_word' id='word_1_158' title='bbox 94 2355 147 2418; x_wconf 88' lang='lat' dir='ltr'><strong>que</strong></span> <span class='ocrx_word' id='word_1_159' title='bbox 159 2339 252 2402; x_wconf 77' lang='lat' dir='ltr'><strong>tacite</strong></span> <span class='ocrx_word' id='word_1_160' title='bbox 277 2339 430 2402; x_wconf 79' lang='lat' dir='ltr'><strong>inveniet.</strong></span> <span class='ocrx_word' id='word_1_161' title='bbox 472 2338 538 2403; x_wconf 79' lang='lat' dir='ltr'><strong>Sed</strong></span> <span class='ocrx_word' id='word_1_162' title='bbox 552 2347 585 2402; x_wconf 88' lang='lat' dir='ltr'><strong>et</strong></span> <span class='ocrx_word' id='word_1_163' title='bbox 600 2337 735 2400; x_wconf 84' lang='lat' dir='ltr'><strong>maritus</strong></span> <span class='ocrx_word' id='word_1_164' title='bbox 761 2348 886 2400; x_wconf 86' lang='lat' dir='ltr'><strong>tenetur</strong></span> <span class='ocrx_word' id='word_1_165' title='bbox 912 2354 1047 2400; x_wconf 79' lang='lat' dir='ltr'><strong>uxorem</strong></span> <span class='ocrx_word' id='word_1_166' title='bbox 1072 2334 1166 2416; x_wconf 88' lang='lat' dir='ltr'><strong>alere,</strong></span> <span class='ocrx_word' id='word_1_167' title='bbox 1188 2343 1385 2418; x_wconf 87' lang='lat' dir='ltr'><strong>argumento</strong></span> 
     </span>
     <span class='ocr_line' id='line_1_19' title="bbox 92 2441 1384 2530; baseline 0.001 -22"><span class='ocrx_word' id='word_1_168' title='bbox 92 2459 152 2524; x_wconf 75' lang='lat' dir='ltr'><strong>eeu.</strong></span> <span class='ocrx_word' id='word_1_169' title='bbox 171 2445 214 2508; x_wconf 95' lang='grc'><strong>11.</strong></span> <span class='ocrx_word' id='word_1_170' title='bbox 229 2445 271 2508; x_wconf 84' lang='lat' dir='ltr'><strong>de</strong></span> <span class='ocrx_word' id='word_1_171' title='bbox 285 2445 546 2528; x_wconf 77' lang='lat' dir='ltr'><strong>praeemuptlon,</strong></span> <span class='ocrx_word' id='word_1_172' title='bbox 576 2445 661 2509; x_wconf 71' lang='lat'><em>1:80.</em></span> <span class='ocrx_word' id='word_1_173' title='bbox 679 2447 701 2514; x_wconf 85' lang='grc'><strong>1.</strong></span> <span class='ocrx_word' id='word_1_174' title='bbox 716 2446 746 2508; x_wconf 84' lang='grc'><strong>2.</strong></span> <span class='ocrx_word' id='word_1_175' title='bbox 761 2444 794 2508; x_wconf 86' lang='lat' dir='ltr'><strong>ff.</strong></span> <span class='ocrx_word' id='word_1_176' title='bbox 822 2443 863 2508; x_wconf 90' lang='lat' dir='ltr'><strong>de</strong></span> <span class='ocrx_word' id='word_1_177' title='bbox 878 2443 979 2510; x_wconf 79' lang='lat' dir='ltr'><strong>senil.</strong></span> <span class='ocrx_word' id='word_1_178' title='bbox 1005 2444 1113 2508; x_wconf 83' lang='lat' dir='ltr'><strong>ercisc.</strong></span> <span class='ocrx_word' id='word_1_179' title='bbox 1129 2443 1150 2508; x_wconf 90' lang='lat'><strong>1.</strong></span> <span class='ocrx_word' id='word_1_180' title='bbox 1166 2445 1196 2507; x_wconf 85' lang='grc'><strong>7.</strong></span> <span class='ocrx_word' id='word_1_181' title='bbox 1211 2443 1244 2508; x_wconf 87' lang='lat' dir='ltr'><strong>ii.</strong></span> <span class='ocrx_word' id='word_1_182' title='bbox 1260 2441 1301 2508; x_wconf 88' lang='lat' dir='ltr'><strong>de</strong></span> <span class='ocrx_word' id='word_1_183' title='bbox 1310 2445 1384 2530; x_wconf 87' lang='lat' dir='ltr'><strong>juro</strong></span> 
     </span>
     <span class='ocr_line' id='line_1_20' title="bbox 17 2549 1382 2636; baseline 0.005 -23"><span class='ocrx_word' id='word_1_184' title='bbox 17 2549 18 2554; x_wconf 74' lang='grc'>’</span> <span class='ocrx_word' id='word_1_185' title='bbox 94 2551 249 2635; x_wconf 72' lang='lat' dir='ltr'><strong>dotium-l.</strong></span> <span class='ocrx_word' id='word_1_186' title='bbox 263 2557 327 2620; x_wconf 59' lang='lat' dir='ltr'><strong>20.n</strong></span> <span class='ocrx_word' id='word_1_187' title='bbox 342 2556 412 2620; x_wconf 87' lang='lat' dir='ltr'><strong>oud.</strong></span> <span class='ocrx_word' id='word_1_188' title='bbox 425 2557 508 2636; x_wconf 77' lang='lat' dir='ltr'><strong>eod,</strong></span> <span class='ocrx_word' id='word_1_189' title='bbox 535 2557 555 2622; x_wconf 91' lang='grc'><strong>1.</strong></span> <span class='ocrx_word' id='word_1_190' title='bbox 571 2558 622 2622; x_wconf 72' lang='grc'><strong>22.</strong></span> <span class='ocrx_word' id='word_1_191' title='bbox 640 2562 660 2626; x_wconf 83' lang='grc'><strong>1.</strong></span> <span class='ocrx_word' id='word_1_192' title='bbox 677 2558 707 2621; x_wconf 84' lang='grc'><strong>8.</strong></span> <span class='ocrx_word' id='word_1_193' title='bbox 724 2557 756 2620; x_wconf 84' lang='grc'><strong>11.</strong></span> <span class='ocrx_word' id='word_1_194' title='bbox 771 2557 876 2620; x_wconf 80' lang='lat' dir='ltr'><strong>soluto</strong></span> <span class='ocrx_word' id='word_1_195' title='bbox 892 2557 1039 2636; x_wconf 85' lang='lat' dir='ltr'><strong>matrim,</strong></span> <span class='ocrx_word' id='word_1_196' title='bbox 1066 2555 1087 2620; x_wconf 90' lang='grc'><strong>1.</strong></span> <span class='ocrx_word' id='word_1_197' title='bbox 1102 2555 1153 2620; x_wconf 85' lang='grc'><strong>21.</strong></span> <span class='ocrx_word' id='word_1_198' title='bbox 1168 2555 1201 2620; x_wconf 80' lang='lat' dir='ltr'><strong>tf.</strong></span> <span class='ocrx_word' id='word_1_199' title='bbox 1216 2555 1258 2619; x_wconf 91' lang='lat' dir='ltr'><strong>de</strong></span> <span class='ocrx_word' id='word_1_200' title='bbox 1272 2555 1382 2621; x_wconf 89' lang='lat' dir='ltr'><strong>donat.</strong></span> 
     </span>
     <span class='ocr_line' id='line_1_21' title="bbox 94 2664 1384 2752; baseline 0.005 -24"><span class='ocrx_word' id='word_1_201' title='bbox 94 2664 392 2750; x_wconf 63' lang='grc' dir='ltr'><strong>11111111111,1111111111Ἶ</strong></span> <span class='ocrx_word' id='word_1_202' title='bbox 410 2669 430 2732; x_wconf 91' lang='lat' dir='ltr'><strong>l.</strong></span> <span class='ocrx_word' id='word_1_203' title='bbox 448 2669 495 2733; x_wconf 85' lang='lat' dir='ltr'><strong>tt.</strong></span> <span class='ocrx_word' id='word_1_204' title='bbox 512 2667 551 2732; x_wconf 76' lang='lat' dir='ltr'><strong>tf.</strong></span> <span class='ocrx_word' id='word_1_205' title='bbox 568 2680 604 2732; x_wconf 89' lang='lat' dir='ltr'><strong>ut</strong></span> <span class='ocrx_word' id='word_1_206' title='bbox 618 2667 651 2734; x_wconf 89' lang='lat' dir='ltr'><strong>in</strong></span> <span class='ocrx_word' id='word_1_207' title='bbox 668 2669 863 2752; x_wconf 85' lang='lat' dir='ltr'><strong>possession.</strong></span> <span class='ocrx_word' id='word_1_208' title='bbox 880 2669 1020 2752; x_wconf 77' lang='lat' dir='ltr'><strong>legator,</strong></span> <span class='ocrx_word' id='word_1_209' title='bbox 1042 2666 1129 2750; x_wconf 78' lang='lat' dir='ltr'><strong>quod</strong></span> <span class='ocrx_word' id='word_1_210' title='bbox 1144 2677 1254 2732; x_wconf 62' lang='lat' dir='ltr'><strong>umen</strong></span> <span class='ocrx_word' id='word_1_211' title='bbox 1269 2667 1384 2734; x_wconf 86' lang='lat' dir='ltr'><strong>intelli·</strong></span> 
     </span>
     <span class='ocr_line' id='line_1_22' title="bbox 94 2774 1382 2860; baseline 0.002 -24"><span class='ocrx_word' id='word_1_212' title='bbox 94 2791 134 2853; x_wconf 86' lang='lat' dir='ltr'><strong>ge,</strong></span> <span class='ocrx_word' id='word_1_213' title='bbox 148 2775 173 2837; x_wconf 81' lang='lat' dir='ltr'><strong>si</strong></span> <span class='ocrx_word' id='word_1_214' title='bbox 183 2793 269 2840; x_wconf 73' lang='lat' dir='ltr'><strong>ozor</strong></span> <span class='ocrx_word' id='word_1_215' title='bbox 282 2783 303 2841; x_wconf 72' lang='lat' dir='ltr'><strong>a</strong></span> <span class='ocrx_word' id='word_1_216' title='bbox 316 2777 433 2840; x_wconf 83' lang='lat' dir='ltr'><strong>manto</strong></span> <span class='ocrx_word' id='word_1_217' title='bbox 447 2793 512 2840; x_wconf 91' lang='lat' dir='ltr'><strong>non</strong></span> <span class='ocrx_word' id='word_1_218' title='bbox 524 2775 675 2858; x_wconf 57' lang='lat' dir='ltr'><strong>divertam</strong></span> <span class='ocrx_word' id='word_1_219' title='bbox 693 2788 750 2842; x_wconf 85' lang='lat' dir='ltr'><strong>aut</strong></span> <span class='ocrx_word' id='word_1_220' title='bbox 763 2777 904 2840; x_wconf 84' lang='lat' dir='ltr'><strong>divertat</strong></span> <span class='ocrx_word' id='word_1_221' title='bbox 916 2774 1058 2859; x_wconf 89' lang='lat' dir='ltr'><strong>quidem,</strong></span> <span class='ocrx_word' id='word_1_222' title='bbox 1075 2774 1132 2838; x_wconf 90' lang='lat' dir='ltr'><strong>sed</strong></span> <span class='ocrx_word' id='word_1_223' title='bbox 1146 2793 1189 2838; x_wconf 87' lang='lat' dir='ltr'><strong>ex</strong></span> <span class='ocrx_word' id='word_1_224' title='bbox 1199 2776 1297 2858; x_wconf 84' lang='lat' dir='ltr'><strong>juste,</strong></span> <span class='ocrx_word' id='word_1_225' title='bbox 1312 2794 1382 2860; x_wconf 84' lang='lat' dir='ltr'><strong>pro·</strong></span> 
     </span>
     <span class='ocr_line' id='line_1_23' title="bbox 96 2880 1382 2966; baseline 0.005 -23"><span class='ocrx_word' id='word_1_226' title='bbox 96 2880 223 2966; x_wconf 77' lang='lat' dir='ltr'><strong>betaque</strong></span> <span class='ocrx_word' id='word_1_227' title='bbox 233 2883 487 2966; x_wconf 82' lang='lat' dir='ltr'><strong>legibnseausa,</strong></span> <span class='ocrx_word' id='word_1_228' title='bbox 503 2895 559 2948; x_wconf 87' lang='lat' dir='ltr'><strong>eut</strong></span> <span class='ocrx_word' id='word_1_229' title='bbox 575 2885 709 2949; x_wconf 88' lang='lat' dir='ltr'><strong>demum</strong></span> <span class='ocrx_word' id='word_1_230' title='bbox 723 2885 863 2950; x_wconf 87' lang='lat' dir='ltr'><strong>divertat</strong></span> <span class='ocrx_word' id='word_1_231' title='bbox 877 2887 947 2949; x_wconf 90' lang='lat' dir='ltr'><strong>sine</strong></span> <span class='ocrx_word' id='word_1_232' title='bbox 961 2903 1071 2964; x_wconf 84' lang='lat' dir='ltr'><strong>eausa,</strong></span> <span class='ocrx_word' id='word_1_233' title='bbox 1096 2883 1153 2947; x_wconf 88' lang='lat' dir='ltr'><strong>sed</strong></span> <span class='ocrx_word' id='word_1_234' title='bbox 1168 2883 1212 2946; x_wconf 85' lang='lat' dir='ltr'><strong>ad</strong></span> <span class='ocrx_word' id='word_1_235' title='bbox 1226 2885 1382 2950; x_wconf 86' lang='lat' dir='ltr'><strong>maritum</strong></span> 
     </span>
     <span class='ocr_line' id='line_1_24' title="bbox 95 2988 1384 3077; baseline 0.009 -26"><span class='ocrx_word' id='word_1_236' title='bbox 95 2988 329 3069; x_wconf 59' lang='lat' dir='ltr'><strong>deinderedeat,</strong></span> <span class='ocrx_word' id='word_1_237' title='bbox 358 3013 423 3077; x_wconf 87' lang='lat' dir='ltr'><strong>quo</strong></span> <span class='ocrx_word' id='word_1_238' title='bbox 439 3011 597 3077; x_wconf 84' lang='lat' dir='ltr'><strong>postremo</strong></span> <span class='ocrx_word' id='word_1_239' title='bbox 623 2995 752 3059; x_wconf 87' lang='lat' dir='ltr'><strong>ittoasu</strong></span> <span class='ocrx_word' id='word_1_240' title='bbox 777 2997 866 3060; x_wconf 78' lang='lat' dir='ltr'><strong>odie</strong></span> <span class='ocrx_word' id='word_1_241' title='bbox 891 2995 1013 3060; x_wconf 88' lang='lat' dir='ltr'><strong>reditus</strong></span> <span class='ocrx_word' id='word_1_242' title='bbox 1039 3005 1165 3060; x_wconf 87' lang='lat' dir='ltr'><strong>tantum</strong></span> <span class='ocrx_word' id='word_1_243' title='bbox 1192 2993 1384 3062; x_wconf 82' lang='lat' dir='ltr'><strong>alimentalt</strong></span> 
     </span>
     <span class='ocr_line' id='line_1_25' title="bbox 18 3101 1382 3190; baseline 0.004 -28"><span class='ocrx_word' id='word_1_244' title='bbox 18 3139 19 3144; x_wconf 21' lang='grc' dir='ltr'><strong>κ</strong></span> <span class='ocrx_word' id='word_1_245' title='bbox 93 3102 198 3188; x_wconf 65' lang='lat' dir='ltr'><strong>rnerigo</strong></span> <span class='ocrx_word' id='word_1_246' title='bbox 220 3115 281 3168; x_wconf 81' lang='lat' dir='ltr'><strong>eeu</strong></span> <span class='ocrx_word' id='word_1_247' title='bbox 310 3104 489 3185; x_wconf 74' lang='lat' dir='ltr'><strong>recipiente,</strong></span> <span class='ocrx_word' id='word_1_248' title='bbox 517 3123 579 3171; x_wconf 83' lang='lat' dir='ltr'><strong>sert</strong></span> <span class='ocrx_word' id='word_1_249' title='bbox 605 3105 767 3190; x_wconf 62' lang='lat' dir='ltr'><strong>rejiciente</strong></span> <span class='ocrx_word' id='word_1_250' title='bbox 795 3101 944 3168; x_wconf 86' lang='lat' dir='ltr'><strong>eamdem</strong></span> <span class='ocrx_word' id='word_1_251' title='bbox 969 3105 1141 3190; x_wconf 87' lang='lat' dir='ltr'><strong>conjugem</strong></span> <span class='ocrx_word' id='word_1_252' title='bbox 1169 3104 1382 3170; x_wconf 87' lang='lat' dir='ltr'><strong>debebuntur.</strong></span> 
     </span>
     <span class='ocr_line' id='line_1_26' title="bbox 93 3207 1381 3296; baseline 0.003 -22"><span class='ocrx_word' id='word_1_253' title='bbox 93 3207 331 3294; x_wconf 78' lang='lat' dir='ltr'><strong>liaeo-quidem</strong></span> <span class='ocrx_word' id='word_1_254' title='bbox 354 3215 534 3278; x_wconf 85' lang='lat' dir='ltr'><strong>eertiseitna</strong></span> <span class='ocrx_word' id='word_1_255' title='bbox 560 3225 645 3293; x_wconf 80' lang='lat' dir='ltr'><strong>stret,</strong></span> <span class='ocrx_word' id='word_1_256' title='bbox 671 3215 700 3277; x_wconf 91' lang='lat' dir='ltr'><strong>si</strong></span> <span class='ocrx_word' id='word_1_257' title='bbox 725 3214 861 3276; x_wconf 89' lang='lat' dir='ltr'><strong>maritus</strong></span> <span class='ocrx_word' id='word_1_258' title='bbox 884 3213 993 3276; x_wconf 81' lang='lat' dir='ltr'><strong>dotem</strong></span> <span class='ocrx_word' id='word_1_259' title='bbox 1008 3213 1175 3296; x_wconf 80' lang='lat' dir='ltr'><strong>acceperit,</strong></span> <span class='ocrx_word' id='word_1_260' title='bbox 1201 3213 1381 3296; x_wconf 89' lang='lat' dir='ltr'><strong>eademque</strong></span> 
     </span>
     <span class='ocr_line' id='line_1_27' title="bbox 92 3323 1381 3408; baseline 0.008 -28"><span class='ocrx_word' id='word_1_261' title='bbox 92 3329 196 3400; x_wconf 87' lang='lat' dir='ltr'><strong>utatur,</strong></span> <span class='ocrx_word' id='word_1_262' title='bbox 211 3323 401 3388; x_wconf 77' lang='lat' dir='ltr'><strong>aestuatur.</strong></span> <span class='ocrx_word' id='word_1_263' title='bbox 443 3324 537 3393; x_wconf 76' lang='lat' dir='ltr'><strong>Quid</strong></span> <span class='ocrx_word' id='word_1_264' title='bbox 550 3339 636 3404; x_wconf 79' lang='lat' dir='ltr'><strong>vero,</strong></span> <span class='ocrx_word' id='word_1_265' title='bbox 662 3325 689 3388; x_wconf 89' lang='lat' dir='ltr'><strong>sl</strong></span> <span class='ocrx_word' id='word_1_266' title='bbox 706 3335 763 3388; x_wconf 86' lang='lat' dir='ltr'><strong>aut</strong></span> <span class='ocrx_word' id='word_1_267' title='bbox 779 3325 871 3388; x_wconf 86' lang='lat' dir='ltr'><strong>nulle</strong></span> <span class='ocrx_word' id='word_1_268' title='bbox 894 3325 938 3388; x_wconf 87' lang='lat' dir='ltr'><strong>ab</strong></span> <span class='ocrx_word' id='word_1_269' title='bbox 953 3323 1043 3390; x_wconf 83' lang='lat' dir='ltr'><strong>initia</strong></span> <span class='ocrx_word' id='word_1_270' title='bbox 1070 3323 1227 3408; x_wconf 81' lang='lat' dir='ltr'><strong>promissa</strong></span> <span class='ocrx_word' id='word_1_271' title='bbox 1241 3325 1299 3389; x_wconf 87' lang='lat' dir='ltr'><strong>dos</strong></span> <span class='ocrx_word' id='word_1_272' title='bbox 1314 3325 1381 3390; x_wconf 86' lang='lat' dir='ltr'><strong>sue·</strong></span> 
     </span>
     <span class='ocr_line' id='line_1_28' title="bbox 91 3427 1381 3521; baseline 0.009 -31"><span class='ocrx_word' id='word_1_273' title='bbox 91 3427 131 3508; x_wconf 87' lang='lat' dir='ltr'><strong>rit,</strong></span> <span class='ocrx_word' id='word_1_274' title='bbox 145 3445 200 3494; x_wconf 79' lang='lat' dir='ltr'><strong>aut</strong></span> <span class='ocrx_word' id='word_1_275' title='bbox 213 3433 420 3512; x_wconf 64' lang='lat' dir='ltr'><strong>mentonem,</strong></span> <span class='ocrx_word' id='word_1_276' title='bbox 439 3450 529 3515; x_wconf 85' lang='lat' dir='ltr'><strong>quae</strong></span> <span class='ocrx_word' id='word_1_277' title='bbox 545 3435 703 3517; x_wconf 79' lang='lat' dir='ltr'><strong>promisse</strong></span> <span class='ocrx_word' id='word_1_278' title='bbox 727 3443 784 3514; x_wconf 78' lang='lat' dir='ltr'><strong>eet,</strong></span> <span class='ocrx_word' id='word_1_279' title='bbox 811 3433 958 3500; x_wconf 84' lang='lat' dir='ltr'><strong>nondum</strong></span> <span class='ocrx_word' id='word_1_280' title='bbox 981 3435 1116 3500; x_wconf 85' lang='lat' dir='ltr'><strong>maritus</strong></span> <span class='ocrx_word' id='word_1_281' title='bbox 1131 3439 1297 3521; x_wconf 82' lang='lat' dir='ltr'><strong>soeeperit,</strong></span> <span class='ocrx_word' id='word_1_282' title='bbox 1323 3449 1381 3502; x_wconf 88' lang='lat' dir='ltr'><strong>eut</strong></span> 
     </span>
     <span class='ocr_line' id='line_1_29' title="bbox 90 3538 1380 3631; baseline 0.009 -29"><span class='ocrx_word' id='word_1_283' title='bbox 90 3538 148 3620; x_wconf 89' lang='lat' dir='ltr'><strong>dos,</strong></span> <span class='ocrx_word' id='word_1_284' title='bbox 162 3561 245 3625; x_wconf 80' lang='lat' dir='ltr'><strong>quae</strong></span> <span class='ocrx_word' id='word_1_285' title='bbox 261 3545 325 3608; x_wconf 83' lang='lat' dir='ltr'><strong>init</strong></span> <span class='ocrx_word' id='word_1_286' title='bbox 347 3555 489 3628; x_wconf 81' lang='lat' dir='ltr'><strong>uoeeptd,</strong></span> <span class='ocrx_word' id='word_1_287' title='bbox 517 3547 655 3630; x_wconf 74' lang='lat' dir='ltr'><strong>perierit?</strong></span> <span class='ocrx_word' id='word_1_288' title='bbox 697 3547 786 3612; x_wconf 85' lang='lat' dir='ltr'><strong>Sane</strong></span> <span class='ocrx_word' id='word_1_289' title='bbox 800 3567 876 3612; x_wconf 88' lang='lat' dir='ltr'><strong>eunt</strong></span> <span class='ocrx_word' id='word_1_290' title='bbox 891 3549 922 3611; x_wconf 90' lang='lat' dir='ltr'><strong>in</strong></span> <span class='ocrx_word' id='word_1_291' title='bbox 948 3549 1069 3631; x_wconf 85' lang='lat' dir='ltr'><strong>nuptiis</strong></span> <span class='ocrx_word' id='word_1_292' title='bbox 1093 3549 1324 3614; x_wconf 86' lang='lat' dir='ltr'><strong>contrahendis</strong></span> <span class='ocrx_word' id='word_1_293' title='bbox 1339 3549 1380 3614; x_wconf 91' lang='lat' dir='ltr'><strong>de</strong></span> 
     </span>
     <span class='ocr_line' id='line_1_30' title="bbox 90 3643 1380 3734; baseline 0.013 -28"><span class='ocrx_word' id='word_1_294' title='bbox 90 3643 155 3710; x_wconf 87' lang='lat' dir='ltr'><strong>dete</strong></span> <span class='ocrx_word' id='word_1_295' title='bbox 168 3651 361 3716; x_wconf 82' lang='lat' dir='ltr'><strong>eonferenda</strong></span> <span class='ocrx_word' id='word_1_296' title='bbox 384 3653 465 3716; x_wconf 86' lang='lat' dir='ltr'><strong>nrlril</strong></span> <span class='ocrx_word' id='word_1_297' title='bbox 479 3663 590 3716; x_wconf 85' lang='lat' dir='ltr'><strong>aetum</strong></span> <span class='ocrx_word' id='word_1_298' title='bbox 606 3665 662 3734; x_wconf 89' lang='lat' dir='ltr'><strong>est,</strong></span> <span class='ocrx_word' id='word_1_299' title='bbox 686 3654 802 3718; x_wconf 85' lang='lat' dir='ltr'><strong>eudem</strong></span> <span class='ocrx_word' id='word_1_300' title='bbox 825 3652 939 3717; x_wconf 81' lang='lat' dir='ltr'><strong>marito</strong></span> <span class='ocrx_word' id='word_1_301' title='bbox 955 3655 1100 3718; x_wconf 89' lang='lat' dir='ltr'><strong>imminet</strong></span> <span class='ocrx_word' id='word_1_302' title='bbox 1121 3673 1256 3721; x_wconf 82' lang='lat' dir='ltr'><strong>uxorem</strong></span> <span class='ocrx_word' id='word_1_303' title='bbox 1271 3657 1380 3723; x_wconf 85' lang='lat' dir='ltr'><strong>alendi</strong></span> 
     </span>
     <span class='ocr_line' id='line_1_31' title="bbox 90 3761 1379 3850; baseline 0.011 -32"><span class='ocrx_word' id='word_1_304' title='bbox 90 3761 351 3844; x_wconf 58' lang='lat' dir='ltr'><strong>nemesim-,faiel</strong></span> <span class='ocrx_word' id='word_1_305' title='bbox 376 3765 464 3828; x_wconf 81' lang='lat' dir='ltr'><strong>enim</strong></span> <span class='ocrx_word' id='word_1_306' title='bbox 491 3766 635 3848; x_wconf 75' lang='lat' dir='ltr'><strong>inputet,</strong></span> <span class='ocrx_word' id='word_1_307' title='bbox 658 3766 715 3846; x_wconf 87' lang='lat' dir='ltr'><strong>qni</strong></span> <span class='ocrx_word' id='word_1_308' title='bbox 734 3765 841 3831; x_wconf 60' lang='lat' dir='ltr'><strong>&#39;duxit&#39;</strong></span> <span class='ocrx_word' id='word_1_309' title='bbox 861 3763 1051 3849; x_wconf 80' lang='lat' dir='ltr'><strong>indotatem3</strong></span> <span class='ocrx_word' id='word_1_310' title='bbox 1078 3767 1167 3849; x_wconf 87' lang='lat' dir='ltr'><strong>quod</strong></span> <span class='ocrx_word' id='word_1_311' title='bbox 1193 3787 1306 3834; x_wconf 88' lang='lat' dir='ltr'><strong>verum</strong></span> <span class='ocrx_word' id='word_1_312' title='bbox 1320 3781 1379 3850; x_wconf 86' lang='lat' dir='ltr'><strong>est,</strong></span> 
     </span>
     <span class='ocr_line' id='line_1_32' title="bbox 89 3867 1378 3958; baseline 0.008 -28"><span class='ocrx_word' id='word_1_313' title='bbox 89 3867 331 3951; x_wconf 73' lang='lat' dir='ltr'><strong>etiemeiruxor,</strong></span> <span class='ocrx_word' id='word_1_314' title='bbox 357 3872 410 3934; x_wconf 80' lang='lat' dir='ltr'><strong>vet</strong></span> <span class='ocrx_word' id='word_1_315' title='bbox 434 3874 546 3936; x_wconf 82' lang='lat' dir='ltr'><strong>trroris</strong></span> <span class='ocrx_word' id='word_1_316' title='bbox 568 3885 717 3955; x_wconf 84' lang='lat' dir='ltr'><strong>parentes</strong></span> <span class='ocrx_word' id='word_1_317' title='bbox 743 3873 919 3958; x_wconf 84' lang='lat' dir='ltr'><strong>locupletes</strong></span> <span class='ocrx_word' id='word_1_318' title='bbox 945 3873 1019 3956; x_wconf 83' lang='lat' dir='ltr'><strong>sint3</strong></span> <span class='ocrx_word' id='word_1_319' title='bbox 1043 3893 1245 3958; x_wconf 85' lang='lat' dir='ltr'><strong>quemquam</strong></span> <span class='ocrx_word' id='word_1_320' title='bbox 1266 3875 1329 3940; x_wconf 87' lang='lat' dir='ltr'><strong>hae</strong></span> <span class='ocrx_word' id='word_1_321' title='bbox 1343 3875 1378 3940; x_wconf 86' lang='lat' dir='ltr'><strong>itt</strong></span> 
     </span>
     <span class='ocr_line' id='line_1_33' title="bbox 91 3982 1380 4071; baseline 0.007 -26"><span class='ocrx_word' id='word_1_322' title='bbox 91 3982 186 4059; x_wconf 68' lang='lat' dir='ltr'><strong>speeie</strong></span> <span class='ocrx_word' id='word_1_323' title='bbox 198 3984 323 4047; x_wconf 73' lang='lat' dir='ltr'><strong>nonulli</strong></span> <span class='ocrx_word' id='word_1_324' title='bbox 339 4003 382 4047; x_wconf 84' lang='lat' dir='ltr'><strong>err</strong></span> <span class='ocrx_word' id='word_1_325' title='bbox 396 3983 607 4067; x_wconf 75' lang='lat' dir='ltr'><strong>Pragmaticis</strong></span> <span class='ocrx_word' id='word_1_326' title='bbox 628 3985 774 4065; x_wconf 77' lang='lat' dir='ltr'><strong>doceant,</strong></span> <span class='ocrx_word' id='word_1_327' title='bbox 799 3985 952 4050; x_wconf 83' lang='lat' dir='ltr'><strong>maritum</strong></span> <span class='ocrx_word' id='word_1_328' title='bbox 965 4005 1008 4050; x_wconf 86' lang='lat' dir='ltr'><strong>err</strong></span> <span class='ocrx_word' id='word_1_329' title='bbox 1024 4003 1136 4068; x_wconf 85' lang='lat' dir='ltr'><strong>aequo,</strong></span> <span class='ocrx_word' id='word_1_330' title='bbox 1162 3999 1194 4051; x_wconf 90' lang='lat' dir='ltr'><strong>et</strong></span> <span class='ocrx_word' id='word_1_331' title='bbox 1208 3988 1293 4052; x_wconf 91' lang='lat' dir='ltr'><strong>bono</strong></span> <span class='ocrx_word' id='word_1_332' title='bbox 1307 4008 1380 4071; x_wconf 86' lang='lat' dir='ltr'><strong>ege-</strong></span> 
     </span>
     <span class='ocr_line' id='line_1_34' title="bbox 92 4091 1383 4180; baseline 0.006 -25"><span class='ocrx_word' id='word_1_333' title='bbox 92 4105 121 4147; x_wconf 76' lang='lat' dir='ltr'><strong>re</strong></span> <span class='ocrx_word' id='word_1_334' title='bbox 134 4107 221 4170; x_wconf 80' lang='lat' dir='ltr'><strong>possa</strong></span> <span class='ocrx_word' id='word_1_335' title='bbox 235 4093 551 4173; x_wconf 74' lang='lat' dir='ltr'><strong>adversereurror&#39;em,</strong></span> <span class='ocrx_word' id='word_1_336' title='bbox 569 4095 621 4158; x_wconf 80' lang='lat' dir='ltr'><strong>ret</strong></span> <span class='ocrx_word' id='word_1_337' title='bbox 635 4097 704 4180; x_wconf 84' lang='lat' dir='ltr'><strong>ejus</strong></span> <span class='ocrx_word' id='word_1_338' title='bbox 719 4107 867 4178; x_wconf 81' lang='lat' dir='ltr'><strong>parentes</strong></span> <span class='ocrx_word' id='word_1_339' title='bbox 881 4091 923 4180; x_wconf 76' lang='lat' dir='ltr'><strong>(si</strong></span> <span class='ocrx_word' id='word_1_340' title='bbox 938 4105 1046 4160; x_wconf 84' lang='lat' dir='ltr'><strong>tamen</strong></span> <span class='ocrx_word' id='word_1_341' title='bbox 1062 4107 1232 4178; x_wconf 88' lang='lat' dir='ltr'><strong>parentum</strong></span> <span class='ocrx_word' id='word_1_342' title='bbox 1247 4115 1383 4163; x_wconf 86' lang='lat' dir='ltr'><strong>eonsen-</strong></span> 
     </span>
     <span class='ocr_line' id='line_1_35' title="bbox 92 4195 1382 4290; baseline 0.011 -32"><span class='ocrx_word' id='word_1_343' title='bbox 92 4195 172 4262; x_wconf 70' lang='lat' dir='ltr'><strong>done</strong></span> <span class='ocrx_word' id='word_1_344' title='bbox 185 4201 282 4266; x_wconf 85' lang='lat' dir='ltr'><strong>dueta</strong></span> <span class='ocrx_word' id='word_1_345' title='bbox 299 4219 380 4272; x_wconf 80' lang='lat' dir='ltr'><strong>uxot</strong></span> <span class='ocrx_word' id='word_1_346' title='bbox 403 4203 498 4266; x_wconf 86' lang='lat' dir='ltr'><strong>luerit</strong></span> <span class='ocrx_word' id='word_1_347' title='bbox 524 4205 735 4290; x_wconf 80' lang='lat' dir='ltr'><strong>minorennis)</strong></span> <span class='ocrx_word' id='word_1_348' title='bbox 759 4213 931 4270; x_wconf 81' lang='lat' dir='ltr'><strong>uleertem</strong></span> <span class='ocrx_word' id='word_1_349' title='bbox 954 4204 1063 4270; x_wconf 88' lang='lat' dir='ltr'><strong>dotem</strong></span> <span class='ocrx_word' id='word_1_350' title='bbox 1079 4205 1194 4270; x_wconf 86' lang='lat' dir='ltr'><strong>marito</strong></span> <span class='ocrx_word' id='word_1_351' title='bbox 1218 4203 1382 4272; x_wconf 83' lang='lat' dir='ltr'><strong>conseren-</strong></span> 
     </span>
     <span class='ocr_line' id='line_1_36' title="bbox 93 4303 1379 4402; baseline 0.012 -33"><span class='ocrx_word' id='word_1_352' title='bbox 93 4303 597 4399; x_wconf 60' lang='lat' dir='ltr'><strong>damconstituant,³ergttmento</strong></span> <span class='ocrx_word' id='word_1_353' title='bbox 612 4317 631 4380; x_wconf 94' lang='lat' dir='ltr'><strong>l.</strong></span> <span class='ocrx_word' id='word_1_354' title='bbox 662 4318 688 4380; x_wconf 95' lang='lat'><strong>1.</strong></span> <span class='ocrx_word' id='word_1_355' title='bbox 704 4317 737 4380; x_wconf 81' lang='lat' dir='ltr'><strong>ff.</strong></span> <span class='ocrx_word' id='word_1_356' title='bbox 755 4317 847 4381; x_wconf 87' lang='lat' dir='ltr'><strong>solut.</strong></span> <span class='ocrx_word' id='word_1_357' title='bbox 865 4317 1013 4398; x_wconf 75' lang='lat' dir='ltr'><strong>matrim,</strong></span> <span class='ocrx_word' id='word_1_358' title='bbox 1029 4327 1060 4381; x_wconf 88' lang='lat' dir='ltr'><strong>et</strong></span> <span class='ocrx_word' id='word_1_359' title='bbox 1076 4317 1095 4382; x_wconf 94' lang='grc'><strong>1.</strong></span> <span class='ocrx_word' id='word_1_360' title='bbox 1111 4317 1162 4381; x_wconf 80' lang='grc'><strong>28.</strong></span> <span class='ocrx_word' id='word_1_361' title='bbox 1189 4315 1221 4381; x_wconf 83' lang='lat' dir='ltr'><strong>ff.</strong></span> <span class='ocrx_word' id='word_1_362' title='bbox 1238 4317 1278 4381; x_wconf 89' lang='lat' dir='ltr'><strong>de</strong></span> <span class='ocrx_word' id='word_1_363' title='bbox 1293 4319 1379 4402; x_wconf 84' lang='lat' dir='ltr'><strong>relig.</strong></span> 
     </span>
     <span class='ocr_line' id='line_1_37' title="bbox 92 4423 1465 4524; baseline 0.007 -41"><span class='ocrx_word' id='word_1_364' title='bbox 92 4429 120 4478; x_wconf 86' lang='lat' dir='ltr'><strong>et</strong></span> <span class='ocrx_word' id='word_1_365' title='bbox 133 4433 245 4508; x_wconf 76' lang='lat' dir='ltr'><strong>strmpt.</strong></span> <span class='ocrx_word' id='word_1_366' title='bbox 258 4423 363 4488; x_wconf 78' lang='lat' dir='ltr'><strong>itiner.</strong></span> <span class='ocrx_word' id='word_1_367' title='bbox 407 4427 493 4494; x_wconf 80' lang='lat' dir='ltr'><strong>Gttm</strong></span> <span class='ocrx_word' id='word_1_368' title='bbox 509 4437 619 4492; x_wconf 77' lang='lat' dir='ltr'><strong>autem</strong></span> <span class='ocrx_word' id='word_1_369' title='bbox 633 4427 791 4511; x_wconf 83' lang='lat' dir='ltr'><strong>promisse</strong></span> <span class='ocrx_word' id='word_1_370' title='bbox 804 4426 863 4490; x_wconf 91' lang='lat' dir='ltr'><strong>dos</strong></span> <span class='ocrx_word' id='word_1_371' title='bbox 878 4425 947 4507; x_wconf 87' lang='lat' dir='ltr'><strong>suit,</strong></span> <span class='ocrx_word' id='word_1_372' title='bbox 974 4443 1039 4490; x_wconf 91' lang='lat' dir='ltr'><strong>non</strong></span> <span class='ocrx_word' id='word_1_373' title='bbox 1056 4438 1164 4488; x_wconf 89' lang='lat' dir='ltr'><strong>tamen</strong></span> <span class='ocrx_word' id='word_1_374' title='bbox 1181 4424 1294 4508; x_wconf 82' lang='lat' dir='ltr'><strong>solnta,</strong></span> <span class='ocrx_word' id='word_1_375' title='bbox 1311 4427 1381 4510; x_wconf 90' lang='lat' dir='ltr'><strong>plu·</strong></span> <span class='ocrx_word' id='word_1_376' title='bbox 1459 4511 1465 4524; x_wconf 93' lang='lat'><em>.</em></span> 
     </span>
     <span class='ocr_line' id='line_1_38' title="bbox 93 4527 1381 4622; baseline 0.011 -32"><span class='ocrx_word' id='word_1_377' title='bbox 93 4527 200 4598; x_wconf 80' lang='grc'><strong>1111111111</strong></span> <span class='ocrx_word' id='word_1_378' title='bbox 213 4536 377 4602; x_wconf 80' lang='lat' dir='ltr'><strong>iuteresse·</strong></span> <span class='ocrx_word' id='word_1_379' title='bbox 390 4538 489 4621; x_wconf 81' lang='lat' dir='ltr'><strong>vulgo</strong></span> <span class='ocrx_word' id='word_1_380' title='bbox 502 4549 626 4622; x_wconf 80' lang='lat' dir='ltr'><strong>pritant,</strong></span> <span class='ocrx_word' id='word_1_381' title='bbox 653 4555 696 4608; x_wconf 85' lang='lat' dir='ltr'><strong>an</strong></span> <span class='ocrx_word' id='word_1_382' title='bbox 711 4536 753 4600; x_wconf 88' lang='lat' dir='ltr'><strong>ed</strong></span> <span class='ocrx_word' id='word_1_383' title='bbox 770 4535 904 4600; x_wconf 89' lang='lat' dir='ltr'><strong>domum</strong></span> <span class='ocrx_word' id='word_1_384' title='bbox 920 4537 1026 4600; x_wconf 84' lang='lat' dir='ltr'><strong>mariti</strong></span> <span class='ocrx_word' id='word_1_385' title='bbox 1053 4535 1200 4600; x_wconf 82' lang='lat' dir='ltr'><strong>traducta</strong></span> <span class='ocrx_word' id='word_1_386' title='bbox 1217 4554 1299 4603; x_wconf 82' lang='lat' dir='ltr'><strong>uror</strong></span> <span class='ocrx_word' id='word_1_387' title='bbox 1314 4535 1381 4604; x_wconf 84' lang='lat' dir='ltr'><strong>lue·</strong></span> 
     </span>
    </p>
   </div>
   <div class='ocr_carea' id='block_1_3' title="bbox 0 0 1578 4980">
    <p class='ocr_par' dir='ltr' id='par_1_4' title="bbox 0 0 1578 4980">
     <span class='ocr_line' id='line_1_39' title="bbox 0 0 1578 4980; baseline 0 0"><span class='ocrx_word' id='word_1_388' title='bbox 0 0 1578 4980; x_wconf 95' lang='lat' dir='ltr'><strong> </strong></span> 
     </span>
    </p>
   </div>
  </div>
 </body>
</html>
