3120 4980
194 411 238 478 98
427 431 517 478 enne
533 431 659 494 entur,
677 432 918 480 aresee‘rrrra
934 435 1107 498 secunao,
1122 437 1199 483 ere.
1216 415 1258 483 tr.

193 555 242 618 les
256 563 372 634 essent,
400 563 432 617 et
447 555 592 636 infames,
617 567 650 618 et
671 557 759 620 ornni
785 565 942 638 potestate
956 569 1109 638 carerent,
1134 559 1361 624 Sacerdotibus
1380 577 1477 624 eorum

191 663 290 728 etiarn
305 662 488 746 deportatis3
514 673 641 726 tanturn
658 665 802 746 exceptis
817 665 893 727 viris
908 665 1106 746 quibusdem
1127 667 1217 730 civili
1232 666 1384 748 dignitate
1404 683 1478 747 prae·

192 771 296 851 cleris,
312 773 432 853 quihus
446 771 597 854 imposita
612 769 674 834 fult
688 771 810 834 mulcta
826 776 1021 854 pecuniaria,
1037 775 1120 838 154.
1136 776 1205 838 cod.
1222 776 1350 838 Theoti.
1364 774 1427 836 eod.
1440 776 1479 836 tit.

192 877 377 940 Manichaei
392 889 502 941 autern
519 897 594 960 pree
620 879 752 942 caeteris
767 899 843 942 erun
857 881 901 943 ed
917 901 1085 946 summum
1100 885 1272 965 nequitiae,
1293 895 1326 946 et
1339 883 1478 946 scelerare

191 985 407 1064 devenissent,
424 1005 489 1050 non
514 997 644 1050 tantum
657 993 678 1050 e
693 987 879 1050 civitatibus
894 989 1034 1070 expulsi,
1050 989 1106 1052 sed
1134 992 1231 1053 etiarn
1247 989 1361 1052 ultimo
1375 989 1480 1070 snppli-

190 1096 241 1160 eio
255 1095 403 1158 damnati
429 1107 506 1158 sunt
521 1113 608 1158 anno
632 1095 742 1158 428.d
767 1095 955 1158 Theodosio
980 1109 1012 1158 et
1027 1097 1258 1160 Valentiniano
1283 1097 1317 1159 in
1335 1095 1353 1156 l.
1379 1097 1406 1157 ὅ.
1420 1093 1478 1156 cod.

189 1201 308 1266 lustin.
325 1203 365 1264 de
380 1203 515 1282 haeret,-
525 1201 612 1282 qtted
627 1211 660 1266 et
674 1204 864 1266 recentiores
879 1203 1093 1287 Imperatores
1106 1203 1392 1283 confirmaverunt,-
1405 1203 1423 1267 l.
1440 1205 1481 1266 ll.

192 1307 310 1370 12:16.
327 1309 397 1371 eod.
414 1320 460 1372 trr.
1305 1369 1308 1374 .

232 1418 318 1481 Sunt
333 1418 414 1481 heeo
437 1418 591 1501 specialia
616 1419 651 1484 iu
676 1429 851 1502 conspeetu
873 1422 954 1505 juris
970 1422 1112 1486 Rotnani
1137 1421 1297 1484 advorsus
1317 1420 1481 1504 singulares

189 1527 350 1611 quasdem
376 1527 610 1591 haeretieorum
635 1539 741 1590 sectas
755 1531 943 1593 constituta.
984 1533 1185 1596 Generaliter
1207 1543 1317 1594 autern
1340 1532 1484 1594 adversus

188 1655 302 1700 omnes
317 1638 553 1701 haeretieorum
579 1645 693 1716 sectos,
710 1640 834 1719 primus
850 1638 1059 1702 'l‘lreodositrs
1085 1639 1223 1720 illegalis
1240 1659 1328 1703 antro
1349 1639 1416 1702 383.
1432 1649 1482 1699 sta·

188 1747 258 1825 tuit,
275 1757 310 1808 ut
325 1747 451 1828 quoties
466 1753 577 1808 coetus
592 1745 740 1827 publicos
753 1746 960 1824 celebrarent,
977 1757 1036 1810 eut
1049 1746 1101 1808 rel
1118 1747 1254 1826 plublice,
1276 1747 1331 1808 vel
1347 1745 1483 1828 privatim

188 1855 313 1937 aliquid
329 1867 482 1936 gererent,
499 1853 587 1935 quod
603 1855 768 1916 sanctitati
782 1855 971 1918 Cutlrolicae
987 1853 1295 1916 Eecleeiae'officere
1312 1863 1422 1935 posset,
1438 1867 1482 1910 ex·

186 1961 391 2052 pellerentur,
407 1961 427 2022 l.
444 1964 494 2024 11.
520 1960 590 2022 oud.
607 1960 773 2024 Theodos.
787 1961 974 2040 delineret,
999 1975 1033 2024 et
1046 1963 1166 2024 clarius
1192 1962 1227 2024 in
1242 1961 1263 2026 l.
1280 1963 1331 2024 12.
1354 1959 1483 2042 austera

188 2067 276 2145 anni,
292 2078 324 2129 et
339 2066 373 2130 in
400 2067 419 2128 l.
437 2067 485 2130 13.
502 2071 581 2130 antri
595 2069 667 2131 384.
691 2069 765 2131 aod.
779 2063 909 2132 Theod.
936 2072 1005 2134 eod.
1021 2072 1069 2134 tit.
1094 2069 1195 2134 exilio
1215 2069 1301 2152 pulsi
1328 2081 1412 2147 satu,
1424 2067 1483 2149 qui·
1551 2117 1552 2122 1

188 2191 331 2256 crtrnqrre
346 2188 457 2240 caetus
474 2175 619 2257 prrblicos
632 2175 838 2258 celebrarent,
854 2179 959 2256 domo,
976 2180 1029 2244 vet
1045 2181 1115 2242 loeo
1130 2179 1172 2240 erl
1189 2179 1374 2258 solemneter
1386 2195 1482 2240 eoruro
1551 2193 1552 2252 ᾗ

188 2297 315 2350 coetum
332 2285 450 2348 selecto
476 2285 579 2348 fiscali
599 2286 854 2368 jurieuppoeito.
897 2289 990 2352 Idem
1017 2285 1486 2352 Theodosius-aanoeeeeos
1551 2263 1552 2300 ¹

187 2411 301 2460 omnes
315 2395 506 2478 generalitor
523 2393 626 2456 volttir·
639 2395 680 2458 ab
696 2395 835 2458 urbibus.
844 2397 986 2474 exulare,
1001 2407 1033 2459 et
1049 2399 1093 2460 ita
1110 2394 1272 2472 secedere,
1289 2407 1327 2456 ut
1341 2393 1486 2473 segregati

188 2503 359 2566 acaeteris
374 2502 470 2584 quasi
485 2501 733 2582 rello'quodam
749 2505 781 2566 in
797 2505 877 2566 luere
892 2505 1072 2586 agrestibus
1085 2505 1152 2586 ipsi
1160 2515 1290 2567 tanturn
1305 2503 1391 2568 iuter
1404 2521 1436 2564 so
1447 2501 1486 2562 irt-

172 2588 292 2673 'vicenr
307 2617 582 2691 conversarentur,
609 2611 771 2694 denegata
792 2611 950 2690 adeundi,¹
971 2623 1004 2676 et
1018 2612 1245 2694 interpellandi
1267 2613 1485 2693 Imperatorem

186 2723 350 2801 facultate,
366 2723 386 2784 l.
404 2723 453 2786 lt.
469 2723 539 2786 eod.
556 2723 685 2788 Theod.
701 2724 741 2786 de
757 2725 876 2786 haeret.
914 2725 999 2790 Caro
1014 2735 1124 2786 autern
1141 2723 1293 2786 haeretici
1309 2725 1344 2786 in
1358 2724 1430 2784 una
1443 2733 1486 2780 stt·

186 2833 335 2898 birrbone
350 2851 420 2894 sese
431 2832 620 2912 corrierront,
637 2831 689 2894 vel
706 2835 740 2896 in
751 2833 892 2896 minores
908 2833 1005 2896 urbes
1021 2833 1131 2916 majori
1146 2833 1217 2894 urbi
1231 2829 1398 2910 linitrrnas,
1412 2829 1488 2892 idern

186 2943 500 3007 Theodositte·arrno
513 2942 596 3019 389,
618 2953 650 3004 et
665 2919 746 3020 391,
762 2943 805 3003 ab
819 2942 941 3007 eisdem
957 2953 987 3003 et
1003 2941 1210 3020 suburbanis,
1235 2943 1402 3022 eluvieinis
1417 2937 1488 3000 urbi·
1550 3017 1551 3030 χ

186 3053 250 3116 bus
266 3052 341 3134 pelli
368 3053 546 3114 haereticos
556 3053 662 3134 jussit,
691 3051 712 3113 l.
730 3053 788 3130 19,
814 3052 911 3112 esau.
937 3050 1009 3113 cod.
1035 3049 1201 3114 Theodec.
1219 3051 1360 3114 ‘eedrtia
1404 3049 1491 3111 Anna
1550 3087 1551 3120 ,

188 3161 262 3226 392.
278 3160 380 3220 tremit
405 3157 624 3240 Theodosius,
640 3177 681 3222 tre
696 3160 738 3221 ab
763 3158 933 3220 haereticis
952 3157 1075 3220 ¹Clerici
1091 3157 1324 3233 ordinarentur,
1343 3155 1489 3238 imposita

188 3269 377 3356 pecuniaria
392 3283 495 3350 poena
510 3279 577 3329 tarn
593 3267 751 3328 adversus
765 3265 971 3341 ordinatores,
988 3283 1093 3345 quent·
1105 3263 1262 3326 adversus
1277 3263 1450 3340 ordinatus,
1464 3265 1490 3316 tl

189 3379 260 3442 loco
274 3371 487 3442 ordinationis
504 3375 572 3438 nect
584 3369 711 3459 juribus
726 3373 865 3452 addicto,
881 3376 908 3435 si
924 3374 984 3436 loci
999 3373 1154 3436 dominus
1168 3371 1397 3448 conseruisse,
1413 3371 1431 3430 l.
1446 3367 1489 3428 at.

187 3483 258 3549 cod.
275 3481 405 3546 Theod.
430 3482 499 3544 eotl.
517 3481 562 3544 tit
588 3482 765 3544 :Praeterea
780 3483 940 3548 Arcadius
955 3493 987 3544 et
1002 3481 1165 3544 Honorius
1179 3493 1267 3542 anno
1282 3483 1367 3558 395,
1383 3491 1416 3540 et
1428 3477 1490 3539 etta

187 3597 366 3663 haereticos
381 3595 423 3658 ab
438 3593 597 3656 universis
613 3593 736 3654 rnilitr'is
750 3605 931 3670 arctrerunr,
948 3609 986 3653 ac
1003 3609 1042 3652 ne
1057 3591 1227 3654 dloeoruca
1248 3589 1432 3670 qriidenr'in
1448 3603 1491 3648 ttr-

189 3709 284 3776 bibtts
299 3705 418 3768 habero
444 3702 625 3780 voluerunt,
643 3702 664 3764 l.
677 3702 739 3779 29,
765 3713 798 3764 et
812 3701 861 3763 30.
879 3699 948 3763 cod.
975 3700 1140 3764 Theodos.
1156 3699 1226 3761 eod.
1252 3699 1310 3775 tit,
1337 3697 1359 3760 l.
1376 3699 1406 3760 3.
1427 3693 1491 3758 cod.

188 3819 306 3888 Justin.
333 3813 403 3877 eod.
419 3811 475 3892 tlt,
501 3810 777 3892 quotlllonnrius,
803 3821 835 3870 et
850 3808 1058 3884 Theodosius
1085 3825 1172 3870 anno
1186 3807 1258 3868 rue.
1285 3804 1492 3870 confirmare·

189 3941 274 4006 rtrnr,
291 3929 309 3991 l.
326 3926 388 4005 ta,
414 3935 445 3986 et
459 3923 510 3986 re.
526 3921 595 3983 eod.
614 3917 751 3996 ‚Theod
776 3917 847 3980 eod.
864 3918 910 3979 tit.
954 3918 1051 3982 Anno
1072 3917 1145 3977 410.
1171 3917 1288 3976 iterum
1312 3909 1491 3975 cavendnm

189 4041 251 4105 fuit
265 4039 307 4101 ab
322 4035 473 4114 Honorio,
500 4039 537 4097 ut
550 4031 578 4092 si
593 4028 746 4092 haeretici
772 4026 919 4108 publicos
932 4035 1115 4087 conventus
1130 4023 1280 4102 lacerent,
1297 4033 1328 4084 et
1342 4017 1492 4104 proseria
1549 4049 1550 4096 3

188 4149 287 4223 tione,
300 4153 332 4205 et
356 4157 485 4204 summo
500 4137 658 4220 supplicio
683 4135 883 4220 punirentur,
902 4134 920 4195 l.
936 4135 987 4196 51.
1015 4133 1085 4196 cod.
1101 4131 1229 4196 Thrnd.
1257 4131 1338 4210 aod,
1362 4129 1450 4212 qaod
1464 4135 1491 4186 et

189 4261 382 4318 renovatum
397 4260 446 4310 eet
473 4245 659 4324 aunuald,
673 4244 693 4308 l.
709 4245 759 4308 56.
775 4243 845 4306 cod,
872 4241 1000 4312 'Plreod
1016 4241 1094 4321 eod,
1121 4261 1165 4306 err
1178 4259 1244 4321 qao
1265 4239 1492 4321 liquatiogera

189 4357 280 4422 illan
297 4354 350 4418 ad'
365 4365 514 4418 terrerent
529 4353 639 4438 pruine
661 4352 887 4418 incutiendum
913 4351 1014 4415 latent
1039 4348 1148 4428 fuisse,
1174 4367 1275 4431 qtratn
1301 4350 1342 4414 ad
1359 4361 1493 4430 poenam

193 4483 305 4530 revera
320 4461 563 4548 infligendam·
585 4461 683 4530 Anuo
697 4461 768 4526 425.
786 4460 1003 4542 Theodosius,
1018 4459 1317 4524 envalentiaianuu
1324 4463 1493 4544 jusserunt,
