3120 4980
241 453 287 499 ns
303 427 546 508 conuersum,
563 445 632 490 aar.
645 439 821 502 ausorum,
847 435 1083 484 vetrenere.
1100 431 1206 476 neca.
1334 405 1376 472 59
1445 455 1449 460 .

99 543 237 661 patientie,
264 571 441 638 dummodo
464 569 552 654 qnod
568 567 700 652 gravius
724 575 799 644 erat,
826 558 988 626 demedio
1004 557 1179 622 tolleretur.
1219 551 1303 616 Erat
1312 547 1380 634 ‚pri-

101 689 319 770 numiusignis
331 685 516 768 improbitas
528 684 561 746 in
577 701 623 759 eo,
636 678 728 762 quod‘
738 677 794 759 qui
805 675 927 738 sermm
939 669 1253 748 caudenserriperet,
1269 663 1379 728 Solem

102 801 186 862 veluti
202 801 317 874 Deum,
333 799 388 880 qui
407 771 548 880 periculo
563 811 668 876 aquae
684 809 741 852 seu
756 787 918 864 ferventis
934 803 991 848 seu
1007 781 1141 862 frigidae
1156 797 1190 842 se
1205 777 1384 860 subjiceret,

99 912 239 975 lunonem
256 911 356 974 veluti
372 909 477 972 Deam
494 904 696 990 jurejurando
712 911 889 964 testaretur.
912 896 1011 960 Hanc
1026 891 1183 956 nefariam
1200 887 1384 952 idolatriam

98 1023 239 1086 eradicare
252 1023 371 1099 statim,
384 1032 415 1083 et
426 1019 623 1098 ubicumque
633 1013 815 1088 voluerunt,
826 997 961 1072 ettecile
972 1013 1153 1088 potuerunt.
1184 1001 1263 1066 Erat
1272 999 1382 1074 altere,

97 1151 144 1198 uec
159 1147 258 1198 tamen
275 1133 356 1196 leuis
371 1131 557 1214 improbitas
574 1128 606 1190 in
621 1124 770 1206 ecquod
788 1123 820 1186 in
832 1120 1028 1204 purgatione
1050 1115 1131 1194 serri,
1143 1125 1299 1196 ⁴eterqtrae
1315 1111 1382 1174 lato

96 1241 220 1322 quodam
235 1237 416 1304 dirimenda
432 1238 685 1318 relinquerentur
695 1231 819 1315 judicia
833 1229 1005 1292 criminum
1023 1243 1078 1306 per
1092 1223 1300 1305 impietatem,
1317 1227 1382 1295 aut,

96 1353 118 1414 ri
130 1351 231 1416 divino
241 1351 365 1434 jndicio
379 1347 553 1410 commissa
565 1343 769 1420 uidebuntur,
786 1338 867 1402 nihil
882 1335 973 1400 aliud
989 1333 1020 1396 id
1036 1342 1129 1408 esset,
1145 1349 1245 1412 quam
1261 1337 1384 1392 tentare

97 1459 196 1541 Deum,
211 1475 242 1526 et
257 1459 480 1544 singularibus
495 1453 659 1520 miraculis
676 1453 779 1516 linem
790 1447 1050 1513 contentionibus
1071 1441 1304 1528 imponendum
1320 1459 1386 1506 non

95 1569 152 1632 sine
166 1571 372 1654 impudentia,
402 1567 463 1633 nisi
478 1553 860 1648 simplicitatemtlixcris,
884 1557 1076 1633 desiderare,
1091 1573 1160 1618 can.
1178 1553 1232 1616 22.
1248 1572 1337 1616 caus.
1354 1553 1385 1632 2.

95 1691 203 1758 quaest.
219 1681 249 1742 5.
292 1677 389 1742 Hunc
403 1695 532 1758 quoque
546 1671 741 1738 ebrlendam
757 1669 993 1750 improbitatem
1016 1667 1101 1730 illico
1116 1663 1300 1730 sollicitudo
1313 1663 1385 1746 plu·

94 1793 167 1856 tium
179 1791 369 1856 Antistitum
383 1789 519 1854 curarit:
562 1785 637 1850 Non
653 1797 762 1854 tamen
777 1783 898 1863 ubique
912 1775 1242 1862 votu²Episcoporum
1256 1775 1382 1857 impleri

93 1913 261 1982 potuerunt.
284 1899 371 1966 Hinc
386 1897 520 1979 quidem
535 1903 711 1960 extiterunt
720 1892 842 1970 ferreis,
858 1901 890 1952 et
900 1889 1042 1952 obscuris
1059 1887 1206 1968 saeculis,
1222 1887 1278 1968 qui
1291 1885 1386 1949 dnm-

94 2011 177 2074 modo
191 2011 302 2076 omnia
327 2010 499 2074 ldolatrice
525 2004 931 2090 germinaerntlic'erentnr,
956 1991 999 2064 ita
1014 1999 1146 2094 demum
1164 2000 1386 2082 permiserunt,

93 2129 164 2184 utet
176 2120 249 2184 ferri
264 2115 444 2196 candentis,
466 2128 498 2179 et
512 2135 618 2197 aquae
633 2132 689 2177 seu
700 2113 858 2191 servidas,
882 2131 941 2175 seu
958 2109 1089 2194 frigidae
1106 2111 1247 2193 pericula
1264 2110 1386 2188 flerent,

92 2243 157 2290 cum
172 2230 263 2290 statis
276 2227 309 2288 in
325 2223 481 2299 Ecclesia,
498 2233 743 2286 etanta-*mmm
758 2221 865 2284 Deum
879 2217 1026 2300 precibus
1040 2237 1173 2299 quoquo
1186 2201 1389 2280 modo'sanc·

92 2333 287 2414 tificarentur,
304 2333 363 2398 ruti
378 2353 417 2395 ea
432 2333 553 2396 ratione
562 2329 769 2394 commodius
784 2326 1092 2406 idolatriamriielari,
1109 2337 1141 2390 et
1154 2327 1293 2390 decursu
1309 2337 1391 2392 tern-

92 2441 166 2520 poris
180 2442 241 2508 irae
266 2439 500 2524 superstitionis
517 2439 632 2504 veteris
655 2437 806 2519 reliquias
828 2435 971 2502 deletum
988 2435 1033 2499 iri.
1077 2436 1128 2498 Ita
1144 2435 1212 2498 fieri
1227 2437 1316 2514 solet,
1332 2437 1391 2502 ubi

90 2549 159 2611 ritie
175 2549 278 2611 multa
294 2559 378 2626 sunt,
404 2559 434 2608 et
450 2547 599 2630 graviore
622 2547 772 2610 suffocari
789 2559 933 2629 possunt,
962 2547 1102 2610 toleretis
1129 2545 1250 2606 interea
1267 2543 1389 2608 leviori·

91 2657 152 2738 bur,
167 2661 207 2723 tle
224 2661 342 2742 quibus
355 2657 587 2740 extinguendis
609 2677 683 2740 spes
697 2659 795 2722 etiem
818 2659 932 2742 incipit
944 2659 1107 2742 affulgere.
1153 2656 1208 2720 Ex
1224 2657 1276 2722 his
1292 2677 1391 2722 excu-

91 2783 168 2833 satos
182 2771 428 2854 putonunullos
445 2769 666 2832 Fcclcsiarum
678 2770 897 2852 quarumdam
913 2771 1001 2848 ritus,
1018 2771 1073 2851 qui
1091 2781 1198 2832 tamen
1215 2785 1386 2849 nunquam

90 2879 258 2960 generales,
275 2899 317 2943 ne
332 2881 364 2942 in
381 2877 583 2942 occidentali
598 2877 731 2960 quidem
747 2879 903 2959 Ecclesia,
919 2881 1104 2958 extiterunt,
1124 2881 1221 2963 juxta
1236 2897 1317 2960 qnos
1334 2877 1389 2942 fie-

90 2983 139 3047 bat
153 2988 186 3051 in
203 2986 353 3050 Ecclesia
369 2987 450 3048 iuter
465 2965 814 3048 Missurum-cotemnit
829 2987 977 3069 purgatio
993 2986 1171 3068 periurum,
1187 2995 1244 3050 aut
1258 3003 1388 3068 aquam,

89 3105 275 3174 argumento
289 3093 425 3155 canonis
440 3095 489 3155 15.
503 3111 591 3156 cans.
607 3093 636 3156 2.
653 3107 776 3175 quaest.
793 3097 831 3174 5,
850 3097 895 3158 uti
908 3095 1043 3178 probant
1058 3095 1150 3178 plura
1166 3105 1311 3160 veterum
1326 3115 1393 3162 nto·

89 3215 249 3280 numenta,
275 3203 363 3286 apud
379 3222 489 3264 sacrae
515 3203 716 3284 antiquitatis
734 3203 936 3267 tcollectores
962 3203 1116 3284 exhibite,
1144 3205 1226 3268 inter
1247 3216 1392 3267 caeteros

88 3314 172 3395 apud
188 3315 361 3377 Baluzium
375 3315 405 3375 iu
420 3313 548 3376 romeu.
566 3311 801 3394 Capitularium
819 3313 1018 3376 Francorum
1031 3333 1103 3396 pag.
1117 3315 1197 3378 mihi
1213 3315 1285 3379 639.
1310 3315 1391 3377 Oue-

89 3433 188 3486 terum
206 3423 260 3486 u'bi
276 3424 415 3505 primum
431 3421 580 3504 dissipari
595 3421 700 3504 caligo
714 3423 826 3504 coepit,
849 3441 935 3502 quae
949 3421 1050 3484 ferrea
1066 3423 1196 3485 saecula
1211 3425 1392 3505 obtegebutr
1413 3407 1423 3428 ’

87 3547 117 3596 et
129 3535 263 3598 cultiora
281 3533 404 3598 reddita
430 3545 505 3596 sunt
520 3535 692 3597 hominum
707 3533 846 3616 ingenia,
871 3535 1043 3617 disciplina
1058 3536 1190 3616 isthaec,
1213 3556 1297 3617 quae
1314 3557 1391 3619 pau·

87 3665 140 3707 cus
155 3665 236 3708 sane
251 3643 412 3706 dioeceses
427 3643 564 3722 tenebrat,
587 3643 775 3705 curantibus
790 3643 984 3725 praesertim,
1007 3653 1039 3705 et
1056 3644 1242 3724 urgentibus
1259 3643 1391 3706 Pontifi-

88 3753 177 3816 cibus
192 3753 358 3831 illax'imis,
384 3752 509 3814 interire
524 3753 596 3814 visa
622 3761 679 3829 est,
703 3771 773 3816 ean.
790 3753 819 3815 t.
836 3771 900 3815 rer.
928 3753 1184 3837 Purgationem,
1207 3764 1238 3816 et
1253 3773 1323 3816 can.
1340 3753 1392 3817 20.
1480 3803 1483 3810 .

87 3881 175 3926 caus.
191 3863 221 3926 2.
237 3871 362 3942 quaest.
377 3861 418 3936 5.,
444 3877 515 3942 cup.
531 3859 559 3922 9.
577 3879 618 3922 ne
634 3857 749 3923 Clerici
767 3861 815 3923 vel
834 3861 995 3940 Monaelri,
1021 3881 1090 3943 cup.
1107 3861 1136 3924 8.
1153 3861 1194 3923 tle
1210 3861 1390 3943 purgatiore.

88 3989 211 4046 canon,
225 3989 296 4051 cap.
324 3969 352 4030 l.
367 3967 406 4045 2.,
422 3977 452 4028 et
467 3967 497 4029 3.
523 3965 564 4029 de
578 3977 705 4050 purgat.
732 3968 868 4050 vulgar,
894 3967 977 4030 adeo
994 3979 1028 4030 ut
1043 3967 1138 4030 bodie
1164 3968 1221 4030 virt
1238 3966 1392 4029 memoria

89 4077 233 4158 supersit,
247 4095 315 4158 qua
331 4073 486 4137 recolatur
510 4075 599 4156 apud
615 4073 756 4138 eruditos
772 4077 941 4139 vetustatis
968 4074 1137 4153 studiosos,
1154 4071 1250 4158 liujus
1266 4073 1394 4155 generis
1419 4059 1421 4064 ¹

89 4189 295 4272 purgationes
310 4183 488 4266 aliqnando
503 4185 655 4249 extitisse.

128 4295 239 4360 Nolim
254 4315 338 4373 vero,
364 4296 398 4357 in
415 4293 613 4378 purgationis
640 4293 782 4375 vulgaris
796 4294 993 4377 exemplum,
1020 4303 1077 4357 aut
1104 4291 1301 4376 probabilem
1316 4311 1393 4357 eurt-

87 4425 167 4482 ram,
178 4405 217 4466 in
233 4404 377 4468 medinm
389 4401 570 4486 proseratur
585 4403 925 4486 Mosaioetlisciplina,
953 4404 1058 4485 qtralis
1073 4403 1242 4466 exhibetur
1258 4403 1292 4465 in
1307 4403 1391 4484 capi-

89 4525 124 4577 te
138 4515 169 4577 5.
211 4511 436 4596 Humerorum,
452 4523 484 4577 et
497 4512 585 4597 epud
601 4513 794 4578 Gratianum
808 4517 842 4578 in
856 4531 927 4578 can.
946 4513 995 4579 12.
1009 4531 1099 4579 cans.
1113 4513 1144 4576 2.
1159 4521 1282 4596 quaest.
1298 4513 1337 4592 5.,
1353 4509 1395 4576 du
