3276 4984
271 421 362 469 enin
384 419 471 464 erun
495 417 700 478 anensem,
725 417 772 462 sn
795 417 963 465 euouono
984 415 1292 462 connaissance.
1399 397 1441 462 et

32 511 33 520 ἵ
134 541 411 627 quemadmodum
426 541 532 624 legem
546 541 684 624 Papiam
696 539 964 622 interpretabatur
979 540 1081 624 Gajus
1095 539 1130 602 in
1144 539 1165 602 l.
1182 541 1231 603 17.
1248 539 1280 602 ff.
1296 538 1336 602 de
1348 557 1441 622 spon·
1529 631 1532 641 Ι

32 725 33 732 χ
134 655 262 718 salibus.
306 653 408 724 Quod
431 653 459 716 si
481 652 686 736 sponsalibus
712 650 856 735 adjectus
879 649 976 714 fuerit
999 658 1021 716 a
1045 653 1309 716 contrahentibus
1334 662 1441 714 certus

133 768 207 848 dies,
223 768 299 830 licet
314 767 424 830 statim
449 765 600 848 obligatio
616 775 777 842 nascatur,
795 783 890 826 nemo
915 773 1025 826 tamen
1040 783 1082 825 ex
1104 764 1369 826 contrahentibus
1384 781 1442 826 an·

134 884 161 936 te
174 871 264 936 diem
278 871 468 954 obligationi
480 870 664 954 satisfacere
679 881 814 952 tenetur;
831 871 888 933 sed
910 870 1059 933 veniente
1074 869 1126 932 die
1143 873 1247 956 urgeri
1263 872 1372 934 statim
1388 891 1442 954 po·

132 980 250 1046 tested
276 981 506 1062 obligationem
530 979 739 1064 implendam,
755 979 819 1042 nisi
844 990 954 1042 tamen
969 979 1140 1061 quaedam,
1159 999 1243 1062 quae
1258 981 1336 1042 olim
1353 999 1443 1062 prae·

133 1090 201 1154 risa
216 1108 284 1152 non
298 1087 403 1166 fuerit,
429 1107 530 1152 causa
545 1085 653 1168 gravis
677 1096 821 1167 emergat
835 1085 963 1150 arbitrio
992 1087 1010 1149 J
1015 1085 1117 1148 udicis
1133 1085 1381 1168 comprobanda,
1401 1085 1444 1148 ad

131 1193 322 1278 exemplum
336 1213 416 1256 sane
432 1193 526 1272 illius,
543 1209 627 1274 quae
642 1193 810 1256 biennium
824 1193 895 1276 lege
910 1193 1136 1276 praestitutum
1147 1214 1315 1278 prorogare
1331 1205 1443 1278 potest,

128 1307 224 1390 juxta
239 1324 288 1382 ea,
304 1323 389 1386 quae
404 1301 500 1366 modo
523 1301 721 1366 adnotabam
735 1321 777 1364 ex
792 1302 812 1364 l.
830 1303 879 1365 17.
895 1301 936 1364 de
962 1303 1176 1384 sponsalibus
1193 1301 1328 1366 neforto
1344 1305 1445 1387 major

131 1431 200 1474 esse
216 1410 347 1473 dicatur
362 1410 421 1488 vis,
436 1421 468 1472 et
483 1420 623 1491 potestas
648 1409 917 1490 contrahentium,
932 1430 1033 1492 quam
1057 1409 1168 1490 legum
1183 1412 1218 1473 in
1235 1423 1375 1495 ternpore
1390 1411 1445 1476 de-

132 1521 287 1587 finiendo.
332 1521 498 1602 Contingit
512 1519 718 1604 quandoque,
735 1529 771 1582 ut
785 1519 854 1584 dies
869 1521 946 1587 insit
961 1521 1166 1604 sponsalibus
1189 1543 1231 1588 ex
1246 1523 1326 1606 legis
1341 1535 1444 1606 potes·

131 1648 202 1718 tate,
215 1633 499 1718 quemadmodum
519 1633 553 1696 in
568 1633 775 1714 sponsalibus
790 1633 1003 1716 impuberum,
1031 1645 1088 1696 aut
1105 1635 1249 1714 aliorum,
1267 1635 1349 1697 inter
1362 1655 1445 1718 quos

133 1747 242 1812 statim
265 1745 414 1808 contrahi
439 1743 682 1808 matrimonium
708 1743 842 1808 minime
869 1755 984 1826 posset:
1011 1743 1173 1826 siquidem
1196 1757 1367 1812 censentur
1382 1747 1446 1810 ista

131 1857 232 1922 dilata
248 1856 284 1918 in
301 1865 428 1937 tempus
454 1852 611 1936 conjugiis
626 1861 748 1936 aptum,
773 1853 869 1934 quale
894 1865 977 1915 esset
1000 1856 1035 1916 in
1051 1857 1212 1938 proposita
1239 1857 1444 1938 impuberum

132 1963 239 2047 specis
255 1972 386 2042 tompus
409 1960 596 2043 pubertatis.
639 1960 677 2023 ln
695 1959 746 2026 itis
771 1961 880 2024 causis
903 1980 963 2043 ego
979 1973 1064 2044 puto,
1090 1963 1284 2028 adveniente
1301 1966 1447 2047 puberta-

131 2089 169 2156 te,
185 2086 247 2140 aut
260 2073 345 2136 alies
359 2083 434 2154 apto
458 2081 598 2154 tempore
613 2090 678 2134 non
694 2072 804 2134 statim
818 2071 1047 2154 obligationem
1076 2075 1287 2140 contrahendi
1302 2077 1446 2159 conjugii

131 2187 288 2252 effectum
312 2182 415 2246 sortiri
428 2180 610 2244 necessario
635 2177 758 2262 debere;
787 2179 843 2242 sed
860 2179 973 2262 poterit
998 2179 1166 2244 alterutrer
1187 2202 1229 2245 ex
1256 2185 1382 2266 sponsis
1400 2183 1446 2246 ita

131 2306 263 2380 tempus
289 2303 465 2376 prorogare,
481 2309 520 2352 ac
536 2289 563 2351 si
588 2298 658 2352 tum
673 2287 814 2372 primurn
838 2288 1002 2370 sponsalia
1031 2287 1193 2352 celebrata
1218 2288 1365 2372 fuissene
1383 2301 1448 2354 ete-

132 2406 201 2470 nim
215 2404 281 2468 hoc
307 2411 444 2482 tempus,
459 2395 548 2479 quod
573 2397 644 2478 lege
660 2397 750 2476 inest,
777 2415 844 2459 non
860 2396 932 2460 ideo
957 2397 1051 2476 inest,
1066 2396 1161 2480 quasi
1177 2397 1261 2462 ultra
1275 2399 1363 2480 quod
1379 2419 1447 2464 am-

131 2515 218 2602 plius
233 2507 398 2596 prorogari
412 2526 479 2570 non
494 2507 597 2582 liceat,
613 2505 669 2567 sed
684 2505 790 2587 potius
806 2508 899 2587 quasi
914 2519 990 2569 ante
1005 2508 1092 2590 quod
1114 2511 1357 2576 matrimonium
1372 2529 1446 2574 con-

131 2623 215 2690 trahi
231 2619 371 2683 minime
385 2617 509 2694 debcat;
526 2612 805 2696 quemadmodum
820 2613 854 2677 in
874 2615 972 2678 simili
998 2616 1229 2700 propemedum
1255 2627 1447 2702 argumento

131 2727 313 2794 definiebat
327 2723 452 2787 Paulus
467 2722 501 2785 in
516 2721 584 2784 libr.
600 2721 628 2784 4.
646 2723 882 2786 sententiarum
905 2723 951 2786 tit.
967 2723 997 2785 6.
1015 2726 1036 2790 l.
1053 2724 1111 2788 ult.

172 2837 317 2910 Quoties
332 2833 472 2896 conditio
501 2831 706 2914 sponsalibus
731 2830 888 2912 adjicitur,
916 2831 1008 2894 nulla
1031 2831 1189 2896 dubitatio
1211 2843 1268 2914 est,
1285 2835 1365 2917 quin
1380 2835 1446 2900 nisi

131 2947 189 3009 illa
202 2942 386 3019 eveniente,
412 2939 565 3022 obligatio
580 2939 793 3002 contrahendi
817 2939 1012 3002 matrimonii
1030 2952 1191 3022 nascatur,
1220 2944 1288 3006 sive
1303 2944 1445 3010 conditio

131 3057 203 3136 ipss
216 3057 240 3118 a
255 3067 338 3112 casu
362 3046 510 3129 pendeat,
526 3046 596 3149 s‘ive
619 3046 660 3108 ab
683 3043 871 3108 eorumdem
896 3047 1157 3112 contrahentium
1183 3050 1360 3128 voluntate,
1376 3053 1447 3114 sive

129 3163 250 3226 eadem
264 3159 301 3222 in
317 3156 434 3234 dando,
450 3155 519 3217 sive
545 3153 741 3219 insaniendo
767 3155 930 3234 consistat,
946 3175 1015 3238 cap.
1032 3156 1061 3218 3.
1081 3157 1110 3220 5.
1126 3169 1157 3220 et
1172 3161 1200 3221 6.
1217 3159 1258 3221 de
1273 3160 1446 3224 condition.

130 3291 243 3357 appas.
290 3265 383 3338 Quid
400 3284 475 3328 vero
500 3275 556 3344 est,
573 3261 661 3344 quod
684 3261 771 3344 apud
790 3263 984 3327 Gratianum
1012 3263 1149 3346 legimus
1164 3265 1197 3328 iu
1224 3285 1295 3328 can.
1311 3267 1340 3329 7.
1356 3285 1445 3329 caus.

130 3380 182 3442 et.
196 3385 326 3459 quaest.
343 3372 382 3450 2,
408 3369 627 3434 conditionem
653 3371 871 3453 interpositam
888 3391 953 3434 non
979 3372 1094 3451 valere,
1119 3373 1217 3454 idque
1242 3395 1284 3436 ex
1299 3375 1447 3438 Concilio

129 3491 289 3556 Africano
314 3483 449 3567 probari,
475 3484 567 3566 cujus
592 3482 691 3544 verba
716 3481 930 3566 subjiciuntur
952 3483 987 3545 in
1014 3496 1167 3566 sequente
1187 3503 1311 3548 canone
1337 3486 1376 3556 8..
1404 3505 1443 3549 ac

129 3595 294 3662 translata
309 3588 427 3652 deinde
455 3588 605 3669 leguntur
628 3589 661 3652 in
684 3609 753 3671 cap.
783 3591 810 3652 1.
826 3589 867 3652 de
892 3589 1066 3654 condition.
1093 3593 1263 3674 appositis?
1306 3593 1446 3658 Nullum

129 3705 212 3770 mihi
228 3700 402 3782 negotium
417 3697 478 3760 ista
502 3697 676 3776 facessunt,
692 3697 918 3778 consideranti,
935 3699 1080 3782 ejusdem
1095 3703 1315 3766 monumentis
1331 3722 1447 3786 parurn

126 3809 334 3881 auctoritatis
361 3808 475 3870 inesse.
520 3807 625 3870 Nemo
651 3806 808 3889 imprimis
823 3807 904 3870 milii
929 3818 1070 3890 opponat
1085 3805 1256 3872 laudatum
1281 3826 1443 3875 canonem

127 3927 165 4006 ⁷,
182 3925 283 4008 cujus
298 3917 400 3982 verba
414 3913 539 3980 edenda
555 3917 661 3998 potius
676 3922 801 3981 eranta
827 3917 1060 4001 Typographis
1075 3929 1233 3999 tanquam
1247 3917 1445 3982 breviarium

123 4027 303 4115 quoddam
329 4021 494 4105 sequentis
519 4023 654 4087 canonis
669 4023 710 4087 de
735 4043 823 4088 more
845 4025 1043 4108 adscriptum
1070 4043 1167 4108 opera
1190 4025 1445 4110 Glossographo-

123 4155 208 4216 rum,
224 4131 326 4214 cnjus
351 4139 518 4214 propterea
543 4131 601 4210 ris,
626 4142 658 4194 et
682 4133 843 4198 sententia
867 4144 932 4197 tota
954 4140 975 4200 a
1001 4135 1144 4219 srrbjecto
1169 4153 1293 4200 canone
1316 4134 1444 4220 pandet.

122 4241 361 4318 Quamobrem
380 4239 453 4322 jure
468 4239 588 4320 optimo
613 4239 673 4304 viri
688 4241 804 4305 eruditi
819 4241 860 4306 de
886 4241 1003 4306 Contio
1024 4251 1307 4324 consequeruntur,
1334 4239 1391 4322 qui
1406 4259 1446 4305 ea

122 4355 226 4419 rerba
242 4349 339 4414 velut
364 4348 621 4413 ecclesiasticum
636 4369 796 4414 canonem
822 4353 855 4416 in
871 4369 932 4414 sua
947 4351 1094 4414 Gratiani
1120 4349 1260 4412 editione
1276 4350 1445 4414 recensuit.

32 4451 33 4464 ¹
121 4462 259 4534 Deinde
274 4457 321 4526 ad
335 4470 496 4524 munnam
511 4459 540 4523 8.
567 4458 695 4542 adnoto,
710 4461 791 4530 inati
805 4471 927 4528 conatu
951 4480 1028 4612 eu'rPn
1043 4461 1229 4608 quailiw-tnd
1248 4457 1349 4524 luisse
1363 4457 1447 4528 inter

1024 4565 1082 4610 ou.
1157 4591 1164 4607 .
1231 4590 1238 4606 .
