3168 4982
197 395 263 464 282
641 419 885 466 nreeaart‘rro
908 419 1058 470 autnon.

201 539 220 606 1.
241 559 293 604 rrn.
309 539 379 606 cod.
396 541 465 604 eod.
481 539 537 620 tit,
554 538 574 604 i.
589 541 619 605 9.
634 539 667 604 ff.
683 541 724 606 de
738 541 833 626 legat.
850 543 879 606 {i
913 541 1163 610 Observandum
1177 551 1226 608 est
1236 543 1390 624 seeundo,
1405 545 1441 610 in
1456 545 1506 625 iia,

197 669 281 734 quae
296 649 339 712 ud
353 650 540 734 eunjtrgium
566 649 776 732 pertinebant,
802 664 858 715 aut
873 671 915 716 ex
937 671 1038 715 cauea
1052 654 1191 737 conjugii
1207 651 1504 736 proficiscebantur,

196 757 255 821 vix
270 767 426 822 attentam
442 757 542 822 fuisse
564 757 702 842 patriam
719 767 915 841 potestatem,
941 770 973 824 at
989 760 1090 824 veinti
1104 761 1248 846 suijuris
1263 759 1432 828 mulierem
1446 761 1506 825 ha·

196 863 309 948 bitam;
326 875 452 930 tantum
469 866 550 930 ratio
571 875 639 930 erat
653 867 809 934 maritalis
824 869 997 952 potestatis.
1042 869 1128 936 Hine
1142 871 1226 934 bone
1242 871 1335 936 uxori
1356 869 1506 954 quaesita

195 991 238 1038 ex
255 975 441 1040 liberalitate
455 975 569 1055 mariti,
592 979 674 1060 patri
690 995 755 1040 non
770 976 1031 1059 adquirebantur,
1048 977 1067 1042 i.
1086 979 1113 1042 l.
1129 974 1198 1043 eod.
1215 979 1256 1044 de
1279 979 1352 1044 bort.
1367 996 1454 1064 quae
1469 981 1506 1043 ii·

195 1083 270 1166 bea,
285 1103 487 1168 quamquam
502 1084 561 1148 dos
586 1089 711 1168 epatre
727 1083 877 1168 proiecte,
903 1083 946 1150 ad
961 1095 1084 1167 patrem
1108 1086 1213 1150 soluto
1237 1085 1507 1151 matrimonioru-

195 1207 379 1274 verteretur,
405 1195 426 1258 l.
442 1195 471 1258 4.
487 1193 557 1258 eod.
583 1194 688 1258 soluto
703 1193 915 1258 matrimonio.
959 1195 1041 1259 Item
1055 1193 1228 1277 cogebatur
1251 1195 1368 1260 muiier
1381 1213 1456 1258 esee
1468 1195 1504 1260 iu

195 1301 303 1364 mariti
319 1299 433 1380 officio,
458 1299 536 1364 data
549 1301 753 1384 potissimum
778 1303 893 1366 marito
909 1299 981 1382 utili
992 1301 1119 1366 actione
1133 1303 1177 1366 ad
1191 1301 1415 1368 exbibeudtnn
1426 1319 1505 1368 ouu-

195 1419 244 1474 tra
258 1429 343 1490 euru,
357 1411 414 1494 qui
428 1409 597 1474 mulierem
610 1409 812 1492 abduxisset,
827 1409 909 1474 adeo
925 1417 961 1474 ut
974 1409 1073 1478 etiam
1087 1409 1116 1476 ti
1131 1409 1298 1476 abduouno
1313 1417 1506 1491 eeoetp'ater

193 1529 307 1584 contra
321 1537 398 1584 eum
413 1537 541 1602 qnoque
556 1529 749 1600 competeret
775 1517 865 1584 utitis
879 1517 970 1598 aetio,
996 1532 1082 1601 quae
1096 1515 1130 1584 iu
1144 1535 1184 1580 ea
1197 1531 1300 1582 cauae
1317 1515 1422 1600 potior
1432 1526 1507 1582 erat

182 1603 319 1694 'actione
334 1628 464 1710 directa,
474 1649 559 1713 quae
574 1629 656 1714 potri
670 1619 849 1716 competeie
861 1631 1024 1714 potuisset,
1040 1627 1062 1694 1.
1078 1629 1106 1694 1.
1123 1631 1147 1698 i.
1161 1631 1201 1708 b,
1224 1629 1244 1694 i.
1259 1627 1290 1692 2.
1305 1627 1339 1693 ff.
1356 1627 1399 1694 do
1411 1627 1503 1694 iiber.

193 1734 313 1816 exitib,
328 1735 350 1800 i.
367 1737 416 1800 ll.
431 1733 503 1799 eud.
519 1733 559 1800 de
574 1737 705 1820 nuptiis.
741 1735 992 1802 Observandum
1005 1747 1056 1800 ert
1069 1737 1170 1812 tertio,
1184 1737 1219 1802 in
1234 1737 1283 1818 iia,
1298 1757 1383 1821 quae
1398 1747 1503 1823 pant·

193 1863 277 1914 num
292 1846 399 1927 simui,
415 1856 448 1911 et
462 1827 610 1912 maritate
622 1847 722 1914 decue
733 1847 930 1934 rpeombant,
945 1857 976 1912 et
990 1861 1122 1934 mtrem,
1138 1857 1170 1926 et
1179 1849 1333 1914 maritum
1347 1867 1506 1917 unocun-

192 1973 318 2022 eurrere
333 1956 484 2040 putuiaae3
511 1957 606 2040 eujus
621 1956 665 2022 rei
679 1955 867 2042 exemplum
892 1956 1098 2040 perspicuum
1111 1965 1161 2022 eut
1174 1957 1209 2022 iu
1230 1951 1357 2020 oetiude
1371 1955 1505 2039 inirrit-

193 2085 268 2132 rum
281 2065 440 2132 adrerum
466 2077 602 2151 uttptam
617 2065 863 2134 iiiiamiamitiar
887 2067 1060 2151 illatarum,
1086 2084 1171 2152 quau
1184 2079 1216 2133 et
1229 2067 1320 2152 patri,
1337 2079 1369 2133 et
1384 2067 1505 2132 mrito

192 2177 436 2260 eoncedebatur,
452 2177 472 2241 1.
489 2179 517 2243 1.
535 2181 558 2248 i.
574 2177 640 2262 ult,
666 2179 686 2244 l.
704 2179 753 2244 le.
770 2179 838 2248 12.
853 2179 886 2244 ff.
901 2179 942 2244 de
963 2181 1096 2264 injuriis.
1139 2179 1279 2252 Qrtotieu
1292 2179 1374 2244 haee
1389 2180 1506 2264 uaga·

193 2283 227 2352 la
241 2297 399 2368 accurate,
425 2287 471 2352 uti
487 2285 588 2369 decet,
614 2271 861 2372 perpenduntur,
885 2287 1088 2354 eommodiue
1101 2289 1250 2354 extrierui
1271 2289 1348 2354 iude
1361 2297 1506 2374 poentut

191 2387 398 2458 difficultates
413 2393 592 2484 uuiverrae,
608 2395 850 2478 praesertim'de
864 2394 1009 2460 dominio
1021 2395 1156 2476 dotiuru,
1183 2395 1217 2460 in
1231 2415 1316 2480 quae
1328 2415 1407 2462 eum
1421 2397 1504 2462 iuci-

191 2501 298 2568 derint
326 2502 553 2582 iureconsulti,
582 2501 818 2586 disputationes
847 2504 1057 2588 gravissimae
1084 2504 1337 2586 deminuerunt,
1365 2505 1506 2589 quaudo

190 2610 279 2676 euim
293 2611 413 2676 alicubi
428 2611 552 2694 dieitur,
580 2613 733 2678 maritum
748 2609 847 2676 tuisse
861 2609 1040 2690 domiuum,
1066 2609 1186 2676 alieubi
1201 2631 1345 2694 exuram,
1369 2631 1430 2678 eeu
1445 2631 1504 2698 pa-

190 2731 272 2788 trem
287 2721 397 2786 uxoria
412 2697 651 2800 iiiiireiamiiiaa
677 2717 773 2784 facile
788 2729 937 2804 poterunt
950 2729 982 2783 et
991 2717 1161 2802 explicari,
1182 2729 1217 2784 et
1229 2719 1394 2785 eunoiiiu'ri
1408 2723 1505 2787 rada

186 2829 268 2914 juria
282 2829 362 2910 loco,
387 2829 415 2896 ri
438 2829 482 2894 ad
507 2829 636 2894 diverso
659 2825 883 2914 conjugiorum
909 2845 1028 2910 genera
1051 2827 1248 2910 mpieietrrr,
1272 2843 1359 2910 quae
1383 2831 1419 2894 in
1434 2849 1503 2896 uuu

191 2937 281 3022 opud
296 2949 418 3004 veteres
433 2935 599 3004 &manoe
620 2947 722 3018 erant3
732 2937 840 3002 'immo
853 2945 886 2998 et
905 2933 947 2998 ed
963 2933 1109 2998 diversae
1123 2931 1340 2998 dominiorum
1359 2933 1503 3016 qualita-

190 3057 246 3128 tes,
263 3059 295 3112 et
308 3067 435 3127 causas,
460 3063 600 3129 quarum
614 3043 704 3128 apud
730 3053 853 3110 veterae
866 3041 998 3108 eosdem
1022 3041 1189 3106 &maneo
1212 3040 1294 3106 ratio
1306 3039 1504 3109 habehim.

190 3155 356 3241 Equidem
370 3155 479 3236 fateor,
504 3173 553 3235 eo,
578 3173 664 3238 quae
678 3153 774 3218 hodie
798 3153 892 3217 nobie
918 3161 1099 3234 supersunt,
1120 3149 1203 3234 juris
1226 3149 1368 3215 nonam
1382 3167 1502 3216 moun·
1571 3157 1572 3160 ’

189 3277 310 3346 menta,
325 3275 357 3330 et
371 3263 488 3328 mutila
501 3281 573 3328 esee
587 3261 668 3326 forte
682 3233 780 3326 etiam
795 3259 1005 3326 recentiorum
1021 3273 1132 3337 manu,
1147 3253 1204 3339 qrri
1218 3265 1327 3322 rotata
1341 3253 1501 3322 reueodo·

189 3377 280 3443 ribus
297 3373 442 3440 moribus
457 3368 702 3436 accommodare
726 3367 907 3447 voluerunt,
922 3365 1108 3449 depravato,
1132 3373 1165 3428 et
1188 3361 1333 3429 uboourie
1358 3361 1503 3428 amum

189 3487 341 3574 pleraque
356 3479 518 3559 obvoluta,
545 3479 632 3544 trude
646 3497 707 3543 nee
720 3477 825 3556 facile,
847 3495 908 3539 nea
923 3483 992 3542 tuto
1006 3473 1040 3538 iu
1055 3473 1094 3538 iia
1109 3469 1210 3556 potuit
1221 3469 1300 3536 ordo
1313 3479 1500 3553 temporum
1570 3493 1571 3496 ¹

188 3592 395 3681 deprehendi.
428 3591 550 3658 Verum
565 3589 599 3654 id
613 3587 760 3652 dandum
775 3595 824 3650 eat
838 3581 1049 3661 Triboniono,
1064 3581 1123 3664 qui
1136 3599 1214 3648 euru
1227 3589 1334 3644 aetam
1346 3597 1409 3644 atta
1421 3595 1500 3644 noo·

188 3713 281 3780 aeret,
291 3699 419 3785 jamdiu
434 3700 468 3762 in
483 3693 728 3762 desuetudinem
743 3693 861 3760 abiisse
876 3703 1016 3776 retentu
1029 3689 1244 3774 disciplinam,
1261 3701 1297 3754 et
1308 3687 1416 3754 radon
1429 3705 1500 3754 me·

188 3815 329 3872 moratos
354 3805 577 3891 conjugiorum
591 3801 885 3869 contrabeudoruru
909 3801 997 3880 ritus,
1022 3797 1153 3864 uatium
1172 3797 1320 3866 ordinem
1341 3800 1498 3880 amrin,

188 3913 363 3998 minusque
377 3925 526 3980 aeeumte
551 3931 586 3978 oe
600 3913 708 3997 gessit,-
734 3901 864 3978 tautum
878 3911 971 3976 nobie
996 3909 1030 3976 iu
1044 3909 1094 3990 iia,
1118 3923 1206 3992 qnae
1219 3907 1357 3992 reliqrrit,
1378 3925 1498 3978 mu·

187 4023 306 4090 mentia
319 4022 483 4106 quaedam
496 4021 654 4103 exhibuit,
677 4041 719 4088 ex
733 4021 855 4106 quibua
868 4031 1011 4088 veterem
1033 4019 1499 4104 uterium-mnemon

77 4197 82 4204 .
187 4127 288 4198 fuisse
302 4131 478 4198 obnoxiam
502 4131 762 4217 iuteiiigeremuu,
787 4130 875 4215 quod
890 4146 933 4195 ex
950 4129 1094 4196 aiiomm
1107 4129 1308 4214 Scriptum:
1331 4129 1499 4216 pmddie

42 4239 46 4252 “
187 4239 408 4326 intelligimur.
450 4239 539 4306 Hine
552 4253 671 4324 autem,
696 4229 785 4324 qubd
798 4237 976 4326 perspicuis
996 4239 1144 4324 undique
1156 4239 1349 4306 ummah
1370 4239 1414 4306 td
1428 4243 1497 4309 riti-

185 4353 266 4436 guia
280 4353 541 4436 demonstrande,
556 4373 641 4438 quae
656 4353 773 4421 tradite
786 4367 872 4438 sunt,
886 4367 920 4422 et
932 4355 976 4422 od
990 4367 1093 4422 eertao
1111 4355 1356 4442 eoneiguourhu
1369 4367 1495 4441 tompo-

186 4479 261 4528 rum
274 4473 368 4528 notae
383 4463 418 4532 iu
442 4461 615 4552 multipiici
630 4465 854 4551 eonjugiorum
878 4465 984 4534 torma
1007 4465 1230 4551 deotituamur,
1252 4468 1386 4535 renim
1406 4465 1496 4536 ordii
