3216 4988
222 415 286 480 234
463 441 553 486 rans
571 441 696 502 sarua,
714 413 1132 506 nrssanrarro‘auaarn,
1150 449 1226 494 car.
1252 429 1293 494 ll.

192 537 195 544 ¹
221 557 302 619 nihil
319 557 408 621 aliud
435 559 469 623 in
485 561 628 626 medium
656 563 784 645 proferri
811 566 919 647 possit,
944 585 1045 648 quam
1068 569 1133 634 duo
1148 559 1369 656 monimenta,
1390 573 1501 652 quaein

223 665 458 746 Gregorianum
475 669 605 734 titulum
627 669 668 733 de
684 671 809 736 Clerico
823 685 982 760 venatore,
992 677 1147 739 translata
1168 677 1300 742 fuerunt
1315 697 1356 742 ex
1369 679 1500 744 collectio
1576 669 1577 682 ¹

220 797 262 842 na
278 780 432 862 Gratiani,
449 781 599 846 videlicet
612 803 654 846 en
670 803 741 848 can.
758 785 798 862 2.,
815 793 846 848 et
861 785 889 848 3.
905 785 978 850 dist.
995 785 1055 864 34,
1071 805 1211 870 quorum
1223 788 1365 870 primum
1378 801 1422 853 est
1435 790 1502 854 Con·
1576 801 1577 876 t

118 945 121 952 .
138 943 143 948 .
221 889 286 950 cilii
304 889 508 970 blpaouensis
523 891 601 954 anni
616 893 698 970 517,
716 891 854 956 alterum
870 893 1006 958 Concilii
1022 893 1180 973 Francici
1197 913 1253 958 seu
1270 893 1445 958 Germanici
1457 913 1502 958 au·

133 1079 137 1086 .
222 995 255 1057 ni
271 995 354 1074 742,
369 995 485 1074 dicam,
512 997 631 1062 ibidem
647 997 789 1076 Cleusis,
804 1009 836 1062 et
850 999 1007 1080 religiosis
1022 1000 1323 1064 virisinterdlctuur
1345 999 1437 1064 fuisse
1451 1001 1501 1064 illis

225 1104 464 1192 venationibus,
486 1123 572 1186 quae
587 1105 728 1169 Clericus
743 1107 876 1170 eosdem
889 1108 930 1171 ab
953 1105 1058 1188 officio
1076 1128 1166 1172 sacro
1181 1109 1400 1188 distraherent,
1414 1127 1505 1190 qnem-

221 1207 398 1270 admodum
427 1210 574 1278 indicant
599 1213 697 1276 verba
723 1211 787 1276 illa:
816 1213 857 1278 Iu
871 1215 933 1280 bac
958 1217 1126 1300 uoluptate
1139 1218 1278 1299 saepius
1294 1217 1504 1301 detenuissue

220 1314 274 1389 rit,
290 1323 321 1376 et
334 1317 516 1408 pyloaticas
530 1320 740 1403 vagationem
756 1333 853 1402 atque
867 1321 909 1393 ad
924 1322 1011 1386 hanc
1023 1325 1163 1406 speciem
1174 1321 1286 1388 referri
1296 1335 1433 1406 oportere
1446 1343 1504 1388 corr

220 1421 391 1486 clademna
415 1425 585 1490 laudatum
612 1429 750 1513 Consilii
765 1429 952 1493 Tridentini
978 1429 1143 1494 decretum
1159 1432 1192 1495 in
1216 1449 1286 1514 cap.
1304 1433 1355 1496 12.
1377 1434 1502 1498 ceasia,

220 1530 423 1612 rte-Reform,
451 1537 506 1600 ubi
523 1542 684 1616 statuitur,
712 1555 755 1600 ne
769 1537 885 1602 Clerici
899 1539 1028 1604 illicitis
1049 1539 1275 1604 venationibus
1291 1553 1416 1604 vacent.
1437 1541 1505 1604 Pau·

219 1641 266 1704 cis
290 1663 357 1708 rem
372 1645 573 1729 colligamus
595 1649 764 1714 Sententia
787 1667 953 1714 canonum
968 1662 1025 1730 sat,
1038 1669 1093 1714 ne
1108 1652 1282 1732 venationi,
1306 1655 1393 1718 sicut
1412 1665 1440 1717 et
1452 1653 1506 1716 cui·

220 1773 361 1836 cumque
376 1757 627 1824 oblectationum
643 1741 762 1842 generi,
778 1761 852 1844 plus
874 1781 979 1844 aequo
994 1763 1110 1826 Clerici
1125 1763 1327 1846 indulgeant:
1360 1767 1507 1832 Sententia

219 1883 384 1928 canonum
399 1878 456 1944 est,
482 1877 517 1931 ot
530 1867 647 1932 modus
663 1869 696 1932 in
711 1869 911 1952 indulgendo
927 1881 1080 1934 servetur.
1104 1871 1272 1934 Sententia
1287 1891 1448 1956 canonum
1460 1881 1507 1948 ast,

220 1983 256 2034 ut
270 1972 365 2036 decor
390 1985 421 2036 et
435 1976 589 2038 horrestas
614 1977 771 2040 claricalis
794 1977 1005 2040 custodiatur.
1031 2037 1034 2044 ,
1049 1977 1113 2040 Ubi
1129 1995 1234 2040 unum
1249 1989 1291 2041 ex
1319 1977 1373 2040 lris
1388 1975 1507 2068 deliciet,

219 2077 262 2138 ad
279 2079 499 2165 Praelatorum
524 2082 668 2146 officimn
684 2081 861 2164 pertinebit,
887 2093 1012 2148 attenta
1025 2081 1182 2164 qualitate
1206 2091 1397 2173 temporum,
1421 2099 1508 2165 perse

220 2201 344 2264 narum,
373 2185 523 2266 locorum,
550 2187 691 2252 salubria
707 2199 876 2270 praecepta
890 2201 1041 2268 statuere,
1064 2195 1085 2254 a
1101 2189 1222 2281 quibus
1237 2207 1302 2252 non
1317 2188 1414 2252 liceat
1427 2186 1508 2250 Cleri·

219 2291 265 2354 cis
283 2292 347 2356 ullo
372 2295 467 2356 modo
483 2295 637 2376 recedere3
661 2297 742 2378 quin
757 2307 867 2362 tamen
881 2307 939 2360 aut
965 2298 1095 2360 venatio
1109 2298 1188 2378 ipsa,
1213 2298 1321 2380 qualis
1343 2297 1439 2362 hodie
1451 2295 1508 2358 lieri

219 2398 311 2474 soler,
326 2418 380 2480 per
405 2421 440 2462 se
454 2401 635 2486 improbata
650 2403 786 2484 dicatur,
813 2415 922 2473 anteo
936 2403 1279 2487 cogamarpppellere,
1300 2417 1338 2469 ut
1353 2395 1510 2470 distinctio

197 2521 295 2598 ¹nem
311 2506 401 2571 illam
426 2509 632 2590 elamorosae,
659 2521 690 2575 et
711 2511 839 2594 quietae
864 2513 1044 2578 venationis
1069 2515 1169 2578 sacris
1192 2513 1377 2580 canonibus
1397 2531 1511 2598 proram

218 2613 426 2697 incognitam,
452 2617 533 2682 forte
556 2618 692 2685 etiams
715 2622 876 2686 sententia
898 2639 1064 2704 canonum
1085 2623 1237 2703 stanam,
1256 2641 1443 2705 sequamur,
1466 2622 1511 2684 ad·

219 2725 402 2806 probemus.
817 2811 819 2816 ι
954 2742 961 2799 ’.

259 2835 362 2904 Quod
388 2838 540 2918 severius,
566 2847 599 2901 et
613 2839 732 2902 arctius
757 2837 888 2902 clericis
911 2839 1148 2921 prohibendum
1175 2839 1243 2919 luit,
1259 2860 1298 2904 eo
1324 2841 1510 2926 pertinetur

220 2939 318 3005 iidem
332 2940 420 3005 rixas
446 2925 577 3025 austrea,
593 2953 625 3007 et
639 2944 790 3027 strepitus
805 2963 969 3009 armorum
983 2949 1113 3026 evitent,
1129 2967 1200 3030 cap.
1223 2949 1253 3011 2.
1269 2949 1310 3012 de
1323 2951 1404 3029 rita,
1425 2959 1457 3011 et
1467 2949 1514 3010 bo

218 3039 299 3110 nest.
323 3050 448 3132 Clerici,
464 3070 543 3115 eove
555 3054 691 3134 magica
705 3045 838 3135 privatis
853 3055 1082 3118 certaminibus
1095 3057 1298 3139 abhorrcauq
1313 3058 1512 3140 quamobrem

195 3231 199 3238 ,
219 3177 285 3224 non
301 3149 407 3227 solum
432 3163 622 3244 irregulares
637 3174 739 3244 erunt,
766 3163 1033 3246 quotiescumque
1048 3163 1214 3230 hominem
1228 3168 1263 3230 in
1278 3167 1391 3232 duello
1401 3165 1512 3230 occide

219 3275 290 3372 rint,
307 3287 365 3340 aut
387 3277 614 3376 mutilaverint,
639 3279 692 3341 vel
707 3277 818 3357 occidi,
844 3287 902 3342 aut
916 3277 1060 3341 mutilari
1084 3279 1320 3358 mandaverint,
1348 3299 1426 3362 cap.
1439 3279 1466 3340 2
1479 3275 1513 3337 de

102 3431 109 3444 .
221 3384 334 3448 Cleric.
352 3403 449 3468 pugn.
467 3387 501 3449 in
516 3385 623 3465 duell,
640 3386 697 3450 sad
712 3387 811 3450 etlam
826 3385 1013 3468 deponendi
1024 3395 1130 3466 crunt,
1142 3387 1169 3448 si
1184 3385 1331 3452 duellum
1344 3387 1513 3459 obtulerint,

220 3507 277 3558 aut
291 3493 437 3560 oblatum
452 3495 661 3576 susceperint,
676 3496 746 3558 siva
757 3496 899 3575 vincant,
915 3495 1181 3576 evasissemus,
1195 3515 1401 3578 quamquam
1416 3497 1449 3560 in
1461 3497 1513 3557 lrao

112 3625 114 3628 ·
221 3607 326 3686 specie
343 3605 496 3686 Episcopi
512 3605 639 3667 arbitrio
654 3602 855 3685 relinquatur
869 3603 1108 3686 indulgentiam
1123 3604 1236 3682 facere,
1253 3607 1382 3686 quoties
1399 3625 1457 3669 nec
1469 3605 1514 3667 bo

220 3709 398 3791 micidium,
422 3731 483 3776 nec
497 3712 660 3776 mutilatio
673 3711 898 3792 subsequatur,
923 3729 993 3792 cap.
1012 3712 1040 3774 l.
1055 3709 1126 3772 eod.
1143 3711 1190 3773 tit.
1233 3709 1279 3772 Ut
1293 3721 1407 3774 autem
1422 3703 1514 3774 acae-

220 3817 318 3883 dibus
332 3817 446 3900 magis,
472 3819 644 3902 magisque
658 3818 774 3882 Clerici
788 3817 1002 3896 abborrerent,
1018 3817 1080 3880 sub
1095 3815 1304 3898 depositionis
1328 3836 1436 3900 poena
1449 3816 1515 3897 ipsis

221 3927 380 3991 indictum
395 3925 464 4005 fuit,
480 3945 520 3989 ne
535 3926 671 3988 militiae
687 3937 830 3990 armatae
845 3945 964 3990 nomen
979 3926 1102 4003 darent,
1117 3943 1189 4022 can.
1204 3925 1256 3988 83.
1273 3945 1315 4014 ax
1329 3923 1514 4008 apostolicis,

221 4054 292 4098 can.
308 4033 337 4098 S
353 4053 444 4097 caus.
469 4035 520 4096 20.
535 4043 660 4115 quaest.
676 4035 714 4114 3,
741 4051 812 4116 cap.
827 4035 857 4098 9.
875 4037 896 4101 i.
914 4032 970 4096 ult.
998 4033 1135 4112 devoto,
1163 4053 1233 4116 cap.
1248 4035 1300 4098 25.
1324 4035 1369 4098 de
1392 4041 1515 4097 sentent.

222 4167 392 4227 excomm,
416 4148 479 4211 nisi
493 4158 640 4229 ageretur
654 4145 695 4208 de
709 4145 804 4224 bello,
829 4145 876 4228 uti
893 4155 1018 4226 vocant,
1034 4143 1202 4208 defensivo
1226 4147 1268 4208 ad
1284 4147 1439 4230 injuriam
1450 4145 1516 4208 bos·

224 4259 305 4320 tium
319 4251 547 4338 repellendam,
573 4251 781 4334 iucundoque
794 4253 837 4316 ab
851 4253 929 4334 ipsis
943 4272 1021 4316 cum
1036 4253 1258 4317 moderamine
1276 4255 1462 4337 inculpatae
1476 4263 1515 4314 tu

138 4395 143 4404 ·
226 4365 327 4443 ellae,
341 4383 411 4446 cap.
426 4365 468 4443 2.,
484 4373 517 4426 et
533 4363 581 4428 lii·
596 4361 637 4425 de
651 4359 835 4442 homicidio;
852 4360 885 4424 in
901 4341 963 4425 hac
978 4362 1066 4426 enirn
1080 4365 1188 4444 specie
1202 4364 1299 4428 etiam
1311 4363 1448 4428 Clericis
1455 4363 1517 4444 jure

232 4472 400 4552 ¹mponitur
414 4487 497 4536 onus
512 4469 735 4534 defendendae
749 4467 898 4552 civitatis,
913 4487 983 4551 cap.
999 4469 1030 4532 2.
1044 4467 1085 4532 de
1100 4469 1263 4534 immunia
1280 4469 1415 4550 Caeles,
1436 4481 1517 4549 argu-
