3146 4980
202 409 266 475 328
558 423 801 472 nrsssnrsrro
821 411 948 488 enirn,
963 414 1112 475 earm.
1128 405 1170 471 il.

198 549 386 636 jamdiunt
400 547 597 631 dispensatio
621 546 814 612 sPonuneo
835 547 981 612 Maximo
1005 548 1199 631 impetretur,
1225 543 1491 631 qnemnduodnrn
1549 523 1550 528 ἵ

135 663 138 669 “
203 655 357 737 contingit
372 655 405 718 in
421 673 460 717 ea
475 655 589 737 specie,
616 667 683 737 qua
696 655 828 737 spurius
852 655 951 718 sacris
967 655 1145 722 Ordinibus
1168 655 1212 720 sit
1225 654 1411 734 initiandae,
1429 671 1490 736 unp.

202 761 234 823 3.
249 761 311 824 hoo
327 762 381 840 tit,
394 779 466 844 cap.
490 762 551 840 20,
577 771 609 824 et
622 763 673 826 25.
689 761 732 824 de
754 763 919 846 electione3
946 775 1148 846 quemquern
1172 765 1327 830 etunius
1351 751 1492 846 Epiec'mi

202 871 400 956 dispensatio
414 872 562 952 sufficiat,
578 874 635 936 ubi
649 883 765 957 agatur
778 874 1011 940 demissoribus
1026 875 1197 940 ordinibus·
1207 875 1427 960 suscipiendis,
1442 859 1492 936 ant
1551 897 1552 900 ¹

162 968 165 974 ⁵
202 983 243 1047 de
257 983 425 1064 beneficio,
437 983 526 1066 quod
541 1001 654 1048 curam
669 985 852 1050 aninmrum
867 1003 933 1050 non
948 986 1069 1052 babeat
1082 988 1259 1068 adnexam,
1281 1005 1352 1070 cap.
1368 987 1398 1051 1.
1413 985 1451 1050 de
1463 984 1494 1050 d·

201 1095 254 1160 liis
270 1097 447 1178 Presbyter.
465 1097 507 1159 in
522 1097 552 1159 6.
595 1095 681 1160 Illud
696 1096 841 1160 adhane
866 1111 934 1162 rem
947 1093 1057 1162 adhuc
1069 1099 1313 1164 observandum
1327 1107 1383 1179 est,
1408 1095 1493 1163 nnlla

204 1201 447 1284 dispensatione
460 1221 516 1264 eos
530 1201 679 1284 indigere,
696 1202 752 1284 qni
768 1195 841 1266 lieet
855 1201 1017 1268 deiectum
1032 1205 1196 1269 ttetalitun·
1206 1205 1357 1285 babeant,
1376 1221 1493 1268 monas

203 1311 300 1374 ticam
316 1319 425 1374 temen
442 1311 541 1374 vitam
556 1310 708 1393 amplexi,
736 1310 788 1372 rel
803 1311 1102 1394 incongregatione
1124 1311 1368 1376 cammoorr'rm
1382 1307 1495 1392 regela-

202 1439 270 1485 rem
286 1422 387 1490 vitam
398 1421 534 1504 professi
548 1421 686 1500 luerunt,
712 1421 926 1487 damnosos
940 1421 1194 1507 praelationibus
1214 1422 1415 1501 abstineant,¹
1431 1435 1494 1501 cap.

205 1533 233 1596 l.
249 1533 289 1596 da
304 1531 382 1597 filiis
395 1535 535 1616 presbyt.
563 1531 650 1617 apud
666 1533 857 1616 Gregoriirm
870 1529 931 1597 IX.
975 1531 1041 1598 Sed
1055 1534 1097 1596 ds
1108 1533 1174 1596 hae
1187 1544 1286 1616 parte,
1301 1533 1336 1598 in
1351 1532 1419 1615 quit
1432 1531 1497 1593 irre·

73 1683 80 1700 ,
202 1645 536 1728 grrlan'tas·versatnr,
563 1643 760 1711 commodior
781 1644 841 1708 erit
865 1643 943 1710 alibi
966 1644 1144 1710 disserendi
1166 1645 1269 1727 lectas,
1295 1641 1496 1710 niminnnin

204 1757 453 1822 Commentariis
467 1757 500 1822 in
516 1755 633 1822 librum
649 1756 687 1822 V.
703 1753 932 1820 Decretallum.

673 2279 932 2357 —emesrro
956 2282 1015 2348 ru.
1150 2320 1154 2330 .
1224 2321 1262 2336 ..

319 2539 327 2655 s
399 2545 404 2554 ’
439 2591 494 2658 Aa
519 2547 672 2670 rasum
692 2587 746 2654 m
766 2537 1098 2673 perueruerat
1121 2544 1273 2670 potes·
1398 2669 1404 2682 ,

622 2846 781 2914 Decretab
804 2845 876 2913 libr.
890 2843 933 2908 ·3.
956 2841 1005 2910 tn.
1029 2841 1083 2908 lit

204 3173 399 3388 VETUS
421 3281 490 3392 jam
504 3301 566 3368 fnit
581 3301 600 3366 J
603 3299 778 3365 udaeornm
792 3295 973 3380 disciplina,
995 3279 1092 3379 juxta
1106 3293 1206 3374 quain
1220 3279 1373 3355 muli'eres
1391 3305 1501 3354 recens

205 3421 322 3494 enixae
337 3445 391 3508 per
406 3429 507 3482 certos
522 3413 712 3479 constitutos
727 3409 797 3473 dine
813 3427 872 3472 nec
888 3419 1000 3471 sancta
1014 3403 1208 3487 contingere,
1223 3419 1283 3466 nec
1298 3399 1500 3502 insarcina-

204 3543 288 3606 rium
302 3519 427 3617 ingredi
442 3520 581 3614 possent3
598 3523 735 3606 expletis
750 3531 859 3584 autem
874 3515 1106 3602 purificationis
1129 3513 1244 3579 diebus
1258 3505 1500 3577 ad'bacerdotes

204 3649 400 3724 accederent,
427 3640 604 3704 oblationes
618 3629 778 3717 quasdam
793 3640 825 3693 et
840 3627 919 3709 De0,
945 3641 977 3691 et
991 3623 1113 3689 eisdem
1128 3619 1357 3689 Sacerdotibus
1371 3616 1501 3685 ebllatu·

203 3741 269 3842 rae,
282 3780 352 3842 cap.
368 3757 417 3820 12.
433 3749 581 3817 Levitici.
596 3749 599 3756 '
623 3742 791 3816 Quoniam
807 3759 882 3804 vero
897 3747 1103 3824 praeceptum
1116 3735 1201 3800 illud
1217 3730 1368 3798 divinum
1382 3746 1444 3798 non
1458 3727 1500 3792 ad

202 3865 350 3946 morales,
374 3859 431 3926 sed
456 3843 561 3942 potius
587 3852 628 3918 ad
652 3849 902 3916 caeremoniales
928 3847 1146 3912 institutiones
1171 3843 1358 3927 pertinebat,
1382 3837 1500 3906 nemini

204 3979 314 4044 venire
330 3975 364 4037 in
389 3967 524 4033 dubium
540 3973 651 4048 potest,
668 3958 748 4044 quin
774 3977 859 4022 nova
886 3953 1008 4019 Christi
1032 3951 1209 4016 servatoris
1235 3947 1306 4032 lege
1322 3943 1498 4023 cessaverit,

205 4069 482 4174 quemadmodum
495 4065 571 4136 'alia
586 4085 721 4132 numero
736 4065 829 4148 plura
854 4061 997 4147 ejusdem
1013 4058 1137 4140 generis
1153 4053 1272 4119 abolita
1293 4050 1395 4118 fuisse
1409 4063 1500 4116 nemo

205 4196 339 4280 ignora,
355 4209 425 4270 cap.
451 4185 480 4247 3.
497 4181 537 4245 de
552 4177 767 4243 constitution.
810 4165 985 4236 'Caeterum
1000 4183 1106 4248 neque
1131 4159 1300 4225 Ecclesiae
1315 4159 1433 4271 Patres,
1446 4167 1498 4263 ne·

205 4325 268 4390 que
286 4295 456 4366 Pontifices
473 4289 610 4356 Maximi
633 4281 878 4369 improbandam
893 4277 1073 4353 voluerunt,
1097 4269 1154 4335 sed
1169 4266 1277 4354 potius
1289 4265 1498 4382 laudaverunt

23 4477 26 4488 ,
205 4401 426 4497 religiosarum
443 4403 617 4469 mulierum
641 4395 853 4472 devotionem,
869 4404 953 4472 quae
968 4401 1033 4450 non
1048 4383 1190 4467 primum
1213 4377 1313 4441 sacris
1326 4385 1500 4439 communt-

136 4543 138 4548 ’
205 4539 279 4591 cent
293 4533 364 4607 post
378 4517 499 4583 editam
514 4509 644 4597 prolem,
660 4523 760 4591 quam
774 4518 830 4588 per
844 4489 1033 4567 Sacerdotes
1047 4485 1211 4578 postulent
1224 4480 1284 4551 stbl
1298 4477 1498 4569 &Deobonss
