3134 4984
195 420 260 488 ltt
407 439 518 523 ⁴serires
535 439 662 504 rarus,
678 439 922 508 orssrrurarro¹
936 439 1109 504 saeuum,
1130 441 1207 494 aaa.
1223 417 1282 491 tr.

194 581 254 630 nes
269 561 474 644 obsistebant,
500 564 578 647 quia
593 563 672 630 forte
696 575 766 633 eret
779 559 1014 650 irregularitate
1035 575 1176 630 notetus
1219 563 1264 630 lit
1278 572 1390 630 autem
1401 562 1476 633 satit·
1552 574 1553 660 l

194 670 314 738 faceret
339 673 440 736 manti
465 671 694 740 Lateranensis
720 673 867 753 Concilii,
894 671 1022 743 salubre
1036 673 1361 760 consiliumceperat,
1382 673 1473 740 utEe-

193 778 330 846 olesiam
344 779 553 866 delinqueret,
579 793 610 846 et
625 782 659 848 in
676 781 910 850 Monasterium
932 802 966 850 ee
982 785 1140 868 reciperet.
1184 783 1309 850 Revera
1326 783 1368 848 ab
1383 782 1474 849 Eccle-
1553 846 1554 862 ,

167 890 244 956 ‚sia
252 891 325 976 jam
339 891 546 970 abscesserat,
571 900 603 954 et
616 891 765 958 habitum
781 891 978 975 religiosum
998 891 1155 965 induerat.
1198 893 1413 974 Innocentius,
1431 890 1476 986 qui
1553 881 1554 900 ³

195 997 450 1064 lateranensem
464 1017 622 1064 canonem
647 999 681 1064 in
695 1018 736 1064 ea
750 1010 838 1084 parte
860 1019 927 1066 non
937 1002 1000 1088 jus,
1026 1001 1084 1066 sed
1098 1001 1373 1086 dispensationem
1395 1000 1478 1066 eonti-

196 1116 271 1168 nere
287 1115 430 1184 noverat,
446 1124 484 1166 eo
499 1105 609 1170 animo
624 1126 659 1170 ss
673 1107 931 1188 esseindieabat,
947 1128 1011 1194 que
1026 1109 1132 1192 nollet,
1148 1129 1224 1176 eum
1239 1111 1409 1180 Deeanum
1422 1121 1481 1195 post
1554 1118 1555 1146 ¹

196 1208 377 1292 depositam
392 1211 582 1295 dignitatern
609 1213 724 1280 iterum
739 1215 783 1280 ad
808 1215 991 1284 Ecclesiam
1005 1219 1128 1298 reverti,
1155 1239 1293 1304 eamque
1313 1220 1356 1286 ob
1370 1221 1482 1286 remita
1554 1197 1555 1202 ἵ

195 1317 387 1401 respondere
412 1319 530 1400 debuit,
559 1331 596 1384 ut
620 1321 806 1404 insinuaret,
825 1323 939 1408 quoad
966 1323 1034 1390 fieri
1049 1334 1165 1409 posset,
1190 1326 1351 1414 optimum
1370 1323 1483 1392 Decani
1555 1390 1556 1416 ,

195 1415 394 1510 propositum
409 1448 479 1492 esse
494 1428 701 1500 servandum.
745 1431 883 1502 Quoties
898 1432 979 1496 haec
993 1434 1209 1518 interpretatio
1223 1435 1401 1518 recipiatur,
1414 1436 1484 1500 irus·
1523 1485 1536 1508 ι

196 1545 246 1599 tra
270 1535 453 1598 excitantur
478 1533 697 1602 dubitationes
712 1535 796 1619 illae,
823 1558 906 1620 quas
929 1539 1093 1606 intuemur
1118 1540 1275 1604 excitatas
1301 1541 1484 1626 aFagoano

197 1643 241 1708 ad
256 1643 379 1708 dictum
394 1642 573 1731 capitulum
588 1643 648 1724 20,
675 1645 806 1726 nuruis,
822 1643 863 1710 de
888 1665 953 1728 quo
967 1647 1187 1730 quaerebatur,
1212 1663 1284 1710 rere
1302 1645 1412 1711 votum
1425 1646 1485 1712 reli·
1556 1660 1557 1726 l

196 1752 302 1836 gionis
316 1752 487 1834 elicuisset,
503 1772 546 1816 an
561 1751 700 1836 simplex
715 1755 922 1838 propositum
939 1775 1021 1820 nurn
1035 1777 1077 1820 ex
1089 1755 1291 1840 susceptione
1305 1756 1434 1822 habitus
1446 1766 1485 1820 ta·

197 1861 263 1925 cita
278 1861 431 1944 professio
457 1859 618 1926 videretur
633 1861 776 1946 inducta3
804 1878 885 1927 num
900 1863 1057 1930 diceretur
1081 1864 1189 1948 potius
1213 1873 1369 1948 apostata,
1390 1863 1485 1928 auin·

196 1983 360 2048 constans,
376 1973 431 2054 qui
448 1973 645 2056 propositum
660 1973 860 2053 deseruisset,
877 1985 909 2038 et
923 1973 989 2038 alia
1002 1973 1099 2060 hujus
1114 1977 1249 2058 generis,
1271 1995 1358 2058 quas
1371 1978 1485 2042 sanein
1557 1979 1558 2034 l

198 2079 407 2163 gravissimas
423 2080 628 2146 difficultates
652 2080 821 2160 inducunt,
837 2082 961 2146 utinam
976 2101 1041 2147 non
1056 2083 1203 2167 pluribus
1228 2086 1431 2150 consectariis
1443 2102 1486 2150 oc·

199 2188 363 2252 cesionern
379 2187 542 2252 dedissent
559 2209 731 2274 germanae
746 2209 909 2254 canonum
924 2183 1305 2274 disciplinaecontrariis.
1558 2261 1559 2272 2

241 2295 455 2360 Revertamur
469 2298 502 2361 in
518 2297 615 2362 viam:
644 2295 724 2361 Dixi
739 2297 771 2362 in
787 2307 863 2362 voto
887 2299 992 2362 inesse
1006 2295 1269 2380 pollicitationem
1294 2298 1365 2362 Deo
1379 2297 1485 2365 factam

199 2403 337 2490 alicujus
352 2405 405 2487 rei,
421 2407 513 2491 cujus
538 2406 670 2490 quidem
685 2403 848 2470 laudabile
862 2403 1033 2469 consilium
1046 2415 1104 2485 est,
1119 2405 1249 2472 nullum
1269 2417 1380 2474 autem
1393 2417 1439 2472 est
1450 2403 1486 2468 le

200 2511 250 2596 gis
265 2523 481 2597 praeceptum.
525 2515 692 2580 Postrema
716 2513 797 2578 haec
813 2511 1010 2607 definitionis
1033 2511 1130 2578 verba
1144 2509 1298 2596 indicant,
1321 2513 1388 2594 poti
1401 2523 1488 2582 mtte-

199 2621 280 2688 riern
294 2641 360 2686 non
376 2622 474 2688 aliam
489 2641 569 2702 esse,
594 2641 694 2704 quam
709 2641 756 2702 ea,
782 2641 867 2704 quae
882 2621 953 2704 lege
978 2631 1148 2706 praecepta
1163 2639 1229 2684 non
1243 2632 1329 2686 sunt.
1373 2617 1487 2692 Quen

201 2749 235 2796 re
249 2749 309 2816 ego
326 2741 437 2794 retum
464 2729 586 2814 proprie
601 2748 705 2812 sumo,
729 2749 795 2794 non
810 2727 987 2813 improprie,
1013 2737 1108 2814 prout
1122 2725 1285 2810 significat
1309 2741 1488 2808 quamcum-

201 2859 266 2924 que
283 2839 353 2904 Deo
367 2839 488 2904 iactam
504 2839 756 2922 promissionem,
772 2847 809 2901 ut
823 2837 1064 2922 distinguantur
1077 2835 1258 2919 singulares
1280 2831 1490 2916 obligationes,

201 2971 287 3036 quae
302 2970 343 3014 ex
358 2951 392 3014 vi
407 2959 555 3014 votorum
571 2948 767 3032 privatorum
783 2945 932 3030 pendent,
947 2945 990 3009 ab
1000 2943 1250 3028 obligationibus
1263 2942 1489 3016 communibus,

201 3077 286 3142 quae
301 3049 642 3121 votis‘coufirmantur
657 3054 772 3138 potius,
798 3071 900 3138 quam
921 3051 1166 3140 constituantur.
1199 3048 1232 3115 S.
1249 3045 1399 3117 Thomas
1420 3043 1490 3111 inl.

202 3159 276 3226 dist.
292 3161 342 3225 38.
358 3171 481 3244 quaest.
510 3163 547 3244 l.,
562 3171 594 3224 et
609 3161 641 3226 in
668 3160 806 3225 Summa
820 3159 965 3224 secunda
989 3157 1152 3222 secundae
1177 3167 1301 3242 quaest.
1324 3157 1375 3222 88.
1397 3153 1490 3221 arti„

202 3251 384 3354 quaerebat,
400 3290 443 3334 an
458 3271 505 3348 iis,
521 3289 606 3352 quae
622 3268 803 3332 necessaria
817 3277 901 3346 sunt,
918 3275 1029 3330 votum
1043 3265 1209 3348 consistat
1225 3275 1258 3328 et
1272 3263 1439 3348 distinguit
1451 3261 1492 3326 in·

203 3386 251 3440 ter
264 3395 312 3458 ca,
327 3393 411 3458 quae
428 3375 595 3456 absolutae
611 3375 810 3440 necessitatis
826 3385 910 3452 sunt,
921 3393 1012 3456 quae
1028 3373 1181 3438 nimirum
1195 3373 1294 3436 etiam
1306 3373 1414 3438 invitis
1427 3389 1492 3436 eve·

203 3483 307 3562 niunt,
324 3493 356 3544 et
370 3501 417 3562 ea,
444 3501 528 3564 quac
544 3481 725 3545 necessario
748 3489 825 3544 suut
840 3479 1014 3564 implenda
1030 3497 1132 3558 causa
1152 3477 1384 3562 adipiscendae
1402 3487 1492 3542 aeter·

203 3607 266 3656 nae
282 3591 404 3670 salutis,
432 3589 604 3674 dequibus
629 3599 739 3654 tamen
754 3587 936 3671 implendis,
963 3585 1015 3652 rel
1031 3606 1096 3650 non
1119 3583 1293 3670 implendis
1318 3587 1442 3651 libertas
1462 3585 1493 3648 iu

204 3699 336 3765 homine
351 3709 408 3762 est.
450 3699 488 3763 In
505 3697 661 3780 prioribus
676 3698 730 3778 ait,
756 3705 869 3760 votum
884 3696 982 3758 inane
1007 3713 1087 3776 esse,
1112 3693 1213 3756 veluti
1228 3693 1256 3756 si
1281 3693 1356 3776 quis
1373 3695 1495 3754 voraret

205 3824 240 3869 se
256 3805 453 3868 moriturum.
497 3803 535 3867 In
552 3803 776 3886 posterioribus
802 3803 855 3882 ait,
872 3813 984 3866 votum
1008 3799 1178 3882 improprie
1192 3799 1376 3880 consistere,
1401 3793 1496 3862 veluti

205 3913 233 3977 si
248 3911 321 3996 quis
336 3922 474 3992 voveret,
500 3923 701 3975 servaturum
717 3911 830 3975 divina
855 3922 1033 3994 praceepta;
1061 3929 1100 3974 ac
1114 3907 1287 3988 concludit,
1311 3919 1420 3972 votum
1435 3903 1495 3969 noir

205 4023 269 4089 nisi
284 4024 317 4086 in
333 4023 436 4100 rebus,
462 4040 545 4104 quae
570 4019 697 4084 consilii
712 4031 799 4099 sunt,
826 4020 948 4104 proprie
963 4019 1107 4082 existere.
1151 4015 1278 4081 Revera
1304 4033 1380 4079 curn
1396 4005 1496 4075 omnis

207 4131 358 4216 obligatio
372 4141 430 4195 aut
444 4151 486 4195 ex
511 4127 591 4214 legis
606 4139 761 4212 potestate
775 4129 968 4212 imponatur,
991 4135 1027 4190 ut
1041 4125 1083 4188 ab
1097 4123 1229 4188 homine
1252 4121 1378 4204 propria
1393 4117 1497 4181 volun·

206 4252 272 4307 tate
288 4239 487 4317 adsumatur,
502 4255 578 4301 curn
595 4247 729 4319 utraque
742 4244 919 4314 concurrat,
935 4245 967 4296 et
981 4231 1132 4296 voluntas
1147 4227 1297 4306 hominls,
1313 4237 1345 4288 et
1359 4219 1434 4305 legis
1449 4231 1497 4298 po

207 4355 315 4426 testas,
330 4345 453 4428 proprie
469 4343 634 4408 immutari
659 4359 725 4408 non
740 4341 867 4406 videtur
882 4352 999 4405 natura
1013 4336 1228 4420 obligationis,
1252 4343 1286 4397 et
1298 4327 1496 4417 quemadmo-

153 4530 156 4539 .
208 4453 289 4518 dum
304 4451 331 4516 si
346 4456 420 4537 quis
434 4463 574 4534 voverat,
591 4449 678 4536 quod
694 4449 764 4536 lege
780 4461 986 4534 praeceptum
1002 4435 1066 4514 non
1084 4459 1140 4529 est,
1166 4461 1232 4510 non
1248 4443 1433 4535 immutatur
1445 4447 1497 4495 ab·
