<?xml version="1.0" encoding="UTF-8"?>
<!DOCTYPE html PUBLIC "-//W3C//DTD XHTML 1.0 Transitional//EN"
    "http://www.w3.org/TR/xhtml1/DTD/xhtml1-transitional.dtd">
<html xmlns="http://www.w3.org/1999/xhtml" xml:lang="en" lang="en">
 <head>
  <title>
</title>
<meta http-equiv="Content-Type" content="text/html;charset=utf-8" />
  <meta name='ocr-system' content='tesseract 3.04.00' />
  <meta name='ocr-capabilities' content='ocr_page ocr_carea ocr_par ocr_line ocrx_word'/>
</head>
<body>
  <div class='ocr_page' id='page_1' title='image "./carolisebastian00beragoog_0696.png"; bbox 0 0 3250 4976; ppageno 0'>
   <div class='ocr_carea' id='block_1_1' title="bbox 30 617 1503 4545">
    <p class='ocr_par' dir='ltr' id='par_1_1' title="bbox 30 617 1503 4545">
     <span class='ocr_line' id='line_1_1' title="bbox 109 617 1417 716; baseline 0.002 -32"><span class='ocrx_word' id='word_1_1' title='bbox 109 617 253 699; x_wconf 79' lang='lat' dir='ltr'><strong>dalrrroe,</strong></span> <span class='ocrx_word' id='word_1_2' title='bbox 268 620 367 685; x_wconf 84' lang='lat' dir='ltr'><strong>ctiam</strong></span> <span class='ocrx_word' id='word_1_3' title='bbox 392 617 419 684; x_wconf 87' lang='lat' dir='ltr'><strong>si</strong></span> <span class='ocrx_word' id='word_1_4' title='bbox 434 634 510 684; x_wconf 87' lang='lat' dir='ltr'><strong>cnm</strong></span> <span class='ocrx_word' id='word_1_5' title='bbox 526 617 642 684; x_wconf 76' lang='lat' dir='ltr'><strong>effectu</strong></span> <span class='ocrx_word' id='word_1_6' title='bbox 657 637 722 684; x_wconf 90' lang='lat' dir='ltr'><strong>uon</strong></span> <span class='ocrx_word' id='word_1_7' title='bbox 738 617 893 684; x_wconf 74' lang='lat' dir='ltr'>dederint.</span> <span class='ocrx_word' id='word_1_8' title='bbox 937 621 980 685; x_wconf 77' lang='lat' dir='ltr'><strong>At</strong></span> <span class='ocrx_word' id='word_1_9' title='bbox 994 621 1105 705; x_wconf 90' lang='lat' dir='ltr'><strong>reponi</strong></span> <span class='ocrx_word' id='word_1_10' title='bbox 1131 621 1291 707; x_wconf 77' lang='lat' dir='ltr'><strong>imprimis</strong></span> <span class='ocrx_word' id='word_1_11' title='bbox 1305 631 1417 716; x_wconf 78' lang='lat' dir='ltr'><strong>potest,</strong></span> 
     </span>
     <span class='ocr_line' id='line_1_2' title="bbox 112 721 1419 820; baseline 0.004 -25"><span class='ocrx_word' id='word_1_12' title='bbox 112 731 286 795; x_wconf 79' lang='lat' dir='ltr'><strong>simoniam</strong></span> <span class='ocrx_word' id='word_1_13' title='bbox 313 749 423 795; x_wconf 81' lang='lat' dir='ltr'><strong>reuera</strong></span> <span class='ocrx_word' id='word_1_14' title='bbox 439 731 566 796; x_wconf 78' lang='lat' dir='ltr'><strong>admitti</strong></span> <span class='ocrx_word' id='word_1_15' title='bbox 582 731 725 810; x_wconf 81' lang='lat' dir='ltr'><strong>catenus,</strong></span> <span class='ocrx_word' id='word_1_16' title='bbox 754 721 915 814; x_wconf 84' lang='lat' dir='ltr'><strong>quatenns</strong></span> <span class='ocrx_word' id='word_1_17' title='bbox 929 743 1022 796; x_wconf 85' lang='lat' dir='ltr'><strong>actus</strong></span> <span class='ocrx_word' id='word_1_18' title='bbox 1037 751 1094 820; x_wconf 87' lang='lat' dir='ltr'><strong>per</strong></span> <span class='ocrx_word' id='word_1_19' title='bbox 1112 733 1285 799; x_wconf 85' lang='lat' dir='ltr'><strong>simoniam</strong></span> <span class='ocrx_word' id='word_1_20' title='bbox 1301 734 1419 800; x_wconf 86' lang='lat' dir='ltr'><strong>admis-</strong></span> 
     </span>
     <span class='ocr_line' id='line_1_3' title="bbox 111 841 1419 925; baseline 0.001 -15"><span class='ocrx_word' id='word_1_21' title='bbox 111 863 169 910; x_wconf 79' lang='lat' dir='ltr'><strong>sus</strong></span> <span class='ocrx_word' id='word_1_22' title='bbox 185 843 218 908; x_wconf 91' lang='lat' dir='ltr'><strong>in</strong></span> <span class='ocrx_word' id='word_1_23' title='bbox 234 845 358 907; x_wconf 80' lang='lat' dir='ltr'><strong>rrr&#39;itum</strong></span> <span class='ocrx_word' id='word_1_24' title='bbox 375 843 479 925; x_wconf 86' lang='lat' dir='ltr'><strong>cadat,</strong></span> <span class='ocrx_word' id='word_1_25' title='bbox 504 864 569 910; x_wconf 92' lang='lat' dir='ltr'><strong>non</strong></span> <span class='ocrx_word' id='word_1_26' title='bbox 586 853 693 908; x_wconf 86' lang='lat' dir='ltr'><strong>tamen</strong></span> <span class='ocrx_word' id='word_1_27' title='bbox 712 843 764 921; x_wconf 87' lang='lat' dir='ltr'><strong>ita,</strong></span> <span class='ocrx_word' id='word_1_28' title='bbox 793 853 827 909; x_wconf 93' lang='lat' dir='ltr'><strong>ut</strong></span> <span class='ocrx_word' id='word_1_29' title='bbox 841 843 939 907; x_wconf 89' lang='lat' dir='ltr'><strong>etiam</strong></span> <span class='ocrx_word' id='word_1_30' title='bbox 964 863 1120 908; x_wconf 88' lang='lat' dir='ltr'><strong>censurae</strong></span> <span class='ocrx_word' id='word_1_31' title='bbox 1146 845 1304 911; x_wconf 81' lang='lat' dir='ltr'><strong>adversus</strong></span> <span class='ocrx_word' id='word_1_32' title='bbox 1325 841 1419 914; x_wconf 84' lang='lat' dir='ltr'><strong>simo·</strong></span> 
     </span>
     <span class='ocr_line' id='line_1_4' title="bbox 112 951 1418 1037; baseline 0 -19"><span class='ocrx_word' id='word_1_33' title='bbox 112 953 225 1018; x_wconf 89' lang='lat' dir='ltr'><strong>niacos</strong></span> <span class='ocrx_word' id='word_1_34' title='bbox 239 951 380 1018; x_wconf 80' lang='lat' dir='ltr'><strong>indictae</strong></span> <span class='ocrx_word' id='word_1_35' title='bbox 406 953 513 1017; x_wconf 87' lang='lat' dir='ltr'><strong>locum</strong></span> <span class='ocrx_word' id='word_1_36' title='bbox 530 955 711 1036; x_wconf 66' lang='lat' dir='ltr'><strong>inveniann</strong></span> <span class='ocrx_word' id='word_1_37' title='bbox 738 965 769 1018; x_wconf 91' lang='lat' dir='ltr'><strong>et</strong></span> <span class='ocrx_word' id='word_1_38' title='bbox 785 971 894 1016; x_wconf 81' lang='lat' dir='ltr'><strong>revera</strong></span> <span class='ocrx_word' id='word_1_39' title='bbox 919 954 952 1016; x_wconf 91' lang='lat' dir='ltr'><strong>in</strong></span> <span class='ocrx_word' id='word_1_40' title='bbox 968 963 1136 1037; x_wconf 82' lang='lat' dir='ltr'><strong>extmvag.</strong></span> <span class='ocrx_word' id='word_1_41' title='bbox 1161 953 1191 1017; x_wconf 83' lang='lat'><strong>2.</strong></span> <span class='ocrx_word' id='word_1_42' title='bbox 1208 953 1248 1018; x_wconf 91' lang='lat' dir='ltr'><strong>de</strong></span> <span class='ocrx_word' id='word_1_43' title='bbox 1271 953 1418 1034; x_wconf 87' lang='lat' dir='ltr'><strong>simonia,</strong></span> 
     </span>
     <span class='ocr_line' id='line_1_5' title="bbox 111 1049 1420 1146; baseline 0.002 -19"><span class='ocrx_word' id='word_1_44' title='bbox 111 1061 168 1127; x_wconf 89' lang='lat' dir='ltr'><strong>ubi</strong></span> <span class='ocrx_word' id='word_1_45' title='bbox 184 1081 395 1126; x_wconf 81' lang='lat' dir='ltr'><strong>censurarum</strong></span> <span class='ocrx_word' id='word_1_46' title='bbox 422 1062 459 1126; x_wconf 89' lang='lat' dir='ltr'><strong>lit</strong></span> <span class='ocrx_word' id='word_1_47' title='bbox 474 1063 601 1142; x_wconf 87' lang='lat' dir='ltr'><strong>mentio,</strong></span> <span class='ocrx_word' id='word_1_48' title='bbox 629 1049 745 1126; x_wconf 88' lang='lat' dir='ltr'><strong>dantes</strong></span> <span class='ocrx_word' id='word_1_49' title='bbox 757 1073 886 1126; x_wconf 87' lang='lat' dir='ltr'><strong>tantum</strong></span> <span class='ocrx_word' id='word_1_50' title='bbox 903 1073 934 1124; x_wconf 93' lang='lat' dir='ltr'><strong>et</strong></span> <span class='ocrx_word' id='word_1_51' title='bbox 950 1061 1145 1146; x_wconf 72' lang='lat' dir='ltr'><strong>accipientes</strong></span> <span class='ocrx_word' id='word_1_52' title='bbox 1167 1081 1420 1140; x_wconf 87' lang='lat' dir='ltr'><strong>commemoran-</strong></span> 
     </span>
     <span class='ocr_line' id='line_1_6' title="bbox 111 1169 1420 1258; baseline 0 -20"><span class='ocrx_word' id='word_1_53' title='bbox 111 1183 173 1238; x_wconf 84' lang='lat' dir='ltr'><strong>tut.</strong></span> <span class='ocrx_word' id='word_1_54' title='bbox 217 1171 361 1244; x_wconf 81' lang='lat' dir='ltr'><strong>Quodsi</strong></span> <span class='ocrx_word' id='word_1_55' title='bbox 378 1171 488 1235; x_wconf 87' lang='lat' dir='ltr'><strong>adbuc</strong></span> <span class='ocrx_word' id='word_1_56' title='bbox 503 1173 537 1236; x_wconf 94' lang='lat' dir='ltr'><strong>in</strong></span> <span class='ocrx_word' id='word_1_57' title='bbox 552 1191 625 1236; x_wconf 87' lang='lat' dir='ltr'><strong>eam</strong></span> <span class='ocrx_word' id='word_1_58' title='bbox 642 1169 827 1255; x_wconf 85' lang='lat' dir='ltr'><strong>opinionem</strong></span> <span class='ocrx_word' id='word_1_59' title='bbox 844 1173 889 1236; x_wconf 76' lang='lat' dir='ltr'><strong>ite</strong></span> <span class='ocrx_word' id='word_1_60' title='bbox 904 1173 1013 1250; x_wconf 83' lang='lat' dir='ltr'><strong>velles,</strong></span> <span class='ocrx_word' id='word_1_61' title='bbox 1030 1184 1066 1236; x_wconf 91' lang='lat' dir='ltr'><strong>nt</strong></span> <span class='ocrx_word' id='word_1_62' title='bbox 1079 1173 1233 1251; x_wconf 86' lang='lat' dir='ltr'><strong>crederes,</strong></span> <span class='ocrx_word' id='word_1_63' title='bbox 1250 1175 1320 1258; x_wconf 87' lang='lat' dir='ltr'><strong>ipso</strong></span> <span class='ocrx_word' id='word_1_64' title='bbox 1335 1175 1420 1240; x_wconf 74' lang='lat' dir='ltr'><strong>lacto</strong></span> 
     </span>
     <span class='ocr_line' id='line_1_7' title="bbox 110 1278 1420 1366; baseline 0.003 -24"><span class='ocrx_word' id='word_1_65' title='bbox 110 1278 211 1342; x_wconf 81' lang='lat' dir='ltr'><strong>etiarn</strong></span> <span class='ocrx_word' id='word_1_66' title='bbox 225 1297 397 1342; x_wconf 84' lang='lat' dir='ltr'><strong>censuram</strong></span> <span class='ocrx_word' id='word_1_67' title='bbox 424 1280 590 1343; x_wconf 76' lang='lat' dir='ltr'><strong>imminere</strong></span> <span class='ocrx_word' id='word_1_68' title='bbox 606 1279 678 1358; x_wconf 86' lang='lat' dir='ltr'><strong>ntis,</strong></span> <span class='ocrx_word' id='word_1_69' title='bbox 703 1279 760 1361; x_wconf 88' lang='lat' dir='ltr'><strong>qni</strong></span> <span class='ocrx_word' id='word_1_70' title='bbox 778 1289 904 1342; x_wconf 88' lang='lat' dir='ltr'><strong>tantum</strong></span> <span class='ocrx_word' id='word_1_71' title='bbox 922 1279 1092 1362; x_wconf 88' lang='lat' dir='ltr'><strong>pecuniam</strong></span> <span class='ocrx_word' id='word_1_72' title='bbox 1115 1281 1341 1366; x_wconf 86' lang='lat' dir='ltr'><strong>promiserunt,</strong></span> <span class='ocrx_word' id='word_1_73' title='bbox 1356 1284 1420 1348; x_wconf 86' lang='lat' dir='ltr'><strong>dici</strong></span> 
     </span>
     <span class='ocr_line' id='line_1_8' title="bbox 111 1383 1422 1482; baseline 0.007 -32"><span class='ocrx_word' id='word_1_74' title='bbox 111 1399 226 1474; x_wconf 79' lang='lat' dir='ltr'><strong>potest,</strong></span> <span class='ocrx_word' id='word_1_75' title='bbox 241 1407 359 1451; x_wconf 88' lang='lat' dir='ltr'><strong>nornen</strong></span> <span class='ocrx_word' id='word_1_76' title='bbox 387 1388 543 1450; x_wconf 83' lang='lat' dir='ltr'><strong>simoniae</strong></span> <span class='ocrx_word' id='word_1_77' title='bbox 560 1383 683 1469; x_wconf 85' lang='lat' dir='ltr'><strong>proprie</strong></span> <span class='ocrx_word' id='word_1_78' title='bbox 709 1388 806 1449; x_wconf 89' lang='lat' dir='ltr'><strong>etiarn</strong></span> <span class='ocrx_word' id='word_1_79' title='bbox 823 1389 1059 1454; x_wconf 82' lang='lat' dir='ltr'><strong>accommodari</strong></span> <span class='ocrx_word' id='word_1_80' title='bbox 1078 1391 1185 1454; x_wconf 83' lang='lat' dir='ltr'><strong>valere</strong></span> <span class='ocrx_word' id='word_1_81' title='bbox 1200 1391 1274 1471; x_wconf 86' lang='lat' dir='ltr'><strong>illis,</strong></span> <span class='ocrx_word' id='word_1_82' title='bbox 1298 1393 1355 1482; x_wconf 87' lang='lat' dir='ltr'><strong>qni</strong></span> <span class='ocrx_word' id='word_1_83' title='bbox 1370 1395 1422 1458; x_wconf 87' lang='lat' dir='ltr'><strong>be·</strong></span> 
     </span>
     <span class='ocr_line' id='line_1_9' title="bbox 112 1491 1421 1584; baseline 0.011 -28"><span class='ocrx_word' id='word_1_84' title='bbox 112 1491 239 1572; x_wconf 84' lang='lat' dir='ltr'><strong>neficia,</strong></span> <span class='ocrx_word' id='word_1_85' title='bbox 265 1493 388 1556; x_wconf 78' lang='lat' dir='ltr'><strong>autres</strong></span> <span class='ocrx_word' id='word_1_86' title='bbox 413 1513 522 1558; x_wconf 88' lang='lat' dir='ltr'><strong>sacras</strong></span> <span class='ocrx_word' id='word_1_87' title='bbox 538 1495 695 1578; x_wconf 86' lang='lat' dir='ltr'><strong>promissa</strong></span> <span class='ocrx_word' id='word_1_88' title='bbox 719 1497 857 1578; x_wconf 88' lang='lat' dir='ltr'><strong>pecunia</strong></span> <span class='ocrx_word' id='word_1_89' title='bbox 883 1497 1092 1576; x_wconf 84' lang='lat' dir='ltr'><strong>corrtnlerint,&#39;</strong></span> <span class='ocrx_word' id='word_1_90' title='bbox 1111 1503 1206 1584; x_wconf 84' lang='lat' dir='ltr'><strong>qnasi</strong></span> <span class='ocrx_word' id='word_1_91' title='bbox 1224 1503 1322 1568; x_wconf 87' lang='lat' dir='ltr'><strong>etiarn</strong></span> <span class='ocrx_word' id='word_1_92' title='bbox 1347 1515 1421 1576; x_wconf 80' lang='lat' dir='ltr'><strong>ante</strong></span> 
     </span>
     <span class='ocr_line' id='line_1_10' title="bbox 30 1603 1421 1697; baseline 0.012 -35"><span class='ocrx_word' id='word_1_93' title='bbox 30 1606 42 1617; x_wconf 81' lang='grc'><strong>“</strong></span> <span class='ocrx_word' id='word_1_94' title='bbox 111 1605 272 1690; x_wconf 86' lang='lat' dir='ltr'><strong>pecuniae</strong></span> <span class='ocrx_word' id='word_1_95' title='bbox 297 1603 470 1682; x_wconf 87' lang='lat' dir='ltr'><strong>dationem,</strong></span> <span class='ocrx_word' id='word_1_96' title='bbox 498 1615 530 1666; x_wconf 85' lang='lat' dir='ltr'><strong>et</strong></span> <span class='ocrx_word' id='word_1_97' title='bbox 557 1605 768 1688; x_wconf 80' lang='lat' dir='ltr'><strong>receptionem</strong></span> <span class='ocrx_word' id='word_1_98' title='bbox 796 1605 932 1670; x_wconf 86' lang='lat' dir='ltr'><strong>simonia</strong></span> <span class='ocrx_word' id='word_1_99' title='bbox 962 1607 1004 1670; x_wconf 86' lang='lat' dir='ltr'><strong>sit</strong></span> <span class='ocrx_word' id='word_1_100' title='bbox 1032 1625 1269 1690; x_wconf 88' lang='lat' dir='ltr'><strong>consummata,</strong></span> <span class='ocrx_word' id='word_1_101' title='bbox 1299 1626 1421 1697; x_wconf 87' lang='lat' dir='ltr'><strong>propte-</strong></span> 
     </span>
     <span class='ocr_line' id='line_1_11' title="bbox 107 1713 1420 1803; baseline 0.012 -31"><span class='ocrx_word' id='word_1_102' title='bbox 107 1732 169 1778; x_wconf 80' lang='lat' dir='ltr'><strong>rea</strong></span> <span class='ocrx_word' id='word_1_103' title='bbox 192 1713 278 1797; x_wconf 86' lang='lat' dir='ltr'><strong>qnod</strong></span> <span class='ocrx_word' id='word_1_104' title='bbox 295 1725 327 1778; x_wconf 92' lang='lat' dir='ltr'><strong>et</strong></span> <span class='ocrx_word' id='word_1_105' title='bbox 349 1713 681 1796; x_wconf 75' lang='lat' dir='ltr'><strong>reserabenelicinm,</strong></span> <span class='ocrx_word' id='word_1_106' title='bbox 708 1725 830 1778; x_wconf 87' lang='lat' dir='ltr'><strong>autres</strong></span> <span class='ocrx_word' id='word_1_107' title='bbox 856 1733 948 1778; x_wconf 87' lang='lat' dir='ltr'><strong>sacra</strong></span> <span class='ocrx_word' id='word_1_108' title='bbox 966 1715 1085 1784; x_wconf 87' lang='lat' dir='ltr'><strong>iutuitu</strong></span> <span class='ocrx_word' id='word_1_109' title='bbox 1111 1722 1268 1803; x_wconf 87' lang='lat' dir='ltr'><strong>pecuniae</strong></span> <span class='ocrx_word' id='word_1_110' title='bbox 1293 1741 1420 1792; x_wconf 86' lang='lat' dir='ltr'><strong>conces·</strong></span> 
     </span>
     <span class='ocr_line' id='line_1_12' title="bbox 112 1819 729 1887; baseline 0 0"><span class='ocrx_word' id='word_1_111' title='bbox 112 1819 296 1887; x_wconf 70' lang='lat' dir='ltr'><strong>nitrerint.</strong></span> <span class='ocrx_word' id='word_1_112' title='bbox 728 1823 729 1826; x_wconf 66' lang='grc'>’</span> 
     </span>
     <span class='ocr_line' id='line_1_13' title="bbox 156 1915 1421 2016; baseline 0.016 -26"><span class='ocrx_word' id='word_1_113' title='bbox 156 1923 321 1991; x_wconf 86' lang='lat' dir='ltr'><strong>Pertinent</strong></span> <span class='ocrx_word' id='word_1_114' title='bbox 333 1927 418 1992; x_wconf 88' lang='lat' dir='ltr'><strong>haee</strong></span> <span class='ocrx_word' id='word_1_115' title='bbox 444 1929 486 1992; x_wconf 89' lang='lat' dir='ltr'><strong>ad</strong></span> <span class='ocrx_word' id='word_1_116' title='bbox 501 1929 637 1996; x_wconf 88' lang='lat' dir='ltr'><strong>crimina</strong></span> <span class='ocrx_word' id='word_1_117' title='bbox 653 1931 722 2016; x_wconf 86' lang='lat' dir='ltr'><strong>ipsa</strong></span> <span class='ocrx_word' id='word_1_118' title='bbox 738 1953 794 2016; x_wconf 92' lang='lat' dir='ltr'><strong>per</strong></span> <span class='ocrx_word' id='word_1_119' title='bbox 808 1953 843 1997; x_wconf 90' lang='lat' dir='ltr'><strong>se</strong></span> <span class='ocrx_word' id='word_1_120' title='bbox 856 1915 1067 2002; x_wconf 83' lang='lat' dir='ltr'><strong>considerata.</strong></span> <span class='ocrx_word' id='word_1_121' title='bbox 1111 1939 1153 2004; x_wconf 84' lang='lat' dir='ltr'><strong>tn</strong></span> <span class='ocrx_word' id='word_1_122' title='bbox 1169 1943 1195 2004; x_wconf 86' lang='lat' dir='ltr'><strong>si</strong></span> <span class='ocrx_word' id='word_1_123' title='bbox 1218 1942 1421 2011; x_wconf 89' lang='lat' dir='ltr'><strong>consideren-</strong></span> 
     </span>
     <span class='ocr_line' id='line_1_14' title="bbox 112 2035 1420 2138; baseline 0.017 -40"><span class='ocrx_word' id='word_1_124' title='bbox 112 2044 166 2098; x_wconf 84' lang='lat' dir='ltr'><strong>tttr</strong></span> <span class='ocrx_word' id='word_1_125' title='bbox 181 2035 301 2098; x_wconf 85' lang='lat' dir='ltr'><strong>ratione</strong></span> <span class='ocrx_word' id='word_1_126' title='bbox 327 2035 585 2136; x_wconf 79' lang='lat' dir='ltr'><strong>delinquentium</strong></span> <span class='ocrx_word' id='word_1_127' title='bbox 609 2059 827 2122; x_wconf 86' lang='lat' dir='ltr'><strong>personarum,</strong></span> <span class='ocrx_word' id='word_1_128' title='bbox 855 2043 949 2124; x_wconf 86' lang='lat' dir='ltr'><strong>plura</strong></span> <span class='ocrx_word' id='word_1_129' title='bbox 964 2058 1041 2110; x_wconf 86' lang='lat' dir='ltr'><strong>sunt</strong></span> <span class='ocrx_word' id='word_1_130' title='bbox 1065 2047 1288 2116; x_wconf 87' lang='lat' dir='ltr'><strong>observatione</strong></span> <span class='ocrx_word' id='word_1_131' title='bbox 1310 2053 1420 2138; x_wconf 81' lang='lat' dir='ltr'><strong>digna.</strong></span> 
     </span>
     <span class='ocr_line' id='line_1_15' title="bbox 111 2140 1503 2250; baseline 0.019 -46"><span class='ocrx_word' id='word_1_132' title='bbox 111 2140 160 2210; x_wconf 73' lang='lat' dir='ltr'><strong>Et</strong></span> <span class='ocrx_word' id='word_1_133' title='bbox 172 2145 276 2226; x_wconf 89' lang='lat' dir='ltr'><strong>primo</strong></span> <span class='ocrx_word' id='word_1_134' title='bbox 301 2145 433 2228; x_wconf 85' lang='lat' dir='ltr'><strong>quidem</strong></span> <span class='ocrx_word' id='word_1_135' title='bbox 449 2147 608 2230; x_wconf 82' lang='lat' dir='ltr'><strong>generalis</strong></span> <span class='ocrx_word' id='word_1_136' title='bbox 635 2149 747 2233; x_wconf 82' lang='lat' dir='ltr'><strong>regula</strong></span> <span class='ocrx_word' id='word_1_137' title='bbox 761 2164 818 2229; x_wconf 89' lang='lat' dir='ltr'><strong>est,</strong></span> <span class='ocrx_word' id='word_1_138' title='bbox 847 2161 1010 2219; x_wconf 89' lang='lat' dir='ltr'><strong>neminem</strong></span> <span class='ocrx_word' id='word_1_139' title='bbox 1027 2177 1121 2242; x_wconf 88' lang='lat' dir='ltr'><strong>posse</strong></span> <span class='ocrx_word' id='word_1_140' title='bbox 1146 2181 1285 2228; x_wconf 76' lang='lat' dir='ltr'><strong>censura</strong></span> <span class='ocrx_word' id='word_1_141' title='bbox 1306 2167 1418 2250; x_wconf 90' lang='lat' dir='ltr'><strong>notari,</strong></span> <span class='ocrx_word' id='word_1_142' title='bbox 1490 2209 1503 2224; x_wconf 49' lang='lat' dir='ltr'><strong>t</strong></span> 
     </span>
     <span class='ocr_line' id='line_1_16' title="bbox 111 2252 1418 2356; baseline 0.016 -38"><span class='ocrx_word' id='word_1_143' title='bbox 111 2252 175 2318; x_wconf 65' lang='lat' dir='ltr'><strong>nisti</strong></span> <span class='ocrx_word' id='word_1_144' title='bbox 191 2255 233 2316; x_wconf 86' lang='lat' dir='ltr'><strong>sit</strong></span> <span class='ocrx_word' id='word_1_145' title='bbox 256 2256 400 2317; x_wconf 89' lang='lat' dir='ltr'><strong>oriminis</strong></span> <span class='ocrx_word' id='word_1_146' title='bbox 415 2259 573 2336; x_wconf 87' lang='lat' dir='ltr'><strong>conscius,</strong></span> <span class='ocrx_word' id='word_1_147' title='bbox 600 2260 670 2320; x_wconf 82' lang='lat' dir='ltr'><strong>aine</strong></span> <span class='ocrx_word' id='word_1_148' title='bbox 684 2261 810 2324; x_wconf 87' lang='lat' dir='ltr'><strong>crimini</strong></span> <span class='ocrx_word' id='word_1_149' title='bbox 826 2282 962 2327; x_wconf 85' lang='lat' dir='ltr'><strong>catrsam</strong></span> <span class='ocrx_word' id='word_1_150' title='bbox 989 2265 1119 2348; x_wconf 82' lang='lat' dir='ltr'><strong>dederit,</strong></span> <span class='ocrx_word' id='word_1_151' title='bbox 1145 2289 1182 2334; x_wconf 87' lang='lat' dir='ltr'><strong>ac</strong></span> <span class='ocrx_word' id='word_1_152' title='bbox 1209 2277 1418 2356; x_wconf 83' lang='lat' dir='ltr'><strong>corrsenserit;</strong></span> 
     </span>
     <span class='ocr_line' id='line_1_17' title="bbox 111 2361 1419 2465; baseline 0.017 -38"><span class='ocrx_word' id='word_1_153' title='bbox 111 2361 192 2428; x_wconf 86' lang='lat' dir='ltr'><strong>hinc</strong></span> <span class='ocrx_word' id='word_1_154' title='bbox 207 2365 263 2447; x_wconf 91' lang='lat' dir='ltr'><strong>qni</strong></span> <span class='ocrx_word' id='word_1_155' title='bbox 290 2377 417 2430; x_wconf 88' lang='lat' dir='ltr'><strong>tantum</strong></span> <span class='ocrx_word' id='word_1_156' title='bbox 433 2364 522 2428; x_wconf 86' lang='lat' dir='ltr'><strong>dedit</strong></span> <span class='ocrx_word' id='word_1_157' title='bbox 536 2367 745 2450; x_wconf 88' lang='lat' dir='ltr'><strong>delinquendi</strong></span> <span class='ocrx_word' id='word_1_158' title='bbox 763 2371 973 2450; x_wconf 89' lang='lat' dir='ltr'><strong>occasionem,</strong></span> <span class='ocrx_word' id='word_1_159' title='bbox 1001 2393 1158 2439; x_wconf 80' lang='lat' dir='ltr'><strong>censurae</strong></span> <span class='ocrx_word' id='word_1_160' title='bbox 1174 2392 1285 2446; x_wconf 88' lang='lat' dir='ltr'><strong>notam</strong></span> <span class='ocrx_word' id='word_1_161' title='bbox 1299 2385 1419 2465; x_wconf 85' lang='lat' dir='ltr'><strong>evadit,</strong></span> 
     </span>
     <span class='ocr_line' id='line_1_18' title="bbox 109 2475 1419 2576; baseline 0.017 -40"><span class='ocrx_word' id='word_1_162' title='bbox 109 2486 304 2558; x_wconf 75' lang='lat' dir='ltr'><strong>argumento</strong></span> <span class='ocrx_word' id='word_1_163' title='bbox 318 2475 452 2539; x_wconf 89' lang='lat' dir='ltr'><strong>canonis</strong></span> <span class='ocrx_word' id='word_1_164' title='bbox 468 2477 497 2538; x_wconf 83' lang='lat'><strong>5.</strong></span> <span class='ocrx_word' id='word_1_165' title='bbox 513 2495 602 2540; x_wconf 89' lang='lat' dir='ltr'><strong>cans.</strong></span> <span class='ocrx_word' id='word_1_166' title='bbox 621 2479 646 2540; x_wconf 91' lang='lat' dir='ltr'><strong>l.</strong></span> <span class='ocrx_word' id='word_1_167' title='bbox 662 2491 786 2560; x_wconf 86' lang='lat' dir='ltr'><strong>quaest.</strong></span> <span class='ocrx_word' id='word_1_168' title='bbox 802 2479 831 2542; x_wconf 82' lang='lat'><strong>4.</strong></span> <span class='ocrx_word' id='word_1_169' title='bbox 876 2479 1030 2547; x_wconf 80' lang='lat' dir='ltr'><strong>Secundo</strong></span> <span class='ocrx_word' id='word_1_170' title='bbox 1044 2488 1155 2566; x_wconf 78' lang='lat' dir='ltr'><strong>rpraeri</strong></span> <span class='ocrx_word' id='word_1_171' title='bbox 1171 2488 1260 2570; x_wconf 77' lang='lat' dir='ltr'><strong>suet,</strong></span> <span class='ocrx_word' id='word_1_172' title='bbox 1281 2511 1326 2558; x_wconf 85' lang='lat' dir='ltr'><strong>art</strong></span> <span class='ocrx_word' id='word_1_173' title='bbox 1342 2513 1419 2576; x_wconf 89' lang='lat' dir='ltr'><strong>qno-</strong></span> 
     </span>
     <span class='ocr_line' id='line_1_19' title="bbox 108 2582 1416 2692; baseline 0.019 -47"><span class='ocrx_word' id='word_1_174' title='bbox 108 2583 173 2647; x_wconf 78' lang='lat' dir='ltr'><strong>ries</strong></span> <span class='ocrx_word' id='word_1_175' title='bbox 188 2583 222 2645; x_wconf 90' lang='lat' dir='ltr'><strong>in</strong></span> <span class='ocrx_word' id='word_1_176' title='bbox 247 2595 333 2646; x_wconf 78' lang='lat' dir='ltr'><strong>cena</strong></span> <span class='ocrx_word' id='word_1_177' title='bbox 347 2582 491 2663; x_wconf 83' lang='lat' dir='ltr'><strong>erimine,</strong></span> <span class='ocrx_word' id='word_1_178' title='bbox 519 2586 634 2650; x_wconf 82' lang='lat' dir='ltr'><strong>sivein</strong></span> <span class='ocrx_word' id='word_1_179' title='bbox 651 2600 809 2652; x_wconf 89' lang='lat' dir='ltr'><strong>certorum</strong></span> <span class='ocrx_word' id='word_1_180' title='bbox 834 2589 1007 2656; x_wconf 85' lang='lat' dir='ltr'><strong>criminum</strong></span> <span class='ocrx_word' id='word_1_181' title='bbox 1023 2613 1093 2658; x_wconf 90' lang='lat' dir='ltr'><strong>reos</strong></span> <span class='ocrx_word' id='word_1_182' title='bbox 1119 2597 1275 2684; x_wconf 85' lang='lat' dir='ltr'><strong>infligitur·</strong></span> <span class='ocrx_word' id='word_1_183' title='bbox 1300 2602 1416 2692; x_wconf 89' lang='lat' dir='ltr'><strong>injure</strong></span> 
     </span>
     <span class='ocr_line' id='line_1_20' title="bbox 106 2695 1419 2794; baseline 0.02 -40"><span class='ocrx_word' id='word_1_184' title='bbox 106 2709 259 2770; x_wconf 86' lang='lat' dir='ltr'><strong>censura,</strong></span> <span class='ocrx_word' id='word_1_185' title='bbox 274 2706 446 2756; x_wconf 86' lang='lat' dir='ltr'><strong>censeatur</strong></span> <span class='ocrx_word' id='word_1_186' title='bbox 457 2695 555 2756; x_wconf 88' lang='lat' dir='ltr'><strong>etiarn</strong></span> <span class='ocrx_word' id='word_1_187' title='bbox 568 2695 689 2758; x_wconf 87' lang='lat' dir='ltr'><strong>inflicta</strong></span> <span class='ocrx_word' id='word_1_188' title='bbox 702 2698 734 2760; x_wconf 85' lang='lat' dir='ltr'><strong>in</strong></span> <span class='ocrx_word' id='word_1_189' title='bbox 747 2717 810 2776; x_wconf 87' lang='lat' dir='ltr'><strong>eos,</strong></span> <span class='ocrx_word' id='word_1_190' title='bbox 827 2699 882 2780; x_wconf 88' lang='lat' dir='ltr'><strong>qni</strong></span> <span class='ocrx_word' id='word_1_191' title='bbox 896 2703 1066 2784; x_wconf 85' lang='lat' dir='ltr'><strong>participes</strong></span> <span class='ocrx_word' id='word_1_192' title='bbox 1078 2709 1220 2771; x_wconf 83' lang='lat' dir='ltr'><strong>cuminis</strong></span> <span class='ocrx_word' id='word_1_193' title='bbox 1232 2711 1306 2794; x_wconf 86' lang='lat' dir='ltr'><strong>sint,</strong></span> <span class='ocrx_word' id='word_1_194' title='bbox 1320 2718 1419 2780; x_wconf 88' lang='lat' dir='ltr'><strong>etlam</strong></span> 
     </span>
     <span class='ocr_line' id='line_1_21' title="bbox 105 2795 1447 2898; baseline 0.022 -39"><span class='ocrx_word' id='word_1_195' title='bbox 105 2798 137 2864; x_wconf 71' lang='lat' dir='ltr'><strong>si</strong></span> <span class='ocrx_word' id='word_1_196' title='bbox 153 2795 196 2860; x_wconf 88' lang='lat' dir='ltr'><strong>de</strong></span> <span class='ocrx_word' id='word_1_197' title='bbox 211 2798 279 2862; x_wconf 88' lang='lat' dir='ltr'><strong>istis</strong></span> <span class='ocrx_word' id='word_1_198' title='bbox 304 2819 457 2882; x_wconf 88' lang='lat' dir='ltr'><strong>expressa</strong></span> <span class='ocrx_word' id='word_1_199' title='bbox 473 2803 593 2868; x_wconf 88' lang='lat' dir='ltr'><strong>mentio</strong></span> <span class='ocrx_word' id='word_1_200' title='bbox 619 2821 683 2864; x_wconf 91' lang='lat' dir='ltr'><strong>non</strong></span> <span class='ocrx_word' id='word_1_201' title='bbox 701 2803 765 2866; x_wconf 89' lang='lat' dir='ltr'><strong>fiat.</strong></span> <span class='ocrx_word' id='word_1_202' title='bbox 811 2805 860 2868; x_wconf 89' lang='lat' dir='ltr'><strong>De</strong></span> <span class='ocrx_word' id='word_1_203' title='bbox 876 2825 913 2868; x_wconf 90' lang='lat' dir='ltr'><strong>eo</strong></span> <span class='ocrx_word' id='word_1_204' title='bbox 929 2827 1016 2898; x_wconf 90' lang='lat' dir='ltr'><strong>sanc,</strong></span> <span class='ocrx_word' id='word_1_205' title='bbox 1042 2811 1097 2892; x_wconf 90' lang='lat' dir='ltr'><strong>qni</strong></span> <span class='ocrx_word' id='word_1_206' title='bbox 1114 2815 1235 2880; x_wconf 89' lang='lat' dir='ltr'><strong>crimen</strong></span> <span class='ocrx_word' id='word_1_207' title='bbox 1260 2838 1303 2884; x_wconf 85' lang='lat' dir='ltr'><strong>cx</strong></span> <span class='ocrx_word' id='word_1_208' title='bbox 1318 2819 1417 2887; x_wconf 81' lang='lat' dir='ltr'><strong>alicu·</strong></span> <span class='ocrx_word' id='word_1_209' title='bbox 1446 2827 1447 2830; x_wconf 72' lang='grc'>’</span> 
     </span>
     <span class='ocr_line' id='line_1_22' title="bbox 97 2893 1418 3002; baseline 0.021 -30"><span class='ocrx_word' id='word_1_210' title='bbox 97 2893 163 2996; x_wconf 80' lang='lat' dir='ltr'><strong>jus</strong></span> <span class='ocrx_word' id='word_1_211' title='bbox 178 2909 334 2973; x_wconf 88' lang='lat' dir='ltr'><strong>mandato</strong></span> <span class='ocrx_word' id='word_1_212' title='bbox 348 2913 527 2993; x_wconf 82' lang='lat' dir='ltr'><strong>exequitur,</strong></span> <span class='ocrx_word' id='word_1_213' title='bbox 551 2909 601 2976; x_wconf 84' lang='lat' dir='ltr'><strong>vel</strong></span> <span class='ocrx_word' id='word_1_214' title='bbox 618 2912 658 2976; x_wconf 85' lang='lat' dir='ltr'><strong>de</strong></span> <span class='ocrx_word' id='word_1_215' title='bbox 674 2934 719 2994; x_wconf 85' lang='lat' dir='ltr'><strong>eo,</strong></span> <span class='ocrx_word' id='word_1_216' title='bbox 736 2916 792 2996; x_wconf 89' lang='lat' dir='ltr'><strong>qni</strong></span> <span class='ocrx_word' id='word_1_217' title='bbox 807 2909 1019 3002; x_wconf 83' lang='lat' dir='ltr'><strong>mandaverit,</strong></span> <span class='ocrx_word' id='word_1_218' title='bbox 1045 2935 1079 2986; x_wconf 88' lang='lat' dir='ltr'><strong>nt</strong></span> <span class='ocrx_word' id='word_1_219' title='bbox 1095 2945 1214 2992; x_wconf 89' lang='lat' dir='ltr'><strong>crnnen</strong></span> <span class='ocrx_word' id='word_1_220' title='bbox 1236 2931 1418 3000; x_wconf 86' lang='lat' dir='ltr'><strong>admittere·</strong></span> 
     </span>
     <span class='ocr_line' id='line_1_23' title="bbox 104 3020 1417 3122; baseline 0.019 -38"><span class='ocrx_word' id='word_1_221' title='bbox 104 3031 172 3090; x_wconf 85' lang='lat' dir='ltr'><strong>tur,</strong></span> <span class='ocrx_word' id='word_1_222' title='bbox 189 3021 240 3081; x_wconf 84' lang='lat' dir='ltr'><strong>vel</strong></span> <span class='ocrx_word' id='word_1_223' title='bbox 257 3020 297 3083; x_wconf 92' lang='lat' dir='ltr'><strong>de</strong></span> <span class='ocrx_word' id='word_1_224' title='bbox 312 3040 359 3100; x_wconf 83' lang='lat' dir='ltr'><strong>eo,</strong></span> <span class='ocrx_word' id='word_1_225' title='bbox 375 3022 431 3104; x_wconf 90' lang='lat' dir='ltr'><strong>qni</strong></span> <span class='ocrx_word' id='word_1_226' title='bbox 448 3026 553 3084; x_wconf 88' lang='lat' dir='ltr'><strong>socius</strong></span> <span class='ocrx_word' id='word_1_227' title='bbox 568 3023 712 3085; x_wconf 88' lang='lat' dir='ltr'><strong>criminis</strong></span> <span class='ocrx_word' id='word_1_228' title='bbox 727 3037 783 3104; x_wconf 85' lang='lat' dir='ltr'><strong>est,</strong></span> <span class='ocrx_word' id='word_1_229' title='bbox 802 3027 892 3089; x_wconf 89' lang='lat' dir='ltr'><strong>nulla</strong></span> <span class='ocrx_word' id='word_1_230' title='bbox 907 3049 978 3092; x_wconf 79' lang='lat' dir='ltr'><strong>esse</strong></span> <span class='ocrx_word' id='word_1_231' title='bbox 994 3029 1153 3099; x_wconf 88' lang='lat' dir='ltr'><strong>dubitatio</strong></span> <span class='ocrx_word' id='word_1_232' title='bbox 1168 3051 1280 3122; x_wconf 87' lang='lat' dir='ltr'><strong>potest,</strong></span> <span class='ocrx_word' id='word_1_233' title='bbox 1298 3064 1370 3112; x_wconf 77' lang='lat' dir='ltr'><strong>can</strong></span> <span class='ocrx_word' id='word_1_234' title='bbox 1389 3051 1417 3115; x_wconf 80' lang='lat' dir='ltr'><strong>d.</strong></span> 
     </span>
     <span class='ocr_line' id='line_1_24' title="bbox 102 3127 1417 3234; baseline 0.017 -45"><span class='ocrx_word' id='word_1_235' title='bbox 102 3143 202 3189; x_wconf 85' lang='lat' dir='ltr'><strong>caus.</strong></span> <span class='ocrx_word' id='word_1_236' title='bbox 220 3127 268 3188; x_wconf 88' lang='lat'><strong>15.</strong></span> <span class='ocrx_word' id='word_1_237' title='bbox 283 3140 407 3209; x_wconf 86' lang='lat' dir='ltr'><strong>quaest.</strong></span> <span class='ocrx_word' id='word_1_238' title='bbox 434 3127 463 3191; x_wconf 90' lang='lat'><strong>3.</strong></span> <span class='ocrx_word' id='word_1_239' title='bbox 479 3147 548 3212; x_wconf 90' lang='lat' dir='ltr'><strong>cap.</strong></span> <span class='ocrx_word' id='word_1_240' title='bbox 563 3129 595 3191; x_wconf 88' lang='lat' dir='ltr'><strong>li.</strong></span> <span class='ocrx_word' id='word_1_241' title='bbox 612 3147 692 3192; x_wconf 89' lang='lat' dir='ltr'><strong>vers.</strong></span> <span class='ocrx_word' id='word_1_242' title='bbox 710 3129 863 3212; x_wconf 84' lang='lat' dir='ltr'><strong>Illicere,</strong></span> <span class='ocrx_word' id='word_1_243' title='bbox 890 3147 921 3198; x_wconf 89' lang='lat' dir='ltr'><strong>et</strong></span> <span class='ocrx_word' id='word_1_244' title='bbox 936 3157 1007 3219; x_wconf 88' lang='lat' dir='ltr'><strong>cap.</strong></span> <span class='ocrx_word' id='word_1_245' title='bbox 1023 3139 1074 3204; x_wconf 77' lang='lat'><strong>29.</strong></span> <span class='ocrx_word' id='word_1_246' title='bbox 1092 3161 1174 3208; x_wconf 87' lang='lat' dir='ltr'><strong>vers.</strong></span> <span class='ocrx_word' id='word_1_247' title='bbox 1196 3145 1237 3211; x_wconf 89' lang='lat' dir='ltr'><strong>In</strong></span> <span class='ocrx_word' id='word_1_248' title='bbox 1247 3153 1362 3234; x_wconf 75' lang='lat' dir='ltr'><strong>primo</strong></span> <span class='ocrx_word' id='word_1_249' title='bbox 1376 3155 1417 3224; x_wconf 67' lang='lat' dir='ltr'><strong>de</strong></span> 
     </span>
     <span class='ocr_line' id='line_1_25' title="bbox 104 3237 1418 3351; baseline 0.027 -53"><span class='ocrx_word' id='word_1_250' title='bbox 104 3245 192 3298; x_wconf 81' lang='lat' dir='ltr'><strong>sent.</strong></span> <span class='ocrx_word' id='word_1_251' title='bbox 209 3255 368 3302; x_wconf 86' lang='lat' dir='ltr'><strong>excomm.</strong></span> <span class='ocrx_word' id='word_1_252' title='bbox 413 3237 463 3300; x_wconf 91' lang='lat' dir='ltr'><strong>De</strong></span> <span class='ocrx_word' id='word_1_253' title='bbox 480 3238 518 3299; x_wconf 90' lang='lat' dir='ltr'><strong>iis</strong></span> <span class='ocrx_word' id='word_1_254' title='bbox 544 3237 700 3322; x_wconf 86' lang='lat' dir='ltr'><strong>disputari</strong></span> <span class='ocrx_word' id='word_1_255' title='bbox 717 3241 805 3320; x_wconf 91' lang='lat' dir='ltr'><strong>solet,</strong></span> <span class='ocrx_word' id='word_1_256' title='bbox 832 3243 887 3322; x_wconf 91' lang='lat' dir='ltr'><strong>qui</strong></span> <span class='ocrx_word' id='word_1_257' title='bbox 904 3245 1075 3312; x_wconf 87' lang='lat' dir='ltr'><strong>consilinm</strong></span> <span class='ocrx_word' id='word_1_258' title='bbox 1102 3247 1269 3340; x_wconf 91' lang='lat' dir='ltr'><strong>dederunt,</strong></span> <span class='ocrx_word' id='word_1_259' title='bbox 1289 3279 1347 3330; x_wconf 89' lang='lat' dir='ltr'><strong>ant</strong></span> <span class='ocrx_word' id='word_1_260' title='bbox 1360 3271 1418 3351; x_wconf 90' lang='lat' dir='ltr'><strong>qni</strong></span> 
     </span>
     <span class='ocr_line' id='line_1_26' title="bbox 102 3343 1418 3456; baseline 0.021 -50"><span class='ocrx_word' id='word_1_261' title='bbox 102 3343 275 3407; x_wconf 75' lang='lat' dir='ltr'><strong>auxilinm</strong></span> <span class='ocrx_word' id='word_1_262' title='bbox 302 3345 517 3426; x_wconf 86' lang='lat' dir='ltr'><strong>praebuerunt</strong></span> <span class='ocrx_word' id='word_1_263' title='bbox 542 3345 612 3408; x_wconf 90' lang='lat' dir='ltr'><strong>sine</strong></span> <span class='ocrx_word' id='word_1_264' title='bbox 638 3349 796 3427; x_wconf 85' lang='lat' dir='ltr'><strong>societate,</strong></span> <span class='ocrx_word' id='word_1_265' title='bbox 824 3369 880 3413; x_wconf 90' lang='lat' dir='ltr'><strong>sen</strong></span> <span class='ocrx_word' id='word_1_266' title='bbox 905 3355 1005 3417; x_wconf 90' lang='lat' dir='ltr'><strong>animi</strong></span> <span class='ocrx_word' id='word_1_267' title='bbox 1031 3363 1252 3444; x_wconf 83' lang='lat' dir='ltr'><strong>consensione,</strong></span> <span class='ocrx_word' id='word_1_268' title='bbox 1276 3381 1333 3433; x_wconf 89' lang='lat' dir='ltr'><strong>aut</strong></span> <span class='ocrx_word' id='word_1_269' title='bbox 1360 3378 1418 3456; x_wconf 87' lang='lat' dir='ltr'><strong>qui</strong></span> 
     </span>
     <span class='ocr_line' id='line_1_27' title="bbox 100 3451 1417 3560; baseline 0.023 -44"><span class='ocrx_word' id='word_1_270' title='bbox 100 3472 185 3516; x_wconf 86' lang='lat' dir='ltr'><strong>curn</strong></span> <span class='ocrx_word' id='word_1_271' title='bbox 203 3451 358 3534; x_wconf 85' lang='lat' dir='ltr'><strong>impedire</strong></span> <span class='ocrx_word' id='word_1_272' title='bbox 374 3469 511 3538; x_wconf 86' lang='lat' dir='ltr'><strong>possent,</strong></span> <span class='ocrx_word' id='word_1_273' title='bbox 529 3459 662 3520; x_wconf 88' lang='lat' dir='ltr'><strong>mrnime</strong></span> <span class='ocrx_word' id='word_1_274' title='bbox 679 3457 924 3540; x_wconf 87' lang='lat' dir='ltr'><strong>impediverunt.</strong></span> <span class='ocrx_word' id='word_1_275' title='bbox 969 3463 1138 3531; x_wconf 85' lang='lat' dir='ltr'><strong>Generalis</strong></span> <span class='ocrx_word' id='word_1_276' title='bbox 1154 3475 1264 3558; x_wconf 86' lang='lat' dir='ltr'><strong>regula</strong></span> <span class='ocrx_word' id='word_1_277' title='bbox 1280 3491 1335 3560; x_wconf 91' lang='lat' dir='ltr'><strong>est,</strong></span> <span class='ocrx_word' id='word_1_278' title='bbox 1356 3483 1417 3546; x_wconf 83' lang='lat' dir='ltr'><strong>hos</strong></span> 
     </span>
     <span class='ocr_line' id='line_1_28' title="bbox 99 3565 1414 3660; baseline 0.022 -34"><span class='ocrx_word' id='word_1_279' title='bbox 99 3581 173 3630; x_wconf 86' lang='lat' dir='ltr'><strong>narr</strong></span> <span class='ocrx_word' id='word_1_280' title='bbox 190 3565 346 3630; x_wconf 84' lang='lat' dir='ltr'><strong>contineri</strong></span> <span class='ocrx_word' id='word_1_281' title='bbox 361 3565 432 3648; x_wconf 89' lang='lat' dir='ltr'><strong>lege</strong></span> <span class='ocrx_word' id='word_1_282' title='bbox 443 3585 615 3629; x_wconf 87' lang='lat' dir='ltr'><strong>censuram</strong></span> <span class='ocrx_word' id='word_1_283' title='bbox 629 3565 792 3646; x_wconf 85' lang='lat' dir='ltr'><strong>inferente,</strong></span> <span class='ocrx_word' id='word_1_284' title='bbox 809 3570 871 3632; x_wconf 89' lang='lat' dir='ltr'><strong>nisi</strong></span> <span class='ocrx_word' id='word_1_285' title='bbox 887 3590 1038 3654; x_wconf 75' lang='lat' dir='ltr'><strong>express</strong></span> <span class='ocrx_word' id='word_1_286' title='bbox 1053 3579 1149 3643; x_wconf 86' lang='lat' dir='ltr'><strong>etiam</strong></span> <span class='ocrx_word' id='word_1_287' title='bbox 1166 3581 1205 3642; x_wconf 89' lang='lat' dir='ltr'><strong>de</strong></span> <span class='ocrx_word' id='word_1_288' title='bbox 1222 3583 1261 3646; x_wconf 88' lang='lat' dir='ltr'><strong>iis</strong></span> <span class='ocrx_word' id='word_1_289' title='bbox 1276 3585 1329 3651; x_wconf 85' lang='lat' dir='ltr'><strong>lex</strong></span> <span class='ocrx_word' id='word_1_290' title='bbox 1341 3609 1414 3660; x_wconf 86' lang='lat' dir='ltr'><strong>con·</strong></span> 
     </span>
     <span class='ocr_line' id='line_1_29' title="bbox 94 3674 1414 3782; baseline 0.02 -44"><span class='ocrx_word' id='word_1_291' title='bbox 94 3674 256 3756; x_wconf 79' lang='lat' dir='ltr'><strong>cipiatnr,</strong></span> <span class='ocrx_word' id='word_1_292' title='bbox 283 3674 328 3736; x_wconf 87' lang='lat' dir='ltr'><strong>ita</strong></span> <span class='ocrx_word' id='word_1_293' title='bbox 353 3675 510 3736; x_wconf 87' lang='lat' dir='ltr'><strong>suadente</strong></span> <span class='ocrx_word' id='word_1_294' title='bbox 538 3687 622 3737; x_wconf 89' lang='lat' dir='ltr'><strong>recta</strong></span> <span class='ocrx_word' id='word_1_295' title='bbox 648 3675 905 3757; x_wconf 85' lang='lat' dir='ltr'><strong>interpretatione</strong></span> <span class='ocrx_word' id='word_1_296' title='bbox 929 3682 1115 3764; x_wconf 82' lang='lat' dir='ltr'><strong>poenalium</strong></span> <span class='ocrx_word' id='word_1_297' title='bbox 1138 3691 1414 3782; x_wconf 87' lang='lat' dir='ltr'><strong>constitutionum,</strong></span> 
     </span>
     <span class='ocr_line' id='line_1_30' title="bbox 92 3783 1414 3890; baseline 0.02 -44"><span class='ocrx_word' id='word_1_298' title='bbox 92 3801 193 3868; x_wconf 85' lang='lat' dir='ltr'><strong>quae</strong></span> <span class='ocrx_word' id='word_1_299' title='bbox 208 3786 357 3865; x_wconf 80' lang='lat' dir='ltr'><strong>angustis</strong></span> <span class='ocrx_word' id='word_1_300' title='bbox 381 3805 506 3867; x_wconf 85' lang='lat' dir='ltr'><strong>semper</strong></span> <span class='ocrx_word' id='word_1_301' title='bbox 521 3783 641 3848; x_wconf 90' lang='lat' dir='ltr'><strong>finibus</strong></span> <span class='ocrx_word' id='word_1_302' title='bbox 658 3786 863 3850; x_wconf 85' lang='lat' dir='ltr'><strong>&#39;coercendae</strong></span> <span class='ocrx_word' id='word_1_303' title='bbox 879 3802 962 3866; x_wconf 84' lang='lat' dir='ltr'><strong>sunt,</strong></span> <span class='ocrx_word' id='word_1_304' title='bbox 991 3809 1051 3852; x_wconf 91' lang='lat' dir='ltr'><strong>nee</strong></span> <span class='ocrx_word' id='word_1_305' title='bbox 1070 3794 1152 3858; x_wconf 84' lang='lat' dir='ltr'><strong>ultra</strong></span> <span class='ocrx_word' id='word_1_306' title='bbox 1178 3803 1414 3890; x_wconf 85' lang='lat' dir='ltr'><strong>extendendae,</strong></span> 
     </span>
     <span class='ocr_line' id='line_1_31' title="bbox 90 3893 1414 3992; baseline 0.018 -40"><span class='ocrx_word' id='word_1_307' title='bbox 90 3913 207 3978; x_wconf 82' lang='lat' dir='ltr'><strong>quarn</strong></span> <span class='ocrx_word' id='word_1_308' title='bbox 236 3895 341 3957; x_wconf 86' lang='lat' dir='ltr'><strong>verbis</strong></span> <span class='ocrx_word' id='word_1_309' title='bbox 366 3895 609 3958; x_wconf 85' lang='lat' dir='ltr'><strong>demonstretur.</strong></span> <span class='ocrx_word' id='word_1_310' title='bbox 654 3893 768 3976; x_wconf 91' lang='lat' dir='ltr'><strong>Neque</strong></span> <span class='ocrx_word' id='word_1_311' title='bbox 784 3895 889 3959; x_wconf 87' lang='lat' dir='ltr'><strong>obstat</strong></span> <span class='ocrx_word' id='word_1_312' title='bbox 915 3899 1035 3982; x_wconf 83' lang='lat' dir='ltr'><strong>regula,</strong></span> <span class='ocrx_word' id='word_1_313' title='bbox 1061 3925 1147 3985; x_wconf 86' lang='lat' dir='ltr'><strong>quae</strong></span> <span class='ocrx_word' id='word_1_314' title='bbox 1162 3908 1278 3992; x_wconf 84' lang='lat' dir='ltr'><strong>legitur</strong></span> <span class='ocrx_word' id='word_1_315' title='bbox 1300 3915 1332 3978; x_wconf 89' lang='lat' dir='ltr'><strong>in</strong></span> <span class='ocrx_word' id='word_1_316' title='bbox 1349 3915 1414 3982; x_wconf 86' lang='lat' dir='ltr'><strong>fine</strong></span> 
     </span>
     <span class='ocr_line' id='line_1_32' title="bbox 88 4001 1425 4097; baseline 0.019 -32"><span class='ocrx_word' id='word_1_317' title='bbox 88 4001 243 4069; x_wconf 83' lang='lat' dir='ltr'><strong>canonis</strong></span> <span class='ocrx_word' id='word_1_318' title='bbox 262 4006 308 4067; x_wconf 86' lang='lat'><strong>10.</strong></span> <span class='ocrx_word' id='word_1_319' title='bbox 326 4025 414 4067; x_wconf 76' lang='lat' dir='ltr'><strong>catis.</strong></span> <span class='ocrx_word' id='word_1_320' title='bbox 432 4006 460 4066; x_wconf 86' lang='lat'><strong>2.</strong></span> <span class='ocrx_word' id='word_1_321' title='bbox 477 4015 600 4088; x_wconf 86' lang='lat' dir='ltr'><strong>qtraest.</strong></span> <span class='ocrx_word' id='word_1_322' title='bbox 619 4003 646 4066; x_wconf 89' lang='lat'><strong>1.</strong></span> <span class='ocrx_word' id='word_1_323' title='bbox 662 4001 714 4064; x_wconf 89' lang='lat' dir='ltr'><strong>bis</strong></span> <span class='ocrx_word' id='word_1_324' title='bbox 728 4005 831 4068; x_wconf 85' lang='lat' dir='ltr'><strong>verbis</strong></span> <span class='ocrx_word' id='word_1_325' title='bbox 847 4005 1008 4088; x_wconf 82' lang='lat' dir='ltr'><strong>expressa:</strong></span> <span class='ocrx_word' id='word_1_326' title='bbox 1027 4011 1227 4097; x_wconf 85' lang='lat' dir='ltr'><strong>Faciantenr,</strong></span> <span class='ocrx_word' id='word_1_327' title='bbox 1243 4031 1272 4084; x_wconf 85' lang='lat' dir='ltr'><strong>et</strong></span> <span class='ocrx_word' id='word_1_328' title='bbox 1287 4011 1425 4091; x_wconf 38' lang='lat' dir='ltr'><strong>correers-¹</strong></span> 
     </span>
     <span class='ocr_line' id='line_1_33' title="bbox 88 4115 1412 4220; baseline 0.015 -41"><span class='ocrx_word' id='word_1_329' title='bbox 88 4118 245 4184; x_wconf 74' lang='lat' dir='ltr'><strong>cicentem</strong></span> <span class='ocrx_word' id='word_1_330' title='bbox 258 4137 324 4200; x_wconf 88' lang='lat' dir='ltr'><strong>par·</strong></span> <span class='ocrx_word' id='word_1_331' title='bbox 338 4139 444 4202; x_wconf 81' lang='lat' dir='ltr'><strong>poeno</strong></span> <span class='ocrx_word' id='word_1_332' title='bbox 467 4117 678 4200; x_wconf 57' lang='lat' dir='ltr'><strong>constringit·</strong></span> <span class='ocrx_word' id='word_1_333' title='bbox 694 4117 813 4178; x_wconf 88' lang='lat' dir='ltr'><strong>etenim</strong></span> <span class='ocrx_word' id='word_1_334' title='bbox 830 4115 862 4182; x_wconf 90' lang='lat' dir='ltr'><strong>ld</strong></span> <span class='ocrx_word' id='word_1_335' title='bbox 879 4123 1013 4198; x_wconf 87' lang='lat' dir='ltr'><strong>pertinet</strong></span> <span class='ocrx_word' id='word_1_336' title='bbox 1027 4125 1183 4207; x_wconf 85' lang='lat' dir='ltr'><strong>singulari</strong></span> <span class='ocrx_word' id='word_1_337' title='bbox 1195 4133 1267 4218; x_wconf 86' lang='lat' dir='ltr'><strong>jure</strong></span> <span class='ocrx_word' id='word_1_338' title='bbox 1287 4135 1327 4198; x_wconf 82' lang='lat' dir='ltr'><strong>atl</strong></span> <span class='ocrx_word' id='word_1_339' title='bbox 1345 4159 1412 4220; x_wconf 84' lang='lat' dir='ltr'><strong>spe-</strong></span> 
     </span>
     <span class='ocr_line' id='line_1_34' title="bbox 81 4225 1415 4328; baseline 0.007 -33"><span class='ocrx_word' id='word_1_340' title='bbox 81 4229 186 4295; x_wconf 83' lang='lat' dir='ltr'><strong>eiem</strong></span> <span class='ocrx_word' id='word_1_341' title='bbox 198 4225 328 4308; x_wconf 88' lang='lat' dir='ltr'><strong>jndicis,</strong></span> <span class='ocrx_word' id='word_1_342' title='bbox 344 4227 398 4306; x_wconf 90' lang='lat' dir='ltr'><strong>qni</strong></span> <span class='ocrx_word' id='word_1_343' title='bbox 415 4225 569 4288; x_wconf 87' lang='lat' dir='ltr'><strong>detrectet</strong></span> <span class='ocrx_word' id='word_1_344' title='bbox 585 4225 747 4290; x_wconf 85' lang='lat' dir='ltr'><strong>restituere</strong></span> <span class='ocrx_word' id='word_1_345' title='bbox 763 4225 794 4286; x_wconf 90' lang='lat' dir='ltr'><strong>iu</strong></span> <span class='ocrx_word' id='word_1_346' title='bbox 810 4225 979 4308; x_wconf 87' lang='lat' dir='ltr'><strong>pristinum</strong></span> <span class='ocrx_word' id='word_1_347' title='bbox 996 4243 1117 4297; x_wconf 87' lang='lat' dir='ltr'><strong>statum</strong></span> <span class='ocrx_word' id='word_1_348' title='bbox 1133 4255 1208 4300; x_wconf 88' lang='lat' dir='ltr'><strong>enm</strong></span> <span class='ocrx_word' id='word_1_349' title='bbox 1225 4241 1281 4320; x_wconf 88' lang='lat' dir='ltr'><strong>qui</strong></span> <span class='ocrx_word' id='word_1_350' title='bbox 1297 4243 1415 4328; x_wconf 87' lang='lat' dir='ltr'><strong>injuste</strong></span> 
     </span>
     <span class='ocr_line' id='line_1_35' title="bbox 82 4331 1413 4436; baseline 0.017 -44"><span class='ocrx_word' id='word_1_351' title='bbox 82 4332 250 4415; x_wconf 79' lang='lat' dir='ltr'><strong>dejectus</strong></span> <span class='ocrx_word' id='word_1_352' title='bbox 265 4344 343 4394; x_wconf 87' lang='lat' dir='ltr'><strong>erat.</strong></span> <span class='ocrx_word' id='word_1_353' title='bbox 385 4331 513 4394; x_wconf 86' lang='lat' dir='ltr'><strong>Revera</strong></span> <span class='ocrx_word' id='word_1_354' title='bbox 529 4331 653 4412; x_wconf 43' lang='lat' dir='ltr'><strong>ibidem,</strong></span> <span class='ocrx_word' id='word_1_355' title='bbox 666 4331 823 4396; x_wconf 88' lang='lat' dir='ltr'><strong>Nicolans</strong></span> <span class='ocrx_word' id='word_1_356' title='bbox 849 4333 938 4418; x_wconf 85' lang='lat' dir='ltr'><strong>Papa</strong></span> <span class='ocrx_word' id='word_1_357' title='bbox 955 4339 1113 4410; x_wconf 87' lang='lat' dir='ltr'><strong>suadebat</strong></span> <span class='ocrx_word' id='word_1_358' title='bbox 1123 4343 1235 4427; x_wconf 88' lang='lat' dir='ltr'><strong>judici,</strong></span> <span class='ocrx_word' id='word_1_359' title='bbox 1251 4335 1413 4436; x_wconf 75' lang='lat' dir='ltr'><strong>rubrique</strong></span> 
     </span>
     <span class='ocr_line' id='line_1_36' title="bbox 79 4437 1411 4545; baseline 0.019 -46"><span class='ocrx_word' id='word_1_360' title='bbox 79 4437 265 4522; x_wconf 83' lang='lat' dir='ltr'><strong>dejectum</strong></span> <span class='ocrx_word' id='word_1_361' title='bbox 282 4439 468 4518; x_wconf 87' lang='lat' dir='ltr'><strong>restitueret,</strong></span> <span class='ocrx_word' id='word_1_362' title='bbox 494 4439 675 4523; x_wconf 83' lang='lat' dir='ltr'><strong>subjiciens,</strong></span> <span class='ocrx_word' id='word_1_363' title='bbox 692 4440 872 4519; x_wconf 86' lang='lat' dir='ltr'><strong>facientem,</strong></span> <span class='ocrx_word' id='word_1_364' title='bbox 899 4459 929 4506; x_wconf 91' lang='lat' dir='ltr'><strong>et</strong></span> <span class='ocrx_word' id='word_1_365' title='bbox 945 4453 1199 4518; x_wconf 86' lang='lat' dir='ltr'><strong>consentientem</strong></span> <span class='ocrx_word' id='word_1_366' title='bbox 1226 4461 1293 4540; x_wconf 90' lang='lat' dir='ltr'><strong>pari</strong></span> <span class='ocrx_word' id='word_1_367' title='bbox 1310 4483 1411 4545; x_wconf 81' lang='lat' dir='ltr'><strong>poena</strong></span> 
     </span>
    </p>
   </div>
   <div class='ocr_carea' id='block_1_2' title="bbox 73 4545 1455 4710">
    <p class='ocr_par' dir='ltr' id='par_1_2' title="bbox 73 4545 1455 4710">
     <span class='ocr_line' id='line_1_37' title="bbox 73 4545 1455 4702; baseline 0.029 -102"><span class='ocrx_word' id='word_1_368' title='bbox 73 4547 221 4638; x_wconf 71' lang='lat' dir='ltr'><strong>puniri,</strong></span> <span class='ocrx_word' id='word_1_369' title='bbox 237 4545 269 4608; x_wconf 88' lang='lat' dir='ltr'><strong>id</strong></span> <span class='ocrx_word' id='word_1_370' title='bbox 286 4559 343 4626; x_wconf 89' lang='lat' dir='ltr'><strong>est,</strong></span> <span class='ocrx_word' id='word_1_371' title='bbox 369 4547 438 4631; x_wconf 87' lang='lat' dir='ltr'><strong>pari</strong></span> <span class='ocrx_word' id='word_1_372' title='bbox 453 4547 587 4610; x_wconf 87' lang='lat' dir='ltr'><strong>erimine</strong></span> <span class='ocrx_word' id='word_1_373' title='bbox 603 4548 767 4612; x_wconf 86' lang='lat' dir='ltr'><strong>involvere</strong></span> <span class='ocrx_word' id='word_1_374' title='bbox 792 4569 827 4612; x_wconf 85' lang='lat' dir='ltr'><strong>se</strong></span> <span class='ocrx_word' id='word_1_375' title='bbox 837 4549 979 4700; x_wconf 63' lang='lat' dir='ltr'><strong>jndiceTm</strong></span> <span class='ocrx_word' id='word_1_376' title='bbox 997 4553 1227 4702; x_wconf 39' lang='lat' dir='ltr'><strong>detigctnntem</strong></span> <span class='ocrx_word' id='word_1_377' title='bbox 1249 4569 1411 4636; x_wconf 81' lang='lat' dir='ltr'><strong>restittmre</strong></span> <span class='ocrx_word' id='word_1_378' title='bbox 1453 4579 1455 4584; x_wconf 84' lang='lat'>&#39;</span> 
     </span>
     <span class='ocr_line' id='line_1_38' title="bbox 974 4645 1199 4710; baseline 0.04 -9"><span class='ocrx_word' id='word_1_379' title='bbox 974 4658 1032 4702; x_wconf 84' lang='lat' dir='ltr'><strong>ou.</strong></span> <span class='ocrx_word' id='word_1_380' title='bbox 1097 4645 1199 4710; x_wconf 81' lang='lat' dir='ltr'><strong>.-4t.</strong></span> 
     </span>
    </p>
   </div>
   <div class='ocr_carea' id='block_1_3' title="bbox 231 476 1622 2570">
    <p class='ocr_par' dir='ltr' id='par_1_3' title="bbox 231 81 1622 2570">
     <span class='ocr_line' id='line_1_39' title="bbox 231 476 1415 558; baseline 0 -10"><span class='ocrx_word' id='word_1_381' title='bbox 231 499 280 548; x_wconf 72' lang='lat' dir='ltr'><strong>os</strong></span> <span class='ocrx_word' id='word_1_382' title='bbox 296 496 526 558; x_wconf 79' lang='lat' dir='ltr'><strong>carrrrnrcus,</strong></span> <span class='ocrx_word' id='word_1_383' title='bbox 549 495 696 552; x_wconf 78' lang='lat' dir='ltr'><strong>ouoaurr</strong></span> <span class='ocrx_word' id='word_1_384' title='bbox 711 496 824 544; x_wconf 70' lang='lat' dir='ltr'><strong>causa</strong></span> <span class='ocrx_word' id='word_1_385' title='bbox 839 476 1031 546; x_wconf 73' lang='lat' dir='ltr'><strong>censesne</strong></span> <span class='ocrx_word' id='word_1_386' title='bbox 1047 495 1297 548; x_wconf 69' lang='lat' dir='ltr'><strong>turanorum.</strong></span> <span class='ocrx_word' id='word_1_387' title='bbox 1353 477 1415 549; x_wconf 82' lang='lat' dir='ltr'><strong>aat</strong></span> 
     </span>
     <span class='ocr_line' id='line_1_40' title="bbox 1621 2139 1622 2196; baseline 0 0"><span class='ocrx_word' id='word_1_388' title='bbox 1621 2139 1622 2196; x_wconf 91' lang='lat' dir='ltr'><strong>l</strong></span> 
     </span>
     <span class='ocr_line' id='line_1_41' title="bbox 1621 2199 1622 2242; baseline 0 0"><span class='ocrx_word' id='word_1_389' title='bbox 1621 2199 1622 2242; x_wconf 83' lang='lat' dir='ltr'><strong>t</strong></span> 
     </span>
     <span class='ocr_line' id='line_1_42' title="bbox 1621 2307 1622 2352; baseline 0 0"><span class='ocrx_word' id='word_1_390' title='bbox 1621 2307 1622 2352; x_wconf 83' lang='lat' dir='ltr'><strong>t</strong></span> 
     </span>
     <span class='ocr_line' id='line_1_43' title="bbox 1621 2517 1622 2570; baseline 0 0"><span class='ocrx_word' id='word_1_391' title='bbox 1621 2517 1622 2570; x_wconf 92' lang='lat' dir='ltr'><strong>l</strong></span> 
     </span>
    </p>
   </div>
   <div class='ocr_carea' id='block_1_4' title="bbox 0 0 1630 4976">
    <p class='ocr_par' dir='ltr' id='par_1_4' title="bbox 0 0 1630 4976">
     <span class='ocr_line' id='line_1_44' title="bbox 0 0 1630 4976; baseline 0 0"><span class='ocrx_word' id='word_1_392' title='bbox 0 0 1630 4976; x_wconf 95' lang='lat' dir='ltr'><strong> </strong></span> 
     </span>
    </p>
   </div>
  </div>
 </body>
</html>
