3250 4976
332 427 604 475 srnruuuurue
619 427 756 474 ventre
773 423 906 474 oense.
922 423 1072 473 censue.
1087 421 1234 470 resurr.
1279 460 1282 466 .
1373 395 1436 464 ³25

132 560 252 630 rentes,
277 552 463 616 tumescit
486 563 605 614 ustum
619 549 806 630 sententiae,
832 559 868 612 ut
883 547 1057 630 praeteritis
1070 565 1183 628 neque,
1209 563 1248 606 ee
1264 541 1436 626 praesenti

133 661 198 726 bns
210 661 379 729 consulere
395 641 502 743 possin
530 660 713 744 praeteritis,
729 657 875 741 inquom,
894 660 927 724 in
944 660 1142 734 universum,
1161 655 1437 740 praesentibus&

131 771 251 852 agetur
265 767 307 831 de
321 769 506 834 coercendis
522 767 777 846 contumacibus
794 779 828 830 et
843 767 923 830 istae
938 777 1083 849 spectent
1096 784 1193 828 cesus
1208 762 1343 838 futuros,
1357 761 1445 846 quie*

133 875 279 945 heecest
303 867 523 960 naturalegis,
551 890 584 942 ut
601 889 728 943 tantum
743 878 776 940 in
800 875 947 944 futurum
968 873 1157 952 conseretur,
1183 893 1253 956 cap.
1269 872 1310 952 2.,
1337 884 1369 935 et
1386 870 1435 936 1³.

132 973 359 1066 de'eonstitnt.,
386 998 418 1052 et
432 1005 635 1070 quemquam
650 985 736 1068 leges
763 983 940 1065 aliquando
965 1000 1062 1046 certus
1077 991 1261 1064 praeteritos
1281 980 1434 1062 respicere

131 1097 165 1162 in
180 1099 293 1182 poeuis
308 1099 440 1182 possint,
466 1117 541 1162 cum
558 1096 709 1160 nimirum
726 1095 759 1160 id
778 1113 974 1178 ‚expressum
1002 1105 1059 1185 est,
1076 1077 1166 1156 aliud
1189 1105 1297 1156 temen
1313 1093 1346 1155 iu
1362 1101 1435 1156 c'en-

131 1207 215 1270 suris
230 1205 424 1286 observatnr,
449 1216 614 1288 propterea
629 1203 715 1285 qnod
742 1203 995 1267 fundamentum
1017 1218 1229 1264 censurarum
1252 1209 1300 1260 est
1324 1205 1434 1260 eontu-

131 1311 238 1374 mecia
253 1311 306 1390 rei,
333 1310 485 1390 reluere,
513 1311 564 1374 vel
580 1310 674 1390 fecta,
701 1312 770 1392 sive
786 1323 1003 1395 praesumpte.
1049 1308 1175 1375 Eadem
1191 1309 1292 1372 etiam
1316 1318 1365 1370 est
1380 1325 1435 1370 nu·

129 1423 203 1480 ture
217 1417 385 1500 praecepti,
411 1417 497 1500 quod
515 1419 547 1482 in
570 1419 634 1480 hae
660 1431 749 1502 parte
775 1419 881 1502 legem
908 1419 1060 1496 inritatur,
1089 1416 1189 1480 veluti
1208 1417 1234 1478 si
1253 1416 1434 1500 Episcopus

129 1527 264 1593 mundet
277 1539 363 1592 certo
388 1529 520 1608 Olenon,
549 1539 684 1594 nicerte
699 1529 805 1594 officie
820 1543 917 1615 gerat,
945 1527 996 1592 vel
1011 1535 1033 1594 e
1047 1529 1140 1594 certis
1165 1529 1259 1591 rebus
1275 1528 1435 1594 abstineat

131 1636 194 1700 sub
209 1655 311 1718 poene
333 1638 563 1722 suspensionis
586 1658 660 1702 ceu.
677 1639 727 1702 24.
744 1640 816 1702 dist.
833 1639 882 1704 63.
909 1657 981 1702 cun.
1005 1639 1054 1702 52.
1070 1657 1161 1702 caus.
1190 1639 1237 1700 16.
1255 1649 1378 1720 quaest.
1397 1639 1434 1720 1.,

130 1755 297 1828 enretteg.
314 1749 343 1812 5.
359 1747 400 1812 de
415 1745 586 1832 praebend.
610 1748 667 1812 int.
680 1768 799 1822 comm.
815 1760 980 1833 extravag.
996 1747 1029 1840 (ἰΙ
1042 1748 1082 1812 de
1105 1760 1185 1813 sent.
1201 1765 1359 1811 excomm.
1378 1747 1433 1812 int

129 1871 248 1920 comm.
271 1855 379 1920 Distat
394 1868 501 1920 tamen
518 1857 562 1920 ite
577 1873 715 1920 censura
730 1869 898 1940 praecepto
909 1864 929 1922 e
941 1875 1081 1922 censura
1097 1857 1167 1940 lege
1178 1855 1308 1934 indicte,
1323 1873 1436 1938 quem·

128 1963 309 2040 admodum
332 1944 430 2028 distet
455 1973 697 2050 praecepturus
715 1966 793 2048 lege.
836 1967 892 2031 Sic
907 1985 983 2030 cum
1011 1979 1216 2050 praeceptum
1242 1965 1434 2048 iusingule·

129 2091 198 2138 rem
223 2051 402 2155 personum,
427 2074 479 2136 vel
495 2085 618 2138 certum
644 2074 827 2158 Collegium
853 2073 1019 2160 dirigetur,
1034 2073 1099 2139 'lex
1122 2073 1155 2136 iu
1180 2073 1433 2156 universitatem

45 2229 46 2232 κ
128 2201 205 2250 eum
230 2197 435 2266 praeceptum
461 2185 608 2268 postulet,
636 2197 672 2249 nt
687 2185 734 2271 is,
759 2189 813 2253 cui
839 2187 1040 2269 praecipitur,
1064 2185 1108 2250 sit
1123 2184 1274 2252 subditus
1294 2195 1435 2266 tempore

126 2287 297 2376 praecepti,
324 2291 378 2354 lex
392 2303 502 2356 autent
517 2289 616 2356 etiarn
641 2291 754 2356 tendet
779 2293 812 2355 in
828 2312 891 2369 eos,
917 2295 973 2374 qui
989 2291 1087 2356 futuri
1103 2303 1180 2365 sunt
1201 2289 1333 2370 subditi;
1357 2309 1433 2357 cum

127 2412 337 2484 praeceptum
354 2381 463 2462 morte
480 2381 701 2482 praecipientis
727 2401 856 2484 expiret,
882 2400 1016 2465 nonita
1040 2400 1095 2462 lex,
1109 2413 1209 2465 morte
1232 2398 1433 2482 legislatoris

127 2484 271 2568 censure
292 2518 459 2588 praecepto
474 2506 605 2590 indicte
618 2508 815 2596 singularem
833 2526 1015 2599 personam
1040 2505 1091 2575 vel
1105 2519 1231 2578 certum
1251 2508 1434 2592 Collegium

129 2633 196 2680 non
212 2616 397 2698 egredietur,
424 2635 560 2682 censure
576 2618 646 2703 lege
672 2615 794 2682 indicte
808 2637 919 2685 omues
942 2619 976 2688 in
994 2618 1200 2688 universitate
1222 2617 1434 2694 consistentes

71 2765 75 2772 =
126 2724 260 2802 efficiet,
276 2701 354 2788 item
368 2741 511 2801 'censure
527 2741 695 2808 praecepto
712 2726 777 2804 lete
803 2747 867 2790 non
882 2747 938 2790 eos
953 2727 1081 2808 tenebit,
1104 2727 1158 2810 qui
1175 2746 1241 2795 nou
1254 2737 1346 2805 erant
1361 2727 1434 2792 sue

129 2835 190 2900 diti
206 2817 345 2916 ternpore
361 2835 531 2918 praecepti
554 2853 755 2920 utrumquem
772 2849 884 2919 postea
904 2835 1023 2901 subditi
1038 2855 1109 2898 esse
1123 2835 1293 2918 coeperint,
1315 2845 1348 2898 et
1361 2815 1434 2898 cen·

126 2963 206 3010 sure
219 2943 287 3008 late
314 2944 384 3028 lege
398 2961 511 3010 omnes
537 2945 667 3022 notabit,
692 2947 747 3027 qui
764 2955 821 3010 aut
847 2959 987 3029 tempore
1004 2947 1090 3030 legis,
1118 2958 1176 3008 ent
1192 2957 1261 3028 post
1276 2944 1376 3018 letam
1392 2944 1434 3008 le-

128 3073 205 3139 gem
215 3055 339 3142 subditi
363 3055 438 3134 sint;
465 3053 606 3144 deniquo
621 3054 741 3118 indicto
766 3069 1106 3140 censuraeprnecepto
1129 3056 1215 3118 lutee
1231 3065 1331 3119 morte
1346 3073 1434 3137 prae·

128 3165 277 3250 cipientis
291 3165 458 3253 expirabit,
484 3166 563 3248 quin
580 3165 703 3248 expiret
717 3177 819 3230 morte
834 3165 1025 3249 legislatoris
1051 3163 1184 3232 indictio
1199 3185 1355 3233 censurae
1369 3164 1434 3236 fec·

129 3279 364 3364 terterlrgem.
898 3339 899 3346 ,
1378 3335 1382 3342 .

171 3390 272 3468 eree
285 3405 441 3454 emutme
453 3389 498 3453 eb
505 3391 579 3474 jure
601 3389 788 3458 indicuntur
801 3391 901 3476 (quae
914 3389 1068 3466 dicuntur
1083 3391 1123 3455 dc
1140 3391 1287 3457 censuris
1301 3389 1343 3454 ab
1352 3391 1434 3474 jure,

129 3493 273 3580 idipsum
289 3496 321 3560 in
338 3496 401 3560 hec
416 3511 510 3580 perte·
520 3497 717 3586 intelligetur
732 3500 773 3564 de
785 3501 932 3586 certaturis
946 3511 1116 3586 praecepto
1133 3499 1215 3578 letis,
1231 3519 1307 3564 curn
1323 3487 1356 3564 in
1371 3499 1434 3566 boc

127 3597 289 3688 proposito
305 3621 511 3690 praeceptum
536 3595 556 3671 ἐ
571 3607 642 3692 lege
656 3627 722 3672 non
736 3608 846 3696 distet)
873 3612 987 3697 iterum
1002 3611 1245 3694 distinguuntur
1271 3608 1305 3677 iu
1319 3628 1433 3698 consu·

127 3731 183 3791 res
199 3715 291 3796 lutee,
317 3727 517 3783 etoensures
542 3717 693 3792 ferendae
719 3721 906 3784 sententiae.
950 3719 1052 3784 Latee
1072 3720 1254 3785 sententiae
1278 3740 1434 3786 censurae

127 3825 384 3914 appellaverunt,
410 3821 488 3906 eum
503 3829 614 3906 stetim
638 3827 782 3894 admisso
807 3829 940 3897 erimine
966 3847 1038 3894 reus
1054 3830 1122 3914 ipse
1143 3849 1282 3897 censure
1303 3841 1433 3920 notente

127 3929 277 4022 melun
303 3946 335 3998 et
350 3935 377 3998 si
392 3935 569 4019 aliquando
593 3955 675 4024 opus
690 3955 761 4004 esee
776 3937 904 4004 ridetur
918 3939 1086 4022 sententia,
1103 3939 1224 4025 judicis
1247 3949 1352 4024 pestes
1367 3958 1433 4006 nou

126 4043 196 4118 ulie
210 4043 252 4110 de
273 4047 602 4136 ceusaimcroednnl,
626 4069 727 4137 quum
743 4061 778 4116 ut
792 4051 971 4119 declaretur
995 4050 1128 4132 factum,
1155 4071 1219 4138 non
1237 4063 1280 4116 ut
1294 4070 1432 4122 censure
1526 4065 1530 4076 ·
1615 4019 1616 4034 ἵ

125 4153 306 4243 infligetur,
329 4175 400 4242 esp.
426 4157 489 4246 26„
514 4171 547 4224 et
571 4161 620 4234 58
647 4157 688 4246 de
710 4169 846 4246 sentent,
871 4179 1030 4232 excomm.
1054 4159 1260 4252 ,Sententiae
1280 4156 1433 4236 ferendae

114 4267 555 4352 cenerumeppetlsnenrnt,
571 4269 781 4352 ‚templatim
805 4268 948 4356 admisso
961 4267 1095 4352 erimine
1116 4289 1158 4337 ex
1174 4268 1377 4360 ¹praescripto
1390 4266 1432 4340 le-

126 4377 343 4465 determinet
354 4377 458 4464 judici
482 4397 575 4462 eune,
599 4391 662 4448 eut
679 4380 902 4464 vulgatium
923 4382 962 4456 ‚iu
983 4399 1076 4468 reum
1098 4397 1273 4450 censuram
1294 4375 1430 4464 infliget

125 4485 207 4570 ⁸⁰¹9
226 4487 556 4574 nuidtnnenuullir
577 4489 882 4578 perumplemtitte
899 4484 1117 4582 ,senmurum
1143 4489 1227 4586 letne
1251 4490 1431 4578 sententies
