3216 4988
218 449 221 454 .
256 397 322 466 aot
490 405 580 470 rrn's
598 423 722 488 raras,
740 425 985 478 messer-erro
1000 427 1154 496 renem,
1172 433 1252 483 cte.
1276 417 1332 486 lt.
1376 493 1384 504 1

259 543 388 608 tionem.
434 545 654 650 Alterntnlest,
677 551 765 634 qued
780 552 906 634 dicitur,
934 555 1111 637 baptizatos
1127 565 1146 626 d
1165 553 1352 644 Presbytero
1376 583 1434 628 non
1447 563 1531 649 bapti·

259 667 332 717 zato
347 653 447 718 luisse
472 657 726 740 rebaptizandos.
771 659 844 725 Non
860 675 909 726 est
934 653 1179 730 consistendum
1196 669 1289 731 nobis
1305 669 1337 732 in
1361 669 1531 734 codicellu-

257 759 423 842 Iiani,·sed
439 764 479 827 ad
506 767 703 847 antiquiores
721 769 913 850 collectores,
940 793 1021 855 quos
1037 765 1213 840 Gratianus
1237 779 1434 859 sequebatur,
1459 781 1533 861 respi-

234 951 237 958 Δ
256 873 419 937 ciendum.
464 865 1257 970 Ivo'Carnotenslslaudardictnmcanono'm591
1277 889 1372 968 quasi
1395 889 1531 970 depromp

257 993 326 1048 tum
342 1009 382 1052 es
397 971 496 1050 dictis
522 971 652 1062 Isidori
661 975 833 1074 Episcopi,
859 1007 943 1074 qnae
960 984 1038 1055 sarie
1065 982 1228 1078 inscriptio
1243 993 1402 1078 designat,
1423 1017 1476 1059 non
1491 997 1533 1060 lsi·

192 1095 196 1104 '
246 1091 371 1156 'dorum
388 1101 551 1157 auctorem
566 1093 702 1180 ‘canonis
717 1116 795 1176 esse,
813 1097 868 1159 sed
886 1099 916 1160 in
934 1117 1092 1164 canonem
1120 1103 1230 1183 aliqua
1245 1099 1287 1188 e'rr
1302 1103 1423 1166 Isidoro
1436 1103 1532 1166 derisa·

257 1213 289 1265 ta
304 1201 415 1264 inisse.
459 1203 497 1264 In
514 1198 655 1283 quodam
679 1201 871 1268 Panormiae
888 1193 956 1270 IIS.
973 1181 1065 1290 Regii
1077 1203 1281 1272 Taurin'ensi
1305 1209 1456 1272 Athenaei
1471 1210 1532 1270 lraec

170 1328 175 1338 ·
255 1309 391 1374 habetur
406 1313 578 1394 inscriptio:
606 1309 822 1395 Augustinus
837 1315 882 1378 od
896 1307 1130 1394 Fortunatam,
1146 1341 1185 1382 er
1201 1313 1300 1382 dictis
1312 1317 1440 1382 ‘Isidori
1453 1317 1532 1402 Epis·

205 1427 209 1438 '
255 1423 333 1506 copi,
351 1436 382 1482 et
397 1418 437 1483 ad
456 1414 633 1506 marginem
651 1423 714 1487 alio
730 1423 922 1487 charactere:
940 1425 999 1490 Es
1014 1417 1117 1490 dictis¹
1130 1425 1252 1491 Isidori
1268 1427 1436 1512 Episcopi.
1467 1427 1531 1488 llinc

253 1525 348 1591 facile
363 1529 479 1612 colligo
506 1534 818 1618 anctoremcnnonis
833 1553 905 1596 eam
923 1537 1140 1616 composuisse
1163 1511 1370 1612 sententiam,
1393 1537 1487 1618 qnalrs
1500 1555 1533 1597 re·

254 1633 450 1702 centloribus'
464 1639 600 1703 sacculis
627 1643 772 1718 obtinuit,
789 1636 1002 1732 eamdemque
1026 1639 1069 1706 lta
1082 1635 1297 1728 ¹compositam
1313 1647 1473 1720 ¹veteribus
1488 1643 1531 1704 p„

254 1753 354 1815 tribus
370 1751 562 1834 Augustino,
589 1767 619 1815 et
636 1753 758 1816 Isidoro
775 1755 933 1834 tribuisse,
948 1755 1034 1837 quod
1051 1757 1138 1838 apud
1155 1755 1391 1840 Angrrstinnnr,
1415 1771 1442 1818 et
1457 1755 1534 1818 lsido·

253 1877 324 1921 rum
341 1859 498 1922 nonnulla
515 1859 719 1939 inveniretur,
735 1863 911 1942 exquibus
928 1883 965 1925 ea
982 1861 1151 1944 disciplina
1171 1863 1339 1925 Ecclesiae
1356 1863 1533 1938 stabiliretur,

252 1985 323 2028 can.
342 1967 388 2028 19.
406 1967 467 2040 21,
484 1981 514 2028 et
530 1965 579 2029 36.
596 1969 636 2029 de
651 1945 739 2030 cons.
756 1969 827 2031 dist.
846 1971 874 2031 1.
919 1969 1017 2038 Quod
1039 1983 1072 2031 ut
1087 1969 1205 2031 clanns
1220 1971 1431 2052 expendatur,
1450 1972 1531 2032 obser·

251 2075 398 2136 vandum
414 2088 470 2151 est,
499 2088 637 2138 veterem
664 2062 915 2142 controuersiam
940 2079 979 2140 de
996 2081 1185 2161 recipienda,
1214 2081 1263 2142 vel
1289 2101 1353 2143 non
1380 2082 1534 2165 recipiendo

251 2185 484 2248 haereticorum
503 2186 694 2268 baptismate
715 2189 784 2270 jam
802 2181 899 2250 luisse
917 2201 1006 2250 teum
1028 2187 1159 2252 saeculo
1174 2189 1354 2254 delinitam.
1401 2191 1480 2256 Num
1495 2209 1533 2250 re·

251 2307 330 2358 root
347 2296 367 2356 ii
394 2293 562 2379 tarquuam
580 2311 652 2356 vere
677 2296 827 2377 baptizati
853 2297 1053 2376 haberentur,
1083 2301 1138 2380 qni
1155 2307 1173 2364 ἐι
1192 2320 1254 2362 non
1272 2301 1442 2383 baptizatis
1458 2301 1533 2382 bapti·

250 2405 313 2468 zati
331 2403 475 2484 fuissent,
501 2407 664 2488 perspicue
681 2405 825 2468 nondum
854 2403 956 2468 luerat
972 2407 1180 2490 declaratum,
1203 2425 1398 2492 argumento
1421 2409 1534 2472 carlonis

249 2517 300 2580 31.
318 2515 357 2577 de
372 2535 460 2577 cons.
477 2515 549 2577 dist.
566 2515 595 2577 4.
640 2508 881 2577 Recernionbns
895 2517 1044 2592 saeculis,
1062 2529 1155 2597 prout
1172 2535 1218 2576 res
1235 2515 1399 2594 incideret=
1417 2515 1534 2596 singula·

249 2627 336 2689 ribus
352 2625 546 2708 Pontificum
567 2623 785 2686 Maximorum
804 2625 961 2706 rescriptis
977 2625 1103 2687 deliniri
1119 2627 1336 2688 controversia
1358 2627 1468 2708 coepit,
1484 2625 1536 2686 lilrr.
1576 2643 1577 2690 r

249 2733 279 2797 ὅ.
296 2734 532 2816 Capitnlarinm
558 2709 759 2796 Francorum
775 2751 845 2810 cap.
873 2733 912 2808 6.,
939 2751 1010 2794 can.
1026 2731 1076 2794 24.
1105 2732 1146 2793 de
1160 2737 1248 2794 cons.
1265 2732 1339 2793 dist.
1368 2733 1408 2808 4.,
1424 2744 1452 2792 et
1468 2731 1493 2791 in
1507 2745 1535 2788 aa

249 2845 433 2908 delinienda
450 2843 546 2906 iidem
575 2841 747 2905 Pontifices
764 2843 811 2904 usi
839 2837 970 2904 luerunt
985 2841 1025 2903 de
1056 2861 1141 2903 more
1162 2832 1386 2904 monumentis
1413 2837 1538 2901 r'etenun

253 2953 391 3030 Patrnnt,
408 2971 482 3034 prae
508 2951 640 3014 caeteris
656 2933 840 3032 Augustini,
869 2961 898 3011 et
916 2947 1036 3027 Isidori,
1060 2947 1147 3030 apud
1163 2965 1246 3029 quos
1263 2961 1328 3010 non
1355 2967 1422 3012 nuo
1437 2963 1466 3008 nr
1483 2947 1536 3004 loco
1575 3025 1576 3028 Ἴ

249 3077 353 3120 senno
368 3079 407 3120 ea
422 3057 462 3121 de
489 3079 520 3120 re
538 3059 702 3121 institutus
718 3041 822 3119 luerat
848 3059 910 3121 sub
924 3059 1068 3139 quadam
1083 3056 1291 3136 dubitatione,
1318 3077 1424 3138 quam
1440 3053 1538 3116 deinde
1575 3067 1576 3072 ¹

248 3161 422 3227 Pontifices
449 3163 586 3229 Maximi
602 3165 843 3228 submoverunt.
889 3165 1002 3248 Itaque
1018 3143 1054 3228 in
1068 3167 1222 3248 principio
1245 3166 1332 3228 illius
1347 3169 1482 3228 canonis
1495 3179 1537 3222 cx·

247 3275 376 3339 hibetur
390 3274 489 3337 dubia
506 3293 598 3337 mens
613 3275 799 3356 Augustini,
815 3285 849 3352 et¹
862 3275 986 3356 Isidore
1013 3275 1046 3337 in
1063 3271 1128 3336 fine
1145 3277 1221 3334 vero
1233 3261 1419 3355 explicatur
1434 3285 1538 3354 genna·

247 3401 290 3449 ua
308 3383 473 3446 Ecclesiae
489 3381 656 3462 sententia,
681 3399 785 3464 quntn
801 3377 962 3462 definitur,
987 3398 1053 3446 non
1067 3401 1139 3444 esse
1152 3381 1368 3464 baptizandos
1385 3361 1459 3460 eos,
1472 3391 1539 3460 qnos

246 3494 404 3562 Sacerdos
420 3513 484 3559 non
508 3495 552 3558 ba
577 3491 944 3578 tizatns'baptizabisset,
970 3475 1109 3557 cieras.
1125 3493 1269 3557 decons.
1284 3493 1360 3556 dist.
1377 3501 1410 3558 A„
1453 3485 1537 3562 Quod
1574 3509 1575 3538 r

247 3603 274 3670 sl
289 3597 399 3688 aliqua
415 3591 614 3690 subjrci'end'a
629 3613 706 3668 sunt
720 3603 760 3667 de
775 3613 899 3682 canone
914 3603 964 3666 60.
988 3587 1076 3666 cena
1095 3605 1122 3666 1.
1138 3592 1263 3686 quaesi.¹
1280 3605 1318 3684 t.,
1342 3617 1440 3688 prout
1455 3605 1484 3666 lo
1499 3617 1539 3662 re

245 3715 365 3780 teribus
380 3702 533 3778 Gratiani
552 3713 717 3777 codicione
741 3707 915 3795 legebatur,
933 3713 1016 3777 'item
1032 3711 1266 3796 pront'legitlu
1280 3711 1371 3794 apud
1396 3707 1538 3774 Btrrelur·

245 3821 325 3886 dum
342 3821 410 3887 libr.
426 3821 456 3885 4.
481 3839 553 3906 cap.
567 3799 641 3900 rt,
653 3835 684 3885 et
699 3822 787 3905 apud
803 3823 938 3886 Inonem
954 3819 1272 3906 praeteream,
1301 3821 1487 3886 notandum
1500 3824 1537 3876 ert
1573 3893 1574 3914 ξ

245 3927 411 4012 imprimis
438 3927 520 3992 falso
534 3907 761 3995 burchardum
775 3933 929 4015 primurn,
941 3929 1060 3995 delndo
1075 3917 1210 3994 lr'eoern
1225 3927 1440 4013 admnpsiaee
1458 3939 1538 3991 cane

240 4017 592 4132 ‘nern'CompentlIelrsi
604 4035 758 4121 Concili03
775 4041 875 4105 immo
889 4051 921 4104 et
935 4039 1125 4106 auctoritate
1144 4039 1366 4127 ejneeanensrs
1375 4043 1450 4126 jam
1465 4029 1537 4120 apud

243 4161 368 4213 recens
390 4135 611 4215 dublandlun‘
625 4151 693 4233 ese
704 4149 798 4215 unde
813 4151 901 4236 apud
927 4149 1062 4216 Ironerri
1078 4151 1319 4236 resurgimus
1337 4151 1485 4236 ejusdem
1496 4159 1538 4210 ca·

243 4259 319 4344 pers
335 4259 367 4322 ur
392 4240 827 4328 artur-osr'osoneme
842 4257 1136 4346 mereremur
1156 4263 1411 4348 «Μώμῳ»
1431 4257 1536 4328 oras
1572 4273 1573 4296 ³

235 4351 594 4466 'Rngiinemr'ssiriia
607 4371 707 4435 ruera
721 4353 935 4452 dil-scribitur,
947 4357 1001 4437 dic
1014 4361 1197 4439 molier.
1240 4372 1327 4439 lline
1340 4363 1377 4436 it
1395 4371 1432 4436 in
1447 4367 1536 4454 prima

243 4469 431 4550 correano
447 4476 676 4567 cessarium,
691 4493 723 4549 a
736 4475 1109 4572 :peramoenum
1123 4469 1340 4576 ulmeae
1355 4471 1388 4552 r:
1402 4483 1445 4550 or
1459 4480 1536 4549 rm
