3276 4984
180 387 325 435 curnem
349 391 435 436 srsr
459 388 684 440 secessurum
707 394 797 440 arra
819 393 1111 466 oousptouopum
1136 393 1328 438 assuerus.
1383 371 1426 436 75

163 509 267 578 Quod
281 510 441 576 de'arrhis
455 513 580 578 dictum
605 525 662 596 est,
684 535 781 580 nemo
803 515 897 580 laeile
922 516 965 580 ad
978 516 1194 598 pecuniarias
1217 534 1338 598 poenas
1353 485 1450 578 cons

123 622 238 684 tractui
253 624 456 704 sponsalium
472 625 612 709 adjectas
627 628 788 710 extendet;
806 628 968 710 siquidem
989 647 1113 711 poenas
1122 630 1361 712 cujuscumque
1373 626 1429 690 ad·
1450 687 1454 708 ,

117 727 220 808 jecero,
233 747 319 808 quae
334 731 440 810 posita
453 732 494 794 sit
508 743 598 796 extra
614 735 823 798 amissionem
834 735 1012 813 arrharum,
1028 745 1085 798 artt
1099 746 1190 798 extra
1205 733 1352 816 duplum,
1368 753 1429 798 seu

15 829 17 838 ’
120 836 341 918 quadruplum
350 840 446 920 juxta
462 839 683 906 definitionem
698 844 802 906 dictae
826 843 906 925 legis
929 845 967 921 5,
992 843 1215 908 Romanorum
1225 845 1298 925 jure
1313 843 1429 923 impro-

121 946 197 1010 bata
219 946 292 1028 suit,
319 950 405 1012 dieta
432 951 451 1012 l.
478 955 507 1014 5.
534 953 568 1016 in
593 953 658 1016 line
682 973 764 1018 vers.
789 965 885 1019 estro
909 956 1126 1038 desistimus.
1170 955 1206 1018 Si
1230 955 1317 1018 enim
1339 953 1429 1036 apud

121 1058 290 1124 &manos
306 1072 429 1126 veteres
445 1082 485 1125 na
510 1065 715 1128 matrimonio
740 1065 873 1147 quidem
896 1076 1058 1128 contracto
1085 1065 1204 1148 pacisci
1228 1065 1348 1128 libebat
1373 1063 1428 1127 ad-

117 1170 200 1250 jecta
215 1189 331 1252 poena,
348 1191 389 1234 ne
404 1170 614 1238 diverteretur
628 1173 647 1235 l.
663 1174 693 1236 2.
709 1173 778 1238 cod.
795 1175 835 1238 de
850 1177 953 1238 inutil.
970 1175 1086 1257 stipul,
1112 1186 1149 1238 ut
1163 1176 1303 1254 libertas,
1318 1175 1428 1256 quoad

121 1279 187 1342 lieri
202 1283 323 1362 posset,
341 1281 460 1344 inesset
474 1283 686 1346 matrimoniis
702 1284 735 1346 in
759 1283 888 1346 casibus
912 1294 990 1346 tunc
1016 1285 1146 1368 publica
1169 1285 1239 1366 lego
1265 1285 1429 1366 permissis

121 1392 311 1471 divertendi,
328 1405 521 1475 argumento
536 1395 555 1456 l.
572 1395 601 1457 8.
617 1394 686 1457 cod.
703 1393 743 1456 de
758 1393 909 1476 repudiis,
935 1395 1055 1476 potiore
1085 1411 1164 1456 sane
1189 1395 1322 1456 ratione¹
1335 1393 1368 1456 id
1383 1413 1430 1456 re-

119 1497 320 1579 cipiendum,
336 1499 604 1583 retinendumque
626 1502 688 1564 fuit
702 1503 736 1565 in
760 1502 974 1584 sponsalibus,
1001 1513 1166 1584 propterea
1191 1489 1431 1583 quod'faailius

120 1607 299 1688 sponsalia,
324 1609 412 1690 quod
436 1611 640 1674 matrimonia
662 1611 924 1674 dissolverentur.
969 1611 1056 1674 Addi
1086 1613 1137 1674 bis
1163 1622 1267 1694 potest
1296 1612 1349 1674 lex
1379 1613 1429 1674 71.

123 1719 146 1782 l.
162 1719 189 1780 1.
205 1716 239 1780 ff.
257 1717 299 1780 de
324 1719 497 1783 condition.
522 1730 554 1781 et
577 1719 758 1800 demonstr,
785 1721 840 1784 lex
871 1721 928 1800 19,
962 1731 994 1782 et
1010 1719 1079 1782 134.
1105 1717 1138 1780 ff.
1165 1719 1205 1780 de
1230 1719 1317 1781 verb.
1332 1717 1428 1798 oblig.

123 1823 292 1904 Equidem
321 1826 549 1890 recentioribus
578 1827 718 1892 saeculis
746 1829 905 1890 contraria
941 1825 1143 1888 consuetudo
1173 1824 1311 1888 invaluit
1340 1823 1428 1906 apud

122 1933 274 2013 Graecos,
290 1953 392 2015 quam
407 1935 441 1997 in
457 1955 517 1998 sua
538 1936 675 2000 Novella
692 1937 740 2000 18.
767 1947 872 2000 ratam
894 1935 1011 2000 habuit
1033 1936 1212 2016 Imperator
1233 1934 1301 1996 Leo
1315 1951 1431 2016 cogno

121 2056 231 2108 mento
247 2045 475 2128 Philosophus.
519 2045 640 2108 Verum
665 2064 761 2108 nemo
775 2047 909 2127 ignorat,
925 2046 995 2126 ejus
1014 2043 1168 2126 Principis
1182 2043 1427 2106 constitutiones

122 2173 181 2218 nec
196 2156 368 2238 generales
391 2156 499 2237 luisse,
526 2168 655 2220 tantum
679 2159 763 2220 intra
786 2155 959 2220 Orientalis
986 2156 1116 2238 Imperii
1141 2155 1223 2220 fines
1245 2155 1432 2236 obtinuisse,

122 2264 256 2346 quando
271 2275 351 2328 tuno
366 2263 592 2328 occidentales
607 2265 795 2330 Provinciae
817 2264 889 2327 aliis
904 2263 1029 2346 legibus
1054 2263 1255 2344 regebantur,
1280 2279 1340 2324 nec
1355 2259 1432 2323 faoi·

122 2374 151 2438 le
165 2387 314 2456 receptas
330 2393 393 2438 usu
407 2373 508 2437 fuisse
522 2381 543 2439 a
557 2373 689 2438 saeculo
704 2373 897 2436 duodecimo
910 2383 943 2436 et
958 2371 1118 2456 deinceps,
1141 2391 1246 2454 quum
1266 2371 1348 2454 juris
1369 2370 1432 2434 Ro·

122 2485 210 2547 mani
225 2485 247 2548 J
250 2484 423 2548 ustinianei
438 2483 608 2566 disciplina
623 2501 681 2565 pro
693 2483 860 2546 communi
870 2483 941 2565 jure
955 2483 1067 2545 haberi
1090 2483 1202 2564 coepit,
1213 2483 1308 2565 juxta
1331 2499 1433 2562 quam

122 2611 196 2658 mum
212 2593 433 2676 respondisset
455 2591 606 2656 Pontifex
621 2592 789 2655 Maximus
805 2593 837 2654 in
854 2609 926 2674 cap.
952 2591 1003 2654 29.
1019 2591 1061 2654 de
1076 2591 1290 2674 sponsalibus,
1305 2589 1433 2654 dudita-

121 2700 288 2782 rinequit,
308 2698 435 2762 nullam
449 2717 521 2761 esse
534 2698 700 2762 mantuae
726 2697 882 2762 Novellae
899 2696 1088 2762 habendam
1115 2697 1279 2760 radonem.
1322 2696 1434 2777 Inqui-

121 2825 197 2876 runt
211 2811 310 2876 multi
335 2811 369 2873 in
384 2829 529 2889 causam,
545 2829 645 2892 quare
671 2810 815 2893 poenalis
838 2809 1003 2892 stipulatio
1018 2809 1125 2872 locum
1145 2809 1266 2872 habere
1279 2825 1346 2870 non
1362 2825 1434 2889 pos·

122 2925 169 3002 sit,
185 2923 305 2986 dume
328 2921 488 2984 contrario
502 2920 672 2984 arrharum
696 2919 896 3000 amissiones,
912 2929 943 2982 et
959 2919 1056 2998 luera,
1082 2919 1182 2982 immo
1207 2929 1240 2981 et
1254 2935 1358 3001 poena
1372 2917 1430 2980 du·

121 3036 173 3118 pli,
198 3033 255 3098 vel
269 3031 445 3115 quadrupli
470 3041 675 3114 acceptarum
698 3029 866 3092 arrhamm
890 3026 1114 3092 admittuntur.
1157 3025 1250 3105 Sunt,
1272 3024 1432 3107 quiputa·

119 3155 245 3224 verunt,
271 3142 345 3207 ideo
359 3141 472 3204 arrhas
497 3157 563 3203 non
577 3139 757 3222 improbari,
784 3138 862 3221 quia
884 3136 979 3200 datae
1004 3133 1212 3200 videaturad
1238 3150 1429 3215 sponsomm

119 3256 226 3340 potius
255 3251 517 3318 benevolentiam
545 3247 806 3328 conciliandum,
837 3246 1009 3328 improbari
1038 3263 1175 3328 poenas,
1202 3243 1280 3326 quia
1308 3259 1430 3326 poenae

119 3363 299 3448 quamdam
325 3359 673 3441 habentasperitatern.
719 3357 776 3422 Isti
792 3355 997 3439 meojudicio
1019 3355 1180 3420 nonsatis
1201 3353 1428 3436 distinxerunt,
1525 3367 1530 3380 '

119 3481 163 3541 uti
179 3475 380 3556 distinguere
394 3470 589 3547 debuissent,
605 3465 688 3530 iuter
701 3466 823 3546 arrbas,
839 3476 872 3528 et
885 3463 1092 3548 sponsalitias
1108 3463 1281 3545 largitates.
1325 3461 1428 3544 Spon-

118 3587 244 3651 salitiae
258 3583 392 3667 quidem
416 3579 580 3661 largitates
595 3593 788 3660 sponsorum
811 3574 986 3640 conciliant
1008 3571 1277 3638 benevolentiam:
1300 3589 1364 3634 non
1381 3580 1428 3634 ta·

116 3713 190 3758 men
213 3689 322 3766 video,
347 3685 510 3770 quomodo
533 3703 589 3769 per
617 3684 730 3748 arrhas
758 3701 950 3767 sponsorum
980 3681 1205 3746 benevolentia
1230 3681 1426 3758 concilietur,

116 3797 250 3882 quando
264 3796 347 3858 istae
361 3793 406 3857 ita
420 3791 650 3872 conceduntur,
677 3801 720 3872 ut,
737 3793 764 3856 si
780 3805 935 3874 sequatur
947 3791 1145 3874 conjugium,
1161 3791 1194 3854 in
1209 3809 1275 3872 quo
1290 3791 1426 3854 benevo-

116 3905 213 3969 lentia
227 3901 402 3986 perficitur,
427 3899 551 3963 restitui
564 3901 745 3964 necessario
766 3900 919 3982 'debeantr
936 3919 1041 3982 neque
1069 3900 1157 3962 enim
1173 3899 1229 3962 ubi
1243 3898 1364 3962 firmior
1377 3905 1426 3962 est

15 4061 16 4068 .
113 4011 348 4092 benevolentia,
363 4010 406 4074 ibi
421 4010 513 4074 locus
527 4009 693 4092 praecludi
707 4009 801 4074 debet
815 4008 1060 4074 benevolentiae
1074 3991 1283 4090 argumentis.
1327 4005 1425 4070 Dein·

113 4119 152 4184 dc
165 4115 461 4184 demonstrandum
486 4115 597 4180 adbuc
611 4126 703 4196 esset,
719 4117 817 4181 etiam
841 4117 886 4182 ad
902 4115 1161 4180 benevolentiam
1183 4111 1423 4178 conciliandam

15 4267 16 4322 i
115 4231 271 4314 pertinere
294 4226 523 4309 obligationem
539 4223 640 4309 dupli,
665 4225 717 4288 vel
743 4225 926 4308 quadrupli,
941 4245 1009 4308 qua
1034 4235 1160 4290 tenetur
1174 4223 1210 4303 is,
1236 4222 1293 4302 qui
1308 4219 1421 4284 arrhas

15 4329 16 4342 ¹
114 4339 245 4422 recapit
290 4336 357 4401 Alii
372 4336 532 4414 dixenmt,
547 4353 604 4418 per
618 4333 778 4417 adjectam
791 4334 1073 4404 conventionalem
1088 4351 1227 4416 monam
1241 4329 1347 4411 magis
1362 4328 1422 4392 im·

114 4443 211 4530 pediti
225 4443 427 4509 matrimonii
438 4442 627 4524 libertatem,
642 4459 744 4526 quam
757 4461 814 4527 por
828 4443 949 4524 ambas,
964 4445 1134 4528 quiscum
1148 4441 1262 4506 arrhae
1271 4439 1343 4524 jam
1358 4449 1422 4506 tra·
