3120 4980
274 418 318 464 ue
334 416 540 478 uroaanrs,
557 417 793 482 naumurum,
810 421 858 468 aa
873 421 1145 470 acurauarrcrs.
1311 404 1352 470 91

87 551 184 617 manat
198 537 374 604 indicerent
419 540 464 604 Ut
478 541 618 624 primum
634 541 743 608 dicam
757 542 798 608 da
823 545 944 626 poems,
960 564 1044 628 qnas
1066 565 1123 628 pro
1133 537 1358 630 jurisdictione

85 643 335 710 soaemlesiastici
361 647 529 715 hanstitas
555 648 751 729 indixerunt,
778 667 874 714 nemo
889 649 1035 716 dubitare
1056 662 1169 734 potest,
1192 655 1271 736 quin
1282 655 1355 738 jure

83 749 209 816 henotici
223 755 360 820 universi
376 756 745 823 anatliematmdamuad
760 757 886 836 luerint,
908 762 1002 844 cnjus
1018 762 1050 824 vi
1061 773 1156 826 extra
1171 761 1356 828 Ecclesiam

82 861 187 941 penitus
199 863 373 948 ejiciuntur,
389 883 455 936 noa
469 865 609 948 simplici
634 867 979 930 excommunicationis
994 885 1139 946 censura,
1155 885 1225 949 cap.
1243 867 1292 930 13.
1315 866 1356 930 de

82 968 231 1036 haereticis.
272 975 321 1039 Ra
335 977 423 1040 euim
439 996 514 1042 vera
540 978 683 1040 urrirersi
696 975 849 1040 haeretici
864 981 974 1040 statim
1001 997 1040 1040 ac
1055 977 1165 1060 palam
1179 992 1211 1042 et
1225 978 1356 1062 publice

81 1077 160 1142 lsrde
174 1095 373 1163 recesserunt,
389 1087 559 1150 vinculum
575 1079 780 1152 Christianae
795 1089 1033 1152 communionis
1047 1085 1134 1150 sacto
1148 1107 1208 1152 sao
1222 1087 1357 1152 rescide-

81 1199 146 1266 mnt,
159 1189 234 1254 adeo
257 1205 296 1256 nt
319 1195 478 1260 sententia
492 1213 664 1274 canonum,
691 1215 757 1279 qua
772 1197 948 1262 anathema
962 1197 1122 1277 indicitur,
1147 1198 1357 1262 declaratoria

79 1305 182 1362 tantum
198 1301 244 1381 sit,
259 1302 345 1368 side
354 1305 426 1386 jure
441 1319 545 1366 sermo
560 1303 754 1383 instituatur,
780 1315 811 1368 et
826 1309 853 1368 ei
868 1305 947 1386 quid
962 1303 1079 1390 adjicit,
1105 1314 1209 1370 totum
1223 1306 1257 1368 in
1273 1304 1359 1368 lacto

78 1409 209 1491 consalin
226 1411 380 1476 nimirum
393 1412 448 1476 vel
463 1413 639 1480 haereticos
654 1413 799 1478 excludit
813 1419 833 1477 a
848 1425 941 1476 cocto
957 1413 1133 1493 Ecclesiae,
1160 1413 1188 1476 si
1203 1412 1282 1476 forte
1297 1413 1359 1495 ipsi

75 1531 132 1576 sess
143 1517 290 1582 audacter
315 1520 349 1584 in
364 1530 493 1582 coetum
519 1520 694 1600 intrudant,
721 1521 772 1582 vel
788 1517 976 1583 Catholicos
985 1521 1085 1602 jubet,
1110 1531 1145 1582 ut
1160 1525 1183 1582 a
1196 1518 1358 1582 consortio

75 1623 286 1695 haereticorum
298 1631 489 1696 abstineant.
513 1631 587 1696 Due
603 1634 807 1715 potissimum
818 1631 951 1698 ‘vincula
962 1641 1048 1709 sum,
1063 1631 1236 1712 exquibus
1249 1629 1357 1692 Chris·

72 1735 147 1798 iana
160 1742 353 1820 communio,
380 1759 418 1804 ac
436 1739 571 1804 societas
597 1741 757 1820 coalescit,
780 1739 929 1806 videlicet
944 1740 1114 1804 vinculum
1134 1739 1310 1818 eharitatis,
1326 1749 1359 1802 et

76 1844 222 1914 vinculum
238 1849 327 1932 fldei3
354 1869 420 1932 quo
435 1861 569 1931 utroque
585 1849 716 1913 vinculo
738 1850 864 1932 quoties
884 1851 1023 1931 quisque
1049 1851 1211 1932 inligatur,
1236 1848 1278 1910 ad
1299 1845 1358 1910 Ec·

75 1956 185 2024 chriam
202 1961 432 2044 undecumque
449 1968 591 2045 pertinet,
605 1971 638 2024 et
653 1959 805 2026 debonis
825 1963 987 2026 societatis
1002 1961 1196 2026 christianae
1210 1961 1360 2044 operibus

70 2066 181 2128 omuino
195 2067 424 2151 participat-ad
440 2071 600 2150 meritum3
618 2082 650 2132 ct
664 2072 690 2132 si
705 2071 780 2152 quis
791 2069 952 2134 dissoluto
973 2069 1105 2134 vinculo
1119 2069 1286 2134 chanaatis
1301 2068 1357 2160 ad·
1455 2127 1465 2143 ,

70 2165 460 2244 hne'rennaacvinenlun
486 2177 571 2257 lidei,
597 2177 809 2242 nihilominus
825 2197 857 2242 ro
875 2179 1023 2242 Ecclesia
1038 2179 1148 2245 edhnc
1170 2191 1226 2259 cst,
1241 2197 1356 2262 quam·

69 2285 198 2360 quanin
225 2285 386 2366 Ecclesia,
409 2299 443 2350 et
457 2285 498 2350 de
523 2289 616 2352 bouis
642 2288 810 2352 Ecclesiae
837 2290 949 2350 mereri
973 2307 1039 2352 non
1062 2289 1171 2369 possit,
1186 2307 1357 2370 quormque

68 2405 120 2455 aon
134 2395 245 2464 iterum
274 2417 308 2462 se
324 2419 366 2464 eo*
377 2399 508 2464 vincalo
518 2402 645 2488 jungat,
670 2414 709 2462 ac
721 2400 842 2480 siquis
855 2411 979 2482 praetor
1003 2400 1171 2464 enatans
1189 2400 1357 2466 vinculum

66 2497 148 2568 ethra
161 2505 323 2572 dissolvet
338 2509 507 2572 vinculum
523 2507 608 2589 fidei,
623 2507 893 2591 distinguendum
906 2519 957 2570 est
970 2507 1052 2572 inter
1065 2525 1153 2584 earm,
1174 2508 1231 2588 qui
1246 2507 1356 2570 haerc-

65 2611 116 2677 tim
130 2616 299 2699 internam,
326 2619 396 2684 sive
411 2631 537 2686 tanturn
561 2639 595 2684 ur
608 2622 720 2686 animo
735 2617 830 2699 fovet,
855 2619 963 2684 adhuc
978 2619 1122 2682 exterius
1144 2618 1242 2682 fidem
1263 2618 1356 2702 proil-
1414 2601 1426 2624 “

66 2733 131 2806 tens,
146 2741 176 2793 et
190 2732 276 2796 inter
289 2745 375 2811 eum,
389 2733 446 2814 qni
460 2753 519 2796 nec
532 2743 702 2796 artemam
716 2743 803 2796 tenet
820 2731 895 2796 fidei
912 2731 1149 2815 professionem,
1165 2742 1197 2794 et
1212 2731 1354 2798 exterius

62 2834 275 2901 ecclesiasticis
300 2837 509 2922 dogmatibus
532 2839 730 2904 contradicit.
774 2839 935 2902 Haeretici
959 2857 1041 2902 sanc
1066 2839 1167 2902 animi
1197 2839 1356 2902 interioris

64 2946 293 3026 enuntiasse
318 2949 428 3012 adhuc
442 2948 584 3013 exterius
596 2947 695 3012 iidem
712 2947 905 3030 prolitentes,
928 2946 962 3010 io
978 2943 1131 3008 Ecclesia
1141 2953 1225 3022 aaut,
1243 2955 1354 3026 utpote

61 3058 135 3129 quaa
148 3065 269 3118 natura
285 3072 346 3118 sua
362 3053 497 3118 visibilis
510 3073 582 3116 essa
596 3054 719 3132 debeat,
746 3065 781 3117 et
791 3071 858 3118 non
874 3053 935 3116 nisi
951 3061 1086 3116 externa
1101 3049 1177 3114 fidei
1192 3049 1359 3134 professio-

61 3179 96 3227 ne
109 3166 317 3249 discernatur,
332 3186 535 3254 quamquam
550 3171 595 3234 illi
613 3171 714 3234 veluti
730 3170 877 3232 nrernbra
890 3177 1025 3248 mortua,
1040 3179 1073 3230 et
1087 3167 1144 3230 rix
1159 3185 1223 3230 non
1240 3166 1362 3230 rescisa

60 3277 215 3360 hcorpore
232 3279 423 3344 habeantur.
463 3281 570 3344 sectas
584 3281 761 3346 dicendum
782 3279 886 3352 eatde
899 3279 1069 3344 haereticis
1090 3277 1279 3358 manifestis,
1302 3279 1357 3361 qui

58 3397 155 3466 nequa
168 3388 315 3453 exterius
332 3387 430 3452 fidem
445 3389 642 3472 profitentur,
665 3409 805 3472 qnorum
818 3401 964 3472 respectu
980 3389 1110 3454 nrrllum
1130 3401 1274 3472 superest
1289 3390 1360 3454 riu·

58 3492 169 3576 ctdrrm,
185 3516 230 3561 ex
245 3515 312 3579 qno
327 3514 402 3562 eam
421 3497 569 3562 Ecclesia
585 3500 750 3563 uniantur.
793 3499 865 3563 Hoc
878 3519 978 3566 seusu
994 3501 1028 3564 in
1042 3519 1113 3564 can.
1129 3501 1180 3563 29.
1202 3519 1291 3564 carra.
1307 3500 1359 3564 nt.

60 3617 178 3681 quaest.
193 3605 226 3668 3.
243 3605 360 3670 dicitur
374 3607 556 3671 haereticus
570 3625 642 3670 esse
656 3615 679 3672 tt
693 3609 866 3694 semetipso
879 3609 1071 3672 damasum.
1114 3605 1202 3670 Hinc
1211 3608 1287 3692 jure
1306 3619 1362 3688 Qp-

60 3709 130 3774 timo
143 3715 336 3779 Alexander
362 3715 416 3781 IV.
432 3717 465 3781 iu
481 3735 551 3802 cap.
577 3717 606 3796 2,
622 3717 664 3780 de
678 3715 847 3782 haereticis
873 3719 906 3782 in
922 3719 951 3780 li.
970 3717 1156 3796 declaravit,
1183 3717 1361 3782 haereticos

57 3819 117 3882 aits
130 3821 265 3888 sanctes
279 3843 346 3888 non
371 3845 442 3889 esse
455 3825 694 3890 ecclesiasticae
719 3827 906 3910 sepulturae
921 3823 1104 3905 tradendos;
1131 3824 1261 3908 insuper
1282 3822 1361 3904 adji-

56 3929 147 4010 ciens,
162 3933 358 4018 sepelientes
370 3936 405 3998 in
421 3937 792 4000 excommunicationem
807 3937 970 4002 incurrere
986 3937 1055 4000 sirie
1070 3955 1126 4019 spe
1140 3933 1363 4012 absolutionis,

54 4059 222 4128 quousque
248 4047 383 4130 propriis
410 4047 561 4111 manibus
586 4065 651 4112 non
676 4047 891 4126 extumulent,
917 4057 1015 4129 atque
1040 4046 1203 4130 projiciant
1225 4061 1361 4126 corpora

54 4151 291 4236 damnatorum,
315 4157 475 4240 denegato
489 4157 522 4220 in
549 4169 740 4241 perpetuum
766 4157 836 4220 loco
850 4156 897 4220 rlli
907 4158 979 4240 jure
1001 4154 1150 4238 sepulcri.
1195 4153 1361 4234 Equidem

55 4269 135 4346 novi,
151 4269 188 4332 iu
206 4268 228 4334 l.
241 4271 272 4334 9.
288 4267 363 4333 cod.
376 4269 418 4332 de
433 4270 550 4334 haeret.
564 4271 630 4334 sub
643 4271 773 4334 nomine
789 4269 947 4334 Marciani
965 4265 1169 4350 Imperatoris
1188 4263 1361 4330 definitum

52 4363 194 4440 inveniri
219 4397 310 4442 anuo
323 4379 394 4444 tat.
439 4379 638 4444 ffltnmnrrm
653 4389 684 4443 et
705 4381 805 4465 piam
817 4379 876 4445 hoc
901 4379 1067 4458 arbitrati,
1091 4377 1269 4442 haereticos
1287 4395 1362 4460 par·

52 4487 225 4554 malimus
238 4490 376 4576 sepeliri
399 4489 564 4574 legitimis
574 4491 747 4575 septim,
770 4490 827 4554 cui
841 4487 906 4574 legi
921 4489 1065 4574 sabjecta
1085 4486 1148 4554 fnit
1168 4486 1306 4570 epitome
1319 4503 1363 4550 ox
