3210 4990
181 371 242 436 106
495 392 740 438 orssaaurrro
760 393 934 454 secunus,
957 393 1109 449 euener-
1131 374 1192 442 V.»

178 511 222 578 ad
237 511 472 580 Monosterium
483 513 591 600 'libere
615 523 735 600 pergat
779 515 872 579 Duas
888 513 1004 600 adjecit
1024 515 1223 586 conditiones
1249 512 1401 586 Pontifex
1415 513 1488 580 Mu·
1594 491 1595 520 ¹

178 622 298 686 ximus.
343 623 433 688 Prior
446 634 496 686 est
518 623 630 688 inillis
657 624 769 704 verbis,
784 626 817 688 si
841 625 986 708 elegerit,
1001 645 1086 707 quae
1108 645 1188 694 sano
1211 625 1347 710 adieetio
1371 642 1490 710 suppo·

179 731 236 811 uit,
252 731 477 798 Alexandrum
500 731 536 796 in
550 751 590 794 ea
604 743 719 812 mente,
745 742 803 796 aut
817 732 938 812 saliem
946 733 1129 817 suspicione
1154 731 1262 811 fuisse,
1278 749 1345 814 que
1359 739 1489 813 putaret

178 844 340 908 nonsatis
364 843 493 908 firmam
519 842 619 907 fuisse
645 863 763 926 sponso
779 843 981 910 voluntatem
1008 845 1174 928 religiosae
1199 841 1397 909 emittendae
1419 857 1492 923 pto·

179 951 338 1018 sessionis.
382 953 538 1016 Posterior
552 962 608 1034 est,
623 955 655 1017 si
679 962 791 1018 tomen
802 962 879 1037 post
898 955 1188 1040 desponsationem
1202 953 1321 1036 oopulo
1334 971 1401 1016 aton
1413 950 1493 1033 dig-

180 1067 327 1130 noscitur
342 1067 555 1130 iutoroonissa
570 1065 731 1144 earnalis,·
743 1074 774 1126 et
786 1063 919 1146 quidern
934 1075 1018 1128 recte
1033 1064 1168 1148 educta,
1179 1063 1301 1130 etenim
1315 1073 1396 1128 tuno
1409 1071 1492 1126 tem-

180 1173 275 1258 poris,
302 1193 367 1256 quo
392 1172 541 1236 nondum
556 1171 743 1236 Tridentini
768 1172 906 1238 Oouoilii
926 1173 1099 1258 disciplina
1123 1172 1296 1251 obtinebat,
1321 1179 1492 1252 receptum

181 1257 294 1360 fuerat,
311 1277 588 1362 quemadmodum
603 1279 751 1362 superins
767 1277 892 1358 tradidi,
917 1281 1084 1363 sponsalis
1097 1297 1153 1362 per
1172 1265 1424 1360 subsequentem
1437 1289 1492 1340 oo

180 1390 295 1476 pulam
308 1391 344 1454 in
368 1390 610 1456 matrimonium
625 1389 769 1470 transire3
796 1408 893 1454 nemo
914 1401 1025 1454 autam
1039 1389 1172 1472 ignorat,
1196 1397 1269 1472 post
1281 1403 1492 1455 consumma·

182 1506 252 1558 turn
269 1497 512 1562 matrimonium
527 1517 592 1561 non
608 1497 702 1562 licere
723 1499 853 1582 conjugi
867 1498 970 1562 invita
984 1500 1123 1582 conjuge
1138 1497 1373 1565 nonasterium
1387 1497 1493 1578 ingre·

182 1603 226 1684 di,
242 1615 339 1686 atque
355 1605 474 1670 ibidem
489 1605 674 1688 religiosam
689 1607 790 1668 vitam
817 1606 899 1670 inter
913 1605 1094 1670 Monaohos
1108 1604 1256 1688 profiteri,
1272 1624 1342 1688 oap.
1357 1605 1445 1676 inat
1459 1603 1491 1668 3.

181 1713 225 1780 de
238 1735 383 1782 eonvers.
409 1718 536 1802 conjug.
581 1717 732 1800 Denique
746 1717 888 1798 observo,
914 1717 997 1782 nihil
1021 1717 1156 1782 omuino
1170 1715 1295 1783 fraudis
1320 1715 1492 1784 admitten-

183 1819 265 1886 dum
288 1820 388 1886 fuisse
414 1824 455 1886 eb
469 1843 507 1886 oo
526 1842 646 1908 sponso
661 1825 694 1888 in
718 1825 869 1908 conjugio
889 1824 1110 1891 contrahendo
1135 1825 1345 1909 nomiminis
1369 1824 1491 1890 uxoria

185 1929 270 1992 Puto
284 1932 380 2010 enim,
396 1909 553 2016 sponsum
568 1932 662 1996 illurn
676 1952 742 1998 non
758 1935 900 2018 primurn
914 1933 957 1996 ad
971 1933 1198 2001 Alexandrum
1213 1932 1406 2001 Pontificem
1416 1951 1494 1999 oon·

183 2036 314 2122 fugisse,
331 2060 431 2124 quam
455 2041 657 2106 voluntatem
670 2061 765 2106 suom
792 2041 881 2126 apud
896 2059 1050 2124 sponsam
1064 2040 1274 2124 patefecisset
1298 2047 1399 2123 iqua
1415 2040 1496 2110 lilio·

182 2151 248 2218 rari
261 2151 355 2216 saoile
370 2153 535 2235 potuisset,
549 2154 579 2220 si
602 2154 826 2220 consensisset.
870 2153 944 2221 Non
960 2161 1081 2235 poterat
1104 2164 1214 2220 antam
1227 2153 1382 2236 conqueri
1395 2169 1494 2236 spon·

181 2283 231 2344 so,
245 2264 274 2326 si
289 2265 440 2346 propositi
462 2264 549 2330 illius
564 2266 694 2328 oonsoia
708 2265 852 2348 petiisset
875 2265 1023 2332 contrahi
1051 2265 1172 2330 intensa
1196 2265 1393 2350 eonjugium,
1420 2273 1495 2346 psat

181 2367 273 2454 quod
287 2389 425 2454 sponsus
449 2370 492 2434 ad
507 2371 741 2438 Monasterium
765 2381 1010 2444 morereretur.
1047 2372 1150 2442 *Hane
1175 2372 1309 2438 arbitror
1329 2387 1495 2454 germain

181 2500 256 2546 esse
271 2481 484 2549 Alexandrini
509 2483 651 2566 resoripti
672 2481 974 2566 interpretationem,
1000 2491 1111 2564 utpote
1124 2491 1157 2546 et
1171 2480 1323 2566 temporis
1346 2479 1444 2558 illius,
1460 2489 1496 2544 et

181 2589 263 2654 tacti
276 2591 428 2674 propositi
452 2591 613 2676 admontis
628 2589 771 2658 marimo
796 2601 1057 2670 consentaneam,
1073 2589 1161 2675 unde
1184 2587 1495 2673 saoileintslligitur,

182 2717 287 2784 quam
301 2700 474 2788 prudenter
488 2699 640 2769 Portitor
655 2697 742 2771 idem
755 2699 925 2770 Maximus
939 2699 1149 2784 interroganti
1161 2699 1365 2785 monument

683 2996 922 3070 QUAESTIO
945 2997 999 3062 tu

396 3273 452 3338 An
465 3273 600 3338 noluo
613 3273 742 3338 eliense
755 3216 1068 3358 spornoetonqrmm
1077 3269 1285 3334 odiumne
1300 3327 1306 3340 ,

744 3405 934 3473 comentur?

186 3655 432 3874 ALIENAE
453 3815 593 3884 sponsae
615 3799 748 3864 violatio
771 3799 821 3864 uti
843 3796 1008 3882 singulare
1032 3815 1152 3864 nomeu
1176 3795 1293 3879 injure
1313 3794 1497 3862 nonhabet

185 3921 210 3980 d
225 3921 342 3993 stupro,
358 3911 545 3976 adulterove
556 3911 757 3992 distinctum,
778 3911 826 3974 itu
838 3929 946 3994 unque
960 3909 1179 3992 singularibus
1205 3907 1317 3991 poenis
1331 3888 1497 3972 ooiioeror

186 4021 350 4088 distinctis
364 4023 407 4090 ab
422 4023 469 4100 iis,
491 4019 611 4103 quibus
633 4019 838 4102 adulterium,
856 4029 1049 4102 stuprumve
1074 4015 1256 4079 damnatur.
1297 4013 1387 4076 ilino
1401 4013 1495 4076 loeus
1584 4095 1592 4108 ι

187 4133 329 4216 aperitur
354 4129 572 4214 disputationi,
597 4147 640 4194 an
665 4127 772 4194 eidem
797 4126 946 4192 adulterii
969 4125 1079 4209 potius
1104 4139 1231 4199 non,
1257 4134 1362 4200 quarn
1388 4117 1496 4200 stupri

187 4241 296 4323 magis
319 4249 486 4324 congruat,
518 4241 747 4322 proptereaque
783 4235 932 4302 adoherii
967 4233 1082 4317 potius,
1118 4245 1220 4312 quarn
1256 4227 1358 4310 stupri
1389 4241 1497 4310 poene

186 4359 358 4414 oonroamr
372 4347 502 4412 indicte.
546 4348 655 4412 Primo
668 4348 784 4411 obtutu
808 4345 951 4428 positum
975 4359 1048 4404 esse
1071 4335 1200 4404 videtur
1222 4334 1386 4420 flagitirnn
1400 4331 1495 4418 iliud,

185 4461 285 4544 qmsi
311 4457 457 4524 medium
483 4458 567 4524 inter
594 4467 779 4542 utrumque;
808 4453 932 4527 manua
954 4450 986 4514 si
999 4449 1090 4516 didas
1117 4455 1272 4532 seriptum
1299 4445 1335 4510 ia
1353 4443 1494 4528 Λῑτίιςὶιιι,
