3210 4990
407 417 416 430 “
440 423 443 432 ’
475 463 479 474 ·
502 437 728 490 nn‘snousns
753 435 968 488 concur-raro.
1075 427 1082 466 ·'
1322 407 1394 493 109³

87 570 295 636 Damnabnnt
308 567 370 651 ipsi
384 583 489 632 mores
503 567 640 647 illorum,
654 566 712 649 qui
725 555 981 648 conjugii'ildem
992 564 1061 627 sine
1075 575 1176 629 causa
1187 565 1380 635 dirimerent.
1395 565 1402 577 '

87 684 153 746 licet
166 683 257 765 leges
270 681 421 764 publicae
435 680 470 741 in
485 679 672 741 dirimentes
686 688 751 741 nnn
776 673 1078 738 anirnadrerterent.
1123 675 1254 739 Damno
1275 688 1307 740 et
1322 673 1400 761 egc'

87 811 143 871 eos,
156 794 216 872 qni
232 789 332 854 fidem
357 787 557 872 sponsalium
580 786 651 850 sine
675 789 775 848 causa
786 773 977 860 disablvunt,
993 783 1067 847 licet
1082 784 1169 867 leges
1184 785 1332 867 publicae
1347 789 1382 853 in

86 899 293 964 dissolventes
316 917 381 962 non
396 895 666 962 animadvertent.
696 895 792 958 Forte
807 880 947 976 denique
962 894 1057 975 dices,
1074 915 1132 978 per
1155 897 1223 960 sola
1246 914 1384 982 sponsa·

86 1006 124 1069 lia
145 1005 295 1069 nondum
310 1003 430 1068 iactam
445 1023 514 1068 esse
524 1004 695 1086 corporum
704 1011 903 1086 potestatem,
919 1012 1115 1086 etsponsam
1125 1008 1218 1088 qnasi
1233 1025 1312 1072 snae
1327 1009 1385 1073 ad·

84 1113 142 1177 lrnc
157 1112 327 1197 potestatis
340 1113 375 1175 in
390 1131 425 1176 se
439 1112 634 1195 delinquere,
646 1127 714 1175 non
724 1112 758 1175 in
770 1129 934 1195 sponsum,
957 1113 1045 1177 unde
1059 1123 1092 1178 et
1104 1115 1301 1182 adulterium
1317 1117 1382 1184 dic-

85 1232 148 1282 tum
160 1217 262 1300 quasi
276 1218 319 1281 ad
334 1235 503 1302 personam
517 1218 649 1283 alterius
671 1219 899 1301 accessionem
926 1219 1027 1284 immo
1051 1233 1083 1285 et
1104 1241 1146 1287 ex
1161 1223 1274 1290 eadem
1290 1229 1381 1293 ratio

85 1345 120 1390 ne
133 1326 287 1390 adulterii
302 1343 368 1388 non
383 1325 530 1390 damnari
555 1345 716 1410 sponsam,
731 1327 760 1392 si
783 1329 929 1412 neglecto
944 1348 1062 1416 sponso
1072 1333 1166 1399 alteri
1181 1337 1291 1419 nnbat,
1308 1337 1382 1405 licet

84 1433 177 1496 fidem
194 1448 315 1515 sponso
329 1431 440 1494 datam
455 1432 553 1498 ariam
578 1419 649 1498 tuin
674 1434 782 1498 violet.
826 1437 1008 1520 Neminem,
1034 1455 1069 1505 nt
1084 1442 1224 1525 arbitror,
1241 1447 1383 1512 movebit

84 1549 344 1627 argumentum
360 1543 498 1606 nominis
521 1544 718 1608 derivatione
743 1547 889 1628 petitum,
916 1550 1035 1614 etenim
1059 1551 1201 1617 nominis
1226 1553 1383 1626 derivatio

83 1651 195 1715 deduci
220 1649 302 1714 sciet
326 1667 375 1712 ex⁴
391 1667 438 1728 eo,
461 1649 548 1731 quod
574 1649 764 1733 plerumque
788 1653 951 1736 contingit,
977 1673 1042 1718 non
1069 1677 1111 1722 ex
1132 1679 1178 1740 eo,
1193 1663 1280 1745 quod
1295 1667 1322 1730 si
1339 1667 1384 1732 lo-

82 1780 156 1825 cum
169 1777 237 1824 non
252 1759 379 1839 habeat,
395 1759 504 1822 statim
528 1759 592 1824 tale
616 1777 682 1823 nou
708 1759 874 1844 habeatur3
902 1763 948 1826 sic
975 1775 1012 1828 ut
1036 1770 1222 1852 exemplum
1246 1776 1382 1860 tradam,

82 1871 200 1936 lurtum
217 1879 250 1931 et
275 1867 494 1946 manifestum,
519 1879 550 1930 et
576 1885 642 1930 non
659 1866 867 1934 manifestum
882 1870 1029 1952 dicimus,
1046 1893 1256 1960 quamquam,
1269 1891 1305 1944 ut
1319 1885 1387 1968 aje-

80 1981 132 2044 bat
147 1977 276 2043 Paulus
290 1995 332 2038 ex
344 1975 504 2040 sententia
529 1975 690 2041 Labeonis
715 1975 750 2040 in
773 1976 792 2038 1.
819 1978 847 2040 1.
871 1977 902 2041 ff.
926 1978 969 2042 de
989 1977 1090 2060 furtis,
1105 1980 1229 2048 furtum
1243 1991 1264 2052 a
1278 1984 1381 2072 furvo,

80 2103 109 2154 ct
121 2092 217 2172 nigro
231 2085 366 2165 dicatur,
381 2084 469 2167 qnod
483 2085 577 2165 clam,
593 2096 625 2148 et
649 2086 785 2149 obscuro
801 2085 875 2164 liat,
901 2095 933 2148 et
955 2085 1146 2169 plerumque
1171 2101 1272 2154 nocte.
1315 2093 1386 2157 Ad·

80 2196 152 2260 dere
165 2211 308 2278 possem,
323 2192 421 2259 etiam
436 2209 588 2274 sponsam
602 2185 734 2274 quoquo
748 2193 843 2256 modo
866 2193 998 2258 alterins
1011 2194 1084 2275 dici,
1108 2198 1195 2279 qnod
1211 2199 1301 2264 altari
1311 2203 1381 2286 jam
1476 2253 1480 2266 .

81 2307 176 2372 iidem
191 2321 291 2368 suam
305 2295 527 2365 obstrinxerit
561 2301 680 2366 Fateor
693 2301 834 2384 quidem,
861 2301 895 2365 in
919 2303 1122 2386 sponsalibus
1148 2305 1294 2372 nondum
1316 2307 1382 2375 fac·

81 2433 144 2482 tam
158 2433 332 2500 corporum
346 2423 546 2496 potestatem.
589 2411 708 2478 Adhuc
732 2413 935 2496 probandum
960 2413 1027 2493 erit,
1043 2415 1128 2479 hanc
1137 2397 1263 2482 'tactam
1278 2433 1381 2504 potes·

81 2537 175 2590 tatem
200 2521 330 2603 requiri,
355 2531 391 2584 ut
413 2520 607 2584 adulterium
632 2519 766 2586 dicatur.
810 2521 1025 2605 Proposuerat
1040 2523 1169 2588 Praetor
1182 2523 1324 2594 edictum
1339 2531 1380 2595 de

80 2649 169 2694 servo
182 2630 295 2694 uliam
309 2639 464 2710 corrupto,
480 2627 500 2691 l.
516 2629 544 2692 1.
560 2626 591 2692 ffl
607 2626 649 2692 de
663 2647 756 2692 servo
770 2643 927 2713 corrupto;
943 2648 1085 2714 cumque
1099 2633 1173 2715 quis
1187 2639 1383 2717 corrupisset

79 2753 210 2800 servum
224 2733 483 2812 haereditarium,
498 2735 682 2818 quaesitum
693 2734 755 2800 fuit
769 2736 858 2819 apud
872 2723 1051 2820 Ulpianum
1074 2739 1108 2802 in
1123 2741 1143 2802 l.
1161 2741 1209 2805 13.
1226 2746 1247 2810 1.
1265 2743 1292 2806 1.
1308 2723 1379 2810 eod.

79 2843 130 2922 tit,
142 2861 191 2905 an
206 2860 249 2904 ea
263 2841 388 2904 actione
403 2841 679 2924 eneretur,qcaai
694 2859 824 2906 servum
839 2844 1120 2926 corrupisses-qui·
1135 2847 1283 2913 nondum
1296 2863 1381 2916 esset

78 2952 110 3014 in
124 2951 285 3014 haeredes
298 2947 488 3028 dominium,
513 2959 769 3032 potestatemque
791 2951 978 3033 translatum
995 2950 1037 3014 ‘id
1062 2951 1275 3018 nihilomiuus
1297 2957 1381 3021 affir-

77 3064 176 3126 marit
191 3059 446 3154 iureconsultus.
483 3060 539 3126 Ex
552 3079 618 3144 quo
631 3061 760 3145 colligo,
776 3079 872 3146 saepe
883 3063 980 3126 etiam
996 3063 1141 3130 alienum
1156 3065 1220 3130 dici
1235 3067 1277 3148 id,
1292 3069 1380 3152 quod

77 3174 146 3255 quia
160 3170 312 3255 proxime
326 3167 598 3253 futurumsperat,
614 3179 651 3234 ut
676 3172 892 3236 nanciscatur.
936 3171 1003 3236 Cur
1028 3189 1093 3234 non
1119 3172 1233 3238 eadem
1259 3178 1382 3239 ratione

76 3280 228 3346 adulterii
242 3277 448 3342 accusabitur
462 3295 582 3361 sponsa
596 3284 617 3344 a
632 3295 758 3362 sponso,
775 3280 832 3362 qui
841 3283 911 3365 jam
925 3291 1049 3346 certum
1061 3282 1125 3365 jus,
1151 3297 1210 3346 seu
1225 3294 1381 3366 magnam

76 3414 163 3478 spem
196 3394 385 3462 matrimoni
411 3395 452 3458 ob
480 3393 592 3458 datam
617 3395 818 3478 sponsalium
843 3396 942 3461 fidem
967 3396 1002 3461 in
1028 3413 1181 3480 sponsam
1206 3397 1380 3480 quaesivit}

76 3505 246 3571 Praeterea
261 3503 362 3568 fateor
376 3521 530 3586 sponsam
545 3503 637 3568 alteri
662 3505 886 3569 numeremur
902 3504 1098 3570 adulterium
1114 3505 1246 3570 minime
1261 3504 1381 3570 incide-

75 3631 114 3695 re,
130 3617 259 3680 liceteo
285 3614 355 3698 ipso
377 3611 488 3677 datam
513 3613 714 3698 sponsalium
737 3613 837 3678 fidem
861 3612 962 3677 fallat
1006 3614 1050 3677 At
1073 3613 1167 3697 longe
1189 3615 1318 3678 diversa
1331 3623 1381 3680 est

75 3728 154 3788 ratio
169 3723 372 3789 matrimonii
387 3740 465 3786 cnm
480 3721 588 3786 aliena
602 3741 722 3804 sponsa
735 3721 896 3803 contracti,
912 3735 944 3786 ct
969 3743 1107 3806 sponsae
1131 3735 1221 3787 extra
1243 3743 1379 3790 cansam

74 3831 274 3897 matrimonii
288 3831 436 3894 violatae.
481 3831 571 3896 Dum
585 3831 675 3895 alteri
690 3831 783 3896 nubit
797 3830 904 3894 aliena
929 3849 1056 3914 sponsa,
1083 3847 1148 3894 non
1174 3841 1242 3894 tam
1266 3831 1379 3894 datam

75 3941 173 4006 fidem
189 3941 303 4021 violat,
319 3959 418 4022 qnam
433 3939 591 4019 rescindit,
614 3949 646 4004 et
671 3959 791 4004 noram
816 3937 913 4004 fidem
940 3939 1042 4023 priore
1067 3936 1240 4002 firmiorem
1265 3939 1381 4002 marito

73 4061 223 4134 praestat,
239 4068 307 4133 qno
322 4047 367 4128 iit,
379 4059 416 4112 nt
430 4048 507 4112 data
521 4047 722 4132 sponsalium
748 4047 829 4112 fides
855 4049 924 4132 ipso
943 4049 1016 4132 jure
1038 4047 1225 4136 resolvatur·;
1252 4065 1329 4112 cum
1343 4045 1379 4110 in

72 4183 148 4230 eum
162 4181 283 4228 casum
299 4161 459 4241 deveniat,
486 4181 552 4244 quo
578 4161 766 4225 susbsistere
780 4161 921 4244 amplius
936 4171 1085 4243 nequeat.
1129 4161 1173 4224 At
1193 4179 1268 4224 cum
1284 4173 1377 4241 spon·

74 4297 110 4340 sa
123 4279 234 4344 aliena
250 4289 343 4340 extra
358 4292 493 4338 causam
508 4273 704 4338 matrimonii
719 4273 939 4355 corrumpitur,
955 4273 1078 4357 integra
1102 4271 1211 4336 adbuc
1225 4281 1378 4334 manente

1 4449 2 4454 ,
75 4385 138 4450 lide
151 4383 368 4472 sponsalium,
384 4389 417 4448 in
433 4383 537 4467 ipsam
561 4383 670 4446 adhuc
694 4382 923 4446 consistentem
946 4381 1045 4446 fidem
1068 4381 1273 4463 delinquitur,
1288 4377 1377 4460 qnod

1 4487 2 4558 l
77 4500 198 4584 proprie
212 4495 415 4568 adulterium
427 4505 486 4560 est
530 4493 729 4580 Exemplum
744 4491 809 4560 iere
824 4493 928 4560 simile
952 4493 1082 4580 proferri
1096 4501 1199 4579 potest
1212 4491 1247 4555 in
1262 4490 1377 4576 eqqui
