3276 4984
121 415 156 462 us
170 413 317 460 ruuonm
333 414 563 460 uanstrronrr
581 413 807 460 scammuse
825 413 866 460 rrt
881 413 1101 478 aestumare,
1116 417 1249 481 nusum,
1265 401 1332 467 duc.
1354 399 1397 467 29

119 539 271 622 paratione,
285 557 420 602 causam
439 535 597 622 adjutorii,
612 535 681 600 sive
705 535 894 600 individuae
909 539 1003 618 vitae,
1032 559 1153 604 causae
1182 543 1300 606 sobolis
1328 564 1399 630 pro·

117 647 254 710 creandae
262 645 356 710 facile
370 645 594 730 praeferemus,
610 645 694 708 utin
716 645 773 709 iila
787 647 901 729 potius,
926 667 1026 730 quam
1051 651 1084 714 in
1100 651 1160 716 ista
1175 657 1399 750 substantiam,

118 751 235 817 humaui
248 753 389 837 conjugii
403 753 607 832 collocemus,
634 751 722 817 unde
736 751 916 818 deducatur
930 757 1018 837 qnod
1047 761 1089 822 ab
1117 761 1208 828 initio
1236 773 1398 860 constitui,

119 879 169 925 non
195 863 299 926 solnm
328 882 403 926 vere
428 863 671 926 matrimonium
700 863 773 942 dici,
800 862 886 946 quod
914 867 1055 931 necdum
1070 889 1336 946 consummatum
1351 887 1395 949 ait

118 991 211 1036 rerum
225 973 323 1036 etiarn
339 969 430 1050 iilud,
446 971 479 1034 in
493 989 558 1053 quo
584 971 737 1056 conjuges
765 971 915 1038 concordi
945 974 1112 1038 voluntate
1127 977 1167 1042 dc
1181 983 1399 1055 continentiae

118 1076 183 1140 bone
196 1078 354 1142 servando
368 1079 581 1142 consentiant.

148 1187 248 1250 Posito
262 1207 313 1252 res
338 1197 423 1252 esset
449 1197 540 1251 extra
568 1191 699 1251 omnem
724 1187 958 1270 difficultatem,
987 1191 1050 1256 nisi
1066 1193 1174 1260 adhue
1189 1175 1399 1284 objicerentur

117 1293 396 1376 doomonnmenta,
412 1296 549 1361 alterum
563 1295 755 1379 Augustino,
785 1297 922 1364 alterum
948 1301 1033 1366 leoni
1063 1303 1185 1388 Magno
1199 1310 1398 1398 adscriptum

117 1405 215 1468 nean.
233 1407 282 1469 lfa
298 1415 331 1468 et
347 1407 395 1468 17.
411 1424 490 1468 caus
519 1403 570 1468 27.
586 1415 713 1487 quaest.
726 1405 755 1468 2.
772 1425 857 1486 quae
883 1425 962 1470 sane
977 1420 1099 1472 ueteres
1128 1413 1318 1498 interpretes
1332 1441 1399 1489 non

117 1527 211 1591 patum
226 1513 445 1590 turbaverunt,
463 1511 581 1574 Verum
596 1509 683 1592 quod
699 1523 821 1593 spectat
849 1531 1009 1577 canonem
1036 1517 1093 1594 16,
1104 1519 1233 1601 jamdiu
1258 1523 1399 1595 Romani

117 1623 297 1686 Conectores
312 1623 421 1706 paiam
449 1621 593 1684 fecerunt
621 1619 773 1686 eumdem
802 1642 968 1706 perperam
989 1639 1039 1689 'ex
1065 1627 1249 1711 Augustino
1263 1635 1399 1726 laudari,

117 1729 226 1810 quando
241 1731 327 1794 inter
340 1729 452 1794 Sancti
466 1727 684 1811 Hipponensis
701 1729 858 1793 Antistitis
872 1749 970 1814 opera
984 1733 1118 1799 minime
1132 1741 1292 1822 reperitur.
1334 1751 1398 1818 Ad.

116 1837 149 1900 do
159 1859 218 1924 ego,
234 1839 327 1922 apud
342 1839 564 1920 Augustinum
579 1843 597 1900 e
626 1839 784 1902 contrario
798 1839 956 1923 ejusmodi
986 1839 1049 1924 legi
1064 1847 1248 1928 sententias,
1264 1869 1349 1932 quae
1364 1858 1398 1922 in

115 1948 273 2028 oppositam
306 1957 429 2028 partem
457 1963 517 2008 nos
545 1944 705 2009 adducere
734 1948 916 2010 necessario
953 1947 1092 2014 debeant
1120 1957 1399 2034 quemadmodum

116 2058 260 2139 perspicue
276 2057 380 2137 liquet
393 2073 435 2118 ex
450 2073 522 2118 can.
538 2057 578 2136 9,
593 2067 625 2118 et
641 2056 689 2118 10.
705 2055 820 2119 eadem
835 2075 944 2136 causa,
960 2065 992 2119 et
1006 2061 1204 2140 quaestione.
1247 2067 1399 2155 Amplius

116 2167 251 2246 progressi
267 2175 348 2228 sunt
377 2165 515 2228 Romani
544 2165 750 2242 Correctores,
778 2167 960 2246 scribentes,
987 2167 1158 2234 laudatum
1173 2192 1331 2243 canonem
1349 2183 1398 2248 16,

114 2278 201 2341 rideri
213 2297 386 2342 mrmmam
407 2277 574 2360 sequentis
601 2276 732 2360 capitis,
762 2276 916 2339 nimirum
932 2277 981 2340 17.
1025 2277 1105 2360 Ego,
1136 2283 1232 2346 venia
1260 2285 1399 2358 dixerim

115 2385 235 2450 virorum
250 2385 527 2470 gravissimorum,
541 2384 618 2448 hinc
634 2396 728 2448 notae
738 2385 936 2448 subscribere
946 2403 1081 2470 nequem
1095 2407 1297 2484 quamquam
1310 2400 1399 2466 euim

115 2498 247 2576 noverim,
263 2497 462 2578 contingisse
488 2495 664 2576 aliquando
680 2493 713 2556 in
729 2493 874 2557 Gratiani
890 2493 1009 2576 codice,
1025 2507 1062 2560 ut
1075 2496 1219 2582 adjectae
1232 2521 1398 2576 canonum

114 2599 290 2665 Summulae
308 2621 363 2685 pro
391 2602 572 2665 canonibus
601 2601 804 2679 haberentur,
835 2601 918 2666 sicut
937 2601 1018 2666 inter
1045 2617 1187 2670 caeteros
1216 2610 1399 2696 adparetin

114 2723 170 2772 mn.
184 2712 220 2788 7.,
235 2731 267 2782 et
282 2710 314 2772 8.
329 2708 444 2771 eadem
458 2727 547 2770 caus.
570 2717 602 2769 et
616 2719 748 2788 quaest,
766 2721 873 2772 tumen
889 2709 922 2772 in
937 2709 1001 2772 hae
1015 2722 1104 2794 parte
1120 2713 1154 2776 id
1169 2734 1233 2780 non
1248 2703 1399 2804 contigis-

114 2835 141 2878 se
152 2817 384 2882 demonstratur
397 2817 450 2880 vel
465 2835 567 2896 exeo,
583 2817 671 2897 quod
694 2816 808 2880 eedem
839 2816 909 2899 ipsa
924 2819 1021 2882 verba
1035 2839 1164 2886 rursum
1179 2825 1241 2890 sub
1267 2829 1399 2912 Augus.

115 2924 160 2989 tini
171 2929 304 2992 nomine
318 2925 405 3009 apud
422 2925 614 2988 Gratianum
644 2924 794 3007 legantur
821 2933 894 3008 post
905 2943 1064 2990 canonem
1093 2927 1143 2992 39.
1159 2929 1275 2998 eadem
1289 2953 1399 3020 carisa,

115 3051 139 3099 et
149 3051 275 3121 quaest,
293 3037 345 3099 vei
360 3057 401 3100 ex
416 3056 462 3118 eo,
477 3035 565 3120 quod
580 3035 643 3098 snb
667 3033 843 3118 Augustini
872 3033 971 3098 etiam
1000 3035 1131 3101 nomine
1147 3037 1295 3124 legantur
1310 3045 1399 3130 apud

116 3149 227 3216 Petrum
256 3148 481 3216 Lombardum
507 3147 662 3212 Gratiano
690 3147 849 3210 'coaevum
864 3145 1056 3230 Scriptorcm
1072 3145 1107 3211 in
1122 3147 1190 3213 libr.
1219 3151 1249 3216 4.
1264 3155 1399 3222 Senten-

115 3261 214 3326 tuum
228 3261 304 3324 dist
319 3259 370 3322 26.
414 3257 528 3340 Neque
544 3275 618 3320 vero
635 3275 685 3318 me
700 3255 877 3338 quisquam
893 3255 1072 3338 interroget,
1088 3257 1222 3322 cuinam
1237 3281 1342 3329 canon
1358 3265 1401 3332 sit

115 3366 346 3434 adscribendus
389 3367 557 3451 Siquidem
572 3365 766 3450 investigent
780 3363 951 3450 fragmenti
967 3366 1054 3430 iliius
1069 3379 1242 3452 auctorem,
1253 3375 1310 3456 qui
1324 3377 1400 3460 plus

115 3479 159 3542 otii
170 3479 300 3544 habent·
316 3477 396 3542 mihi
410 3475 531 3540 suffieit
544 3471 774 3554 observavisse,
792 3472 872 3536 iliud
888 3491 954 3536 non
975 3493 1046 3538 esse
1060 3475 1246 3558 Augustini,
1262 3479 1314 3544 oui
1330 3501 1402 3548 cae·

117 3590 243 3672 teroquin
259 3587 461 3668 adscribitur3
487 3595 714 3670 proptereaque
728 3581 811 3646 nihil
840 3580 997 3645 incessere
1010 3583 1139 3665 negotii,
1155 3603 1325 3672 quousque
1340 3607 1401 3654 nec

118 3700 194 3780 ueris,
221 3721 284 3766 nec
313 3697 404 3762 haud
433 3697 528 3782 longe
567 3693 731 3774 inferioris,
762 3711 822 3756 nec
851 3691 931 3756 forte
959 3693 1087 3778 majoris
1116 3697 1310 3780 cujusquam
1339 3701 1401 3766 viri

118 3805 307 3872 ecclesiastici
323 3805 452 3870 nomine
468 3823 541 3868 vere
569 3803 762 3888 insignitum
777 3799 963 3884 proferatur.
1006 3799 1059 3868 Ad
1089 3820 1250 3872 canonem
1280 3809 1330 3874 17.
1346 3809 1401 3874 ite-

121 3927 175 3976 mn
188 3914 328 3981 Romani
359 3914 558 3978 correctores
582 3909 889 3976 animadverterunt.
919 3909 1067 3974 vitiatam
1094 3909 1230 3976 suissed
1255 3912 1401 3978 collecto·

120 4019 189 4088 tibus
201 4027 400 4110 scripturam,
417 4022 600 4106 praesertim
616 4019 672 4112 ubi
688 4037 744 4114 pro
757 4019 865 4082 verbis
894 4017 959 4082 iilis
988 4019 1156 4102 postremis
1170 4023 1326 4106 nuptiale
1339 4023 1401 4088 nri·

119 4135 287 4218 aureum,
301 4134 509 4201 scribendum
523 4143 591 4198 erat
605 4153 647 4198 ex
661 4132 786 4216 integra
800 4129 920 4194 Leonis
934 4129 1069 4214 epistola
1079 4131 1120 4194 ad
1132 4131 1306 4196 Rusticum
1321 4133 1401 4197 Nar-

121 4241 277 4310 bonensem
288 4245 442 4334 nuptiate
456 4243 661 4328 mysterium
705 4239 961 4321 Interroguverat
983 4237 1126 4332 Leonem
1140 4239 1304 4317 Rusticus,
1321 4257 1401 4306 num

31 4335 33 4406 ἲ
122 4352 248 4420 valerem
261 4357 393 4440 mrptiae
407 4369 483 4416 cum
498 4347 642 4434 quadam
657 4348 780 4432 virgine
806 4357 987 4412 contractae
1002 4347 1044 4412 ab
1058 4365 1104 4426 co,
1131 4348 1187 4428 qui
1201 4347 1403 4414 concubinae

118 4455 289 4544 iruprtoem
302 4461 407 4525 suerat
414 4459 559 4544 junctus
581 4455 759 4542 Respondit
773 4456 915 4522 Sanctus
928 4455 1085 4540 Pontiiex,
1099 4455 1178 4520 nihil
1193 4455 1305 4520 obesse
1320 4475 1403 4546 nup-
