<?xml version="1.0" encoding="UTF-8"?>
<!DOCTYPE html PUBLIC "-//W3C//DTD XHTML 1.0 Transitional//EN"
    "http://www.w3.org/TR/xhtml1/DTD/xhtml1-transitional.dtd">
<html xmlns="http://www.w3.org/1999/xhtml" xml:lang="en" lang="en">
 <head>
  <title>
</title>
<meta http-equiv="Content-Type" content="text/html;charset=utf-8" />
  <meta name='ocr-system' content='tesseract 3.04.00' />
  <meta name='ocr-capabilities' content='ocr_page ocr_carea ocr_par ocr_line ocrx_word'/>
</head>
<body>
  <div class='ocr_page' id='page_1' title='image "./carolisebastian00beragoog_0461.png"; bbox 0 0 3120 4980; ppageno 0'>
   <div class='ocr_carea' id='block_1_1' title="bbox 201 363 1375 468">
    <p class='ocr_par' dir='ltr' id='par_1_1' title="bbox 201 363 1375 468">
     <span class='ocr_line' id='line_1_1' title="bbox 201 363 1375 468; baseline 0.02 -35"><span class='ocrx_word' id='word_1_1' title='bbox 201 367 246 447; x_wconf 65' lang='lat'>,82</span> <span class='ocrx_word' id='word_1_2' title='bbox 449 389 539 441; x_wconf 72' lang='lat' dir='ltr'>etas</span> <span class='ocrx_word' id='word_1_3' title='bbox 556 395 682 460; x_wconf 79' lang='lat' dir='ltr'>serua,</span> <span class='ocrx_word' id='word_1_4' title='bbox 697 396 942 450; x_wconf 79' lang='lat' dir='ltr'>ntseaarsrto</span> <span class='ocrx_word' id='word_1_5' title='bbox 957 403 1128 468; x_wconf 77' lang='lat' dir='ltr'>secunus,</span> <span class='ocrx_word' id='word_1_6' title='bbox 1144 407 1221 456; x_wconf 79' lang='lat' dir='ltr'>crs.</span> <span class='ocrx_word' id='word_1_7' title='bbox 1237 363 1273 454; x_wconf 44' lang='grc' dir='ltr'>Ι(</span> <span class='ocrx_word' id='word_1_8' title='bbox 1300 363 1302 374; x_wconf 41' lang='lat'>¹</span> <span class='ocrx_word' id='word_1_9' title='bbox 1372 399 1375 404; x_wconf 84' lang='lat'>&#39;</span> 
     </span>
    </p>
   </div>
   <div class='ocr_carea' id='block_1_2' title="bbox 201 494 1492 712">
    <p class='ocr_par' dir='ltr' id='par_1_2' title="bbox 201 494 1554 722">
     <span class='ocr_line' id='line_1_2' title="bbox 202 494 1491 610; baseline 0.016 -35"><span class='ocrx_word' id='word_1_10' title='bbox 202 522 411 594; x_wconf 85' lang='lat' dir='ltr'>essepetrem</span> <span class='ocrx_word' id='word_1_11' title='bbox 426 533 533 596; x_wconf 86' lang='lat' dir='ltr'>strum,</span> <span class='ocrx_word' id='word_1_12' title='bbox 549 494 741 599; x_wconf 76' lang='lat' dir='ltr'>simenem,</span> <span class='ocrx_word' id='word_1_13' title='bbox 757 521 814 602; x_wconf 90' lang='lat' dir='ltr'>qul</span> <span class='ocrx_word' id='word_1_14' title='bbox 829 523 965 590; x_wconf 88' lang='lat' dir='ltr'>verbum</span> <span class='ocrx_word' id='word_1_15' title='bbox 982 525 1042 590; x_wconf 90' lang='lat' dir='ltr'>Dei</span> <span class='ocrx_word' id='word_1_16' title='bbox 1056 527 1247 594; x_wconf 79' lang='lat' dir='ltr'><strong>audivisset.</strong></span> <span class='ocrx_word' id='word_1_17' title='bbox 1291 529 1429 596; x_wconf 77' lang='lat' dir='ltr'>Additur</span> <span class='ocrx_word' id='word_1_18' title='bbox 1441 529 1491 610; x_wconf 75' lang='lat' dir='ltr'>tls,</span> 
     </span>
     <span class='ocr_line' id='line_1_3' title="bbox 201 620 1492 712; baseline 0.013 -28"><span class='ocrx_word' id='word_1_19' title='bbox 201 620 300 686; x_wconf 88' lang='lat' dir='ltr'>etiam</span> <span class='ocrx_word' id='word_1_20' title='bbox 315 632 507 704; x_wconf 87' lang='lat' dir='ltr'>potestatem</span> <span class='ocrx_word' id='word_1_21' title='bbox 521 625 703 692; x_wconf 76' lang='lat' dir='ltr'>maritalem</span> <span class='ocrx_word' id='word_1_22' title='bbox 718 631 822 693; x_wconf 88' lang='lat' dir='ltr'>amitti</span> <span class='ocrx_word' id='word_1_23' title='bbox 838 631 872 694; x_wconf 92' lang='lat' dir='ltr'>in</span> <span class='ocrx_word' id='word_1_24' title='bbox 885 651 1020 698; x_wconf 70' lang='lat' dir='ltr'>uxorem</span> <span class='ocrx_word' id='word_1_25' title='bbox 1035 635 1077 697; x_wconf 89' lang='lat' dir='ltr'>ab</span> <span class='ocrx_word' id='word_1_26' title='bbox 1091 634 1224 712; x_wconf 88' lang='lat' dir='ltr'>Judaeo,</span> <span class='ocrx_word' id='word_1_27' title='bbox 1240 635 1266 698; x_wconf 83' lang='lat' dir='ltr'>si</span> <span class='ocrx_word' id='word_1_28' title='bbox 1283 635 1409 698; x_wconf 88' lang='lat' dir='ltr'>Judaea</span> <span class='ocrx_word' id='word_1_29' title='bbox 1423 655 1492 700; x_wconf 78' lang='lat' dir='ltr'>uror</span> 
     </span>
    </p>
   </div>
   <div class='ocr_carea' id='block_1_3' title="bbox 201 731 1554 821">
    <p class='ocr_par' dir='ltr' id='par_1_3' title="bbox 201 731 1554 821">
     <span class='ocr_line' id='line_1_4' title="bbox 201 731 1554 821; baseline 0.011 -23"><span class='ocrx_word' id='word_1_30' title='bbox 201 735 381 818; x_wconf 79' lang='lat' dir='ltr'>baptizetur</span> <span class='ocrx_word' id='word_1_31' title='bbox 389 739 487 821; x_wconf 81' lang='lat' dir='ltr'>juxta</span> <span class='ocrx_word' id='word_1_32' title='bbox 501 739 719 821; x_wconf 84' lang='lat' dir='ltr'>Apostolicam</span> <span class='ocrx_word' id='word_1_33' title='bbox 737 741 950 808; x_wconf 75' lang='lat' dir='ltr'>traditionem</span> <span class='ocrx_word' id='word_1_34' title='bbox 987 745 1054 810; x_wconf 82' lang='lat' dir='ltr'>Gur</span> <span class='ocrx_word' id='word_1_35' title='bbox 1068 765 1134 808; x_wconf 91' lang='lat' dir='ltr'>non</span> <span class='ocrx_word' id='word_1_36' title='bbox 1147 745 1263 810; x_wconf 90' lang='lat' dir='ltr'>eadem</span> <span class='ocrx_word' id='word_1_37' title='bbox 1277 749 1492 812; x_wconf 87' lang='lat' dir='ltr'>rationeamit·</span> <span class='ocrx_word' id='word_1_38' title='bbox 1553 731 1554 766; x_wconf 60' lang='lat'>³</span> 
     </span>
    </p>
   </div>
   <div class='ocr_carea' id='block_1_4' title="bbox 185 847 1495 1691">
    <p class='ocr_par' dir='ltr' id='par_1_4' title="bbox 185 847 1495 1691">
     <span class='ocr_line' id='line_1_5' title="bbox 186 847 1491 932; baseline 0.01 -24"><span class='ocrx_word' id='word_1_39' title='bbox 186 857 286 930; x_wconf 85' lang='lat' dir='ltr'>¹tetur</span> <span class='ocrx_word' id='word_1_40' title='bbox 301 847 450 928; x_wconf 71' lang='lat' dir='ltr'>paterna?</span> <span class='ocrx_word' id='word_1_41' title='bbox 493 847 543 914; x_wconf 90' lang='lat' dir='ltr'>Ne</span> <span class='ocrx_word' id='word_1_42' title='bbox 558 849 658 929; x_wconf 84' lang='lat' dir='ltr'>dicas,</span> <span class='ocrx_word' id='word_1_43' title='bbox 684 869 726 913; x_wconf 85' lang='lat' dir='ltr'>ex</span> <span class='ocrx_word' id='word_1_44' title='bbox 741 851 927 932; x_wconf 86' lang='lat' dir='ltr'>Apostolica</span> <span class='ocrx_word' id='word_1_45' title='bbox 942 853 1096 932; x_wconf 84' lang='lat' dir='ltr'>doctrina,</span> <span class='ocrx_word' id='word_1_46' title='bbox 1123 855 1320 920; x_wconf 84' lang='lat' dir='ltr'>matrimonii</span> <span class='ocrx_word' id='word_1_47' title='bbox 1335 857 1491 920; x_wconf 88' lang='lat' dir='ltr'>vinculum</span> 
     </span>
     <span class='ocr_line' id='line_1_6' title="bbox 185 953 1492 1038; baseline 0.008 -23"><span class='ocrx_word' id='word_1_48' title='bbox 185 953 313 1038; x_wconf 75' lang='lat' dir='ltr'>¹adhuc</span> <span class='ocrx_word' id='word_1_49' title='bbox 338 957 523 1037; x_wconf 79' lang='lat' dir='ltr'>consistere,</span> <span class='ocrx_word' id='word_1_50' title='bbox 547 959 576 1020; x_wconf 88' lang='lat' dir='ltr'>si</span> <span class='ocrx_word' id='word_1_51' title='bbox 602 960 736 1024; x_wconf 88' lang='lat' dir='ltr'>maritus</span> <span class='ocrx_word' id='word_1_52' title='bbox 762 959 909 1024; x_wconf 87' lang='lat' dir='ltr'>Judaeus</span> <span class='ocrx_word' id='word_1_53' title='bbox 936 959 1012 1024; x_wconf 91' lang='lat' dir='ltr'>velit</span> <span class='ocrx_word' id='word_1_54' title='bbox 1037 963 1107 1026; x_wconf 88' lang='lat' dir='ltr'>sine</span> <span class='ocrx_word' id='word_1_55' title='bbox 1123 963 1284 1026; x_wconf 85' lang='lat' dir='ltr'>Creatoris</span> <span class='ocrx_word' id='word_1_56' title='bbox 1308 965 1492 1028; x_wconf 87' lang='lat' dir='ltr'>contumelia</span> 
     </span>
     <span class='ocr_line' id='line_1_7' title="bbox 185 1065 1491 1151; baseline 0.006 -29"><span class='ocrx_word' id='word_1_57' title='bbox 185 1083 280 1127; x_wconf 74' lang='lat' dir='ltr'>‚eum</span> <span class='ocrx_word' id='word_1_58' title='bbox 294 1065 461 1148; x_wconf 87' lang='lat' dir='ltr'>baptizata</span> <span class='ocrx_word' id='word_1_59' title='bbox 484 1067 620 1149; x_wconf 86' lang='lat' dir='ltr'>conjuge</span> <span class='ocrx_word' id='word_1_60' title='bbox 635 1066 791 1148; x_wconf 58' lang='lat' dir='ltr'>habitatu</span> <span class='ocrx_word' id='word_1_61' title='bbox 817 1067 997 1150; x_wconf 90' lang='lat' dir='ltr'>eadamque</span> <span class='ocrx_word' id='word_1_62' title='bbox 1023 1069 1145 1132; x_wconf 89' lang='lat' dir='ltr'>ratione</span> <span class='ocrx_word' id='word_1_63' title='bbox 1159 1067 1256 1151; x_wconf 86' lang='lat' dir='ltr'>recipi</span> <span class='ocrx_word' id='word_1_64' title='bbox 1282 1088 1383 1149; x_wconf 87' lang='lat' dir='ltr'>posse,</span> <span class='ocrx_word' id='word_1_65' title='bbox 1398 1082 1433 1132; x_wconf 91' lang='lat' dir='ltr'>ut</span> <span class='ocrx_word' id='word_1_66' title='bbox 1445 1088 1491 1151; x_wconf 87' lang='lat' dir='ltr'>ps·</span> 
     </span>
     <span class='ocr_line' id='line_1_8' title="bbox 202 1175 1492 1257; baseline -0.001 -18"><span class='ocrx_word' id='word_1_67' title='bbox 202 1183 293 1240; x_wconf 84' lang='lat' dir='ltr'>terna</span> <span class='ocrx_word' id='word_1_68' title='bbox 309 1185 450 1255; x_wconf 87' lang='lat' dir='ltr'>potestas</span> <span class='ocrx_word' id='word_1_69' title='bbox 465 1193 563 1256; x_wconf 90' lang='lat' dir='ltr'>penes</span> <span class='ocrx_word' id='word_1_70' title='bbox 588 1175 753 1240; x_wconf 86' lang='lat' dir='ltr'>Judaeum</span> <span class='ocrx_word' id='word_1_71' title='bbox 770 1177 950 1256; x_wconf 80' lang='lat' dir='ltr'>retineatur,</span> <span class='ocrx_word' id='word_1_72' title='bbox 966 1178 994 1240; x_wconf 87' lang='lat' dir='ltr'>si</span> <span class='ocrx_word' id='word_1_73' title='bbox 1010 1176 1088 1240; x_wconf 89' lang='lat' dir='ltr'>velit</span> <span class='ocrx_word' id='word_1_74' title='bbox 1102 1195 1178 1240; x_wconf 90' lang='lat' dir='ltr'>curn</span> <span class='ocrx_word' id='word_1_75' title='bbox 1205 1177 1370 1257; x_wconf 80' lang='lat' dir='ltr'>baptizato</span> <span class='ocrx_word' id='word_1_76' title='bbox 1383 1176 1446 1240; x_wconf 84' lang='lat' dir='ltr'>filio</span> <span class='ocrx_word' id='word_1_77' title='bbox 1459 1177 1492 1238; x_wconf 89' lang='lat' dir='ltr'>si·</span> 
     </span>
     <span class='ocr_line' id='line_1_9' title="bbox 201 1283 1492 1367; baseline -0.002 -19"><span class='ocrx_word' id='word_1_78' title='bbox 201 1301 243 1348; x_wconf 90' lang='lat' dir='ltr'>ne</span> <span class='ocrx_word' id='word_1_79' title='bbox 260 1283 376 1367; x_wconf 76' lang='lat' dir='ltr'>iniuria</span> <span class='ocrx_word' id='word_1_80' title='bbox 399 1283 604 1365; x_wconf 84' lang='lat' dir='ltr'>baptismatis</span> <span class='ocrx_word' id='word_1_81' title='bbox 616 1303 719 1365; x_wconf 87' lang='lat' dir='ltr'>agere.</span> <span class='ocrx_word' id='word_1_82' title='bbox 763 1284 839 1351; x_wconf 88' lang='lat' dir='ltr'>Nou</span> <span class='ocrx_word' id='word_1_83' title='bbox 852 1284 967 1350; x_wconf 91' lang='lat' dir='ltr'>eadem</span> <span class='ocrx_word' id='word_1_84' title='bbox 994 1284 1147 1348; x_wconf 85' lang='lat' dir='ltr'>habenda</span> <span class='ocrx_word' id='word_1_85' title='bbox 1171 1295 1220 1348; x_wconf 87' lang='lat' dir='ltr'>est</span> <span class='ocrx_word' id='word_1_86' title='bbox 1234 1286 1334 1366; x_wconf 85' lang='lat' dir='ltr'>patris</span> <span class='ocrx_word' id='word_1_87' title='bbox 1358 1287 1443 1362; x_wconf 85' lang='lat' dir='ltr'>ratio,</span> <span class='ocrx_word' id='word_1_88' title='bbox 1461 1303 1492 1346; x_wconf 87' lang='lat' dir='ltr'>ac</span> 
     </span>
     <span class='ocr_line' id='line_1_10' title="bbox 187 1386 1493 1474; baseline -0.001 -19"><span class='ocrx_word' id='word_1_89' title='bbox 187 1386 320 1455; x_wconf 84' lang='lat' dir='ltr'>¹rueriti.</span> <span class='ocrx_word' id='word_1_90' title='bbox 364 1392 503 1456; x_wconf 89' lang='lat' dir='ltr'>Paterna</span> <span class='ocrx_word' id='word_1_91' title='bbox 517 1395 604 1456; x_wconf 90' lang='lat' dir='ltr'>euim</span> <span class='ocrx_word' id='word_1_92' title='bbox 630 1392 777 1471; x_wconf 84' lang='lat' dir='ltr'>adfectio,</span> <span class='ocrx_word' id='word_1_93' title='bbox 804 1405 835 1456; x_wconf 88' lang='lat' dir='ltr'>et</span> <span class='ocrx_word' id='word_1_94' title='bbox 850 1389 959 1456; x_wconf 88' lang='lat' dir='ltr'>filialis</span> <span class='ocrx_word' id='word_1_95' title='bbox 973 1393 1207 1472; x_wconf 83' lang='lat' dir='ltr'>benevolentia,</span> <span class='ocrx_word' id='word_1_96' title='bbox 1228 1405 1363 1474; x_wconf 87' lang='lat' dir='ltr'>utraque</span> <span class='ocrx_word' id='word_1_97' title='bbox 1377 1391 1493 1456; x_wconf 88' lang='lat' dir='ltr'>sanein</span> 
     </span>
     <span class='ocr_line' id='line_1_11' title="bbox 204 1497 1495 1582; baseline 0.002 -22"><span class='ocrx_word' id='word_1_98' title='bbox 204 1500 237 1562; x_wconf 91' lang='lat' dir='ltr'>vi</span> <span class='ocrx_word' id='word_1_99' title='bbox 251 1499 421 1582; x_wconf 76' lang='lat' dir='ltr'>sanguinis</span> <span class='ocrx_word' id='word_1_100' title='bbox 436 1503 585 1582; x_wconf 87' lang='lat' dir='ltr'>naturale</span> <span class='ocrx_word' id='word_1_101' title='bbox 600 1497 851 1564; x_wconf 82' lang='lat' dir='ltr'>fundamentum</span> <span class='ocrx_word' id='word_1_102' title='bbox 866 1500 1002 1578; x_wconf 79' lang='lat' dir='ltr'>itabens,</span> <span class='ocrx_word' id='word_1_103' title='bbox 1026 1499 1157 1580; x_wconf 84' lang='lat' dir='ltr'>gravius</span> <span class='ocrx_word' id='word_1_104' title='bbox 1173 1499 1352 1581; x_wconf 90' lang='lat' dir='ltr'>periculum</span> <span class='ocrx_word' id='word_1_105' title='bbox 1367 1499 1495 1581; x_wconf 82' lang='lat' dir='ltr'>laptiza-</span> 
     </span>
     <span class='ocr_line' id='line_1_12' title="bbox 202 1607 1494 1691; baseline -0.003 -19"><span class='ocrx_word' id='word_1_106' title='bbox 202 1623 235 1672; x_wconf 93' lang='lat' dir='ltr'>to</span> <span class='ocrx_word' id='word_1_107' title='bbox 249 1607 386 1686; x_wconf 85' lang='lat' dir='ltr'>inferret,</span> <span class='ocrx_word' id='word_1_108' title='bbox 412 1625 513 1688; x_wconf 88' lang='lat' dir='ltr'>quern</span> <span class='ocrx_word' id='word_1_109' title='bbox 529 1607 732 1672; x_wconf 82' lang='lat' dir='ltr'>necessitudo</span> <span class='ocrx_word' id='word_1_110' title='bbox 758 1607 907 1691; x_wconf 86' lang='lat' dir='ltr'>conjugii,</span> <span class='ocrx_word' id='word_1_111' title='bbox 924 1626 1025 1688; x_wconf 91' lang='lat' dir='ltr'>quam</span> <span class='ocrx_word' id='word_1_112' title='bbox 1040 1607 1109 1670; x_wconf 90' lang='lat' dir='ltr'>sola</span> <span class='ocrx_word' id='word_1_113' title='bbox 1135 1607 1257 1689; x_wconf 87' lang='lat' dir='ltr'>peperit</span> <span class='ocrx_word' id='word_1_114' title='bbox 1269 1619 1301 1670; x_wconf 90' lang='lat' dir='ltr'>et</span> <span class='ocrx_word' id='word_1_115' title='bbox 1316 1607 1494 1684; x_wconf 87' lang='lat' dir='ltr'>animorum,</span> 
     </span>
    </p>
   </div>
   <div class='ocr_carea' id='block_1_5' title="bbox 201 1681 1554 1804">
    <p class='ocr_par' dir='ltr' id='par_1_5' title="bbox 201 1681 1554 1804">
     <span class='ocr_line' id='line_1_13' title="bbox 201 1681 1554 1804; baseline -0.005 -20"><span class='ocrx_word' id='word_1_116' title='bbox 201 1735 415 1802; x_wconf 83' lang='lat' dir='ltr'>etcorporum</span> <span class='ocrx_word' id='word_1_117' title='bbox 441 1719 634 1804; x_wconf 78' lang='lat' dir='ltr'>conjunctio.</span> <span class='ocrx_word' id='word_1_118' title='bbox 677 1718 778 1788; x_wconf 80' lang='lat' dir='ltr'>Quod</span> <span class='ocrx_word' id='word_1_119' title='bbox 793 1719 820 1782; x_wconf 90' lang='lat' dir='ltr'>si</span> <span class='ocrx_word' id='word_1_120' title='bbox 836 1717 876 1780; x_wconf 89' lang='lat' dir='ltr'>de</span> <span class='ocrx_word' id='word_1_121' title='bbox 902 1717 1112 1782; x_wconf 87' lang='lat' dir='ltr'>filiofamilias</span> <span class='ocrx_word' id='word_1_122' title='bbox 1137 1729 1262 1800; x_wconf 81' lang='lat' dir='ltr'>agatur,</span> <span class='ocrx_word' id='word_1_123' title='bbox 1286 1719 1342 1800; x_wconf 90' lang='lat' dir='ltr'>qui</span> <span class='ocrx_word' id='word_1_124' title='bbox 1369 1719 1493 1782; x_wconf 89' lang='lat' dir='ltr'>cumin·</span> <span class='ocrx_word' id='word_1_125' title='bbox 1528 1681 1554 1768; x_wconf 67' lang='lat' dir='ltr'>·i</span> 
     </span>
    </p>
   </div>
   <div class='ocr_carea' id='block_1_6' title="bbox 104 1825 1516 4521">
    <p class='ocr_par' dir='ltr' id='par_1_6' title="bbox 104 1825 1497 2346">
     <span class='ocr_line' id='line_1_14' title="bbox 200 1825 1495 1909; baseline -0.006 -15"><span class='ocrx_word' id='word_1_126' title='bbox 200 1829 276 1894; x_wconf 74' lang='lat' dir='ltr'>fans</span> <span class='ocrx_word' id='word_1_127' title='bbox 290 1839 384 1906; x_wconf 85' lang='lat' dir='ltr'>esset,</span> <span class='ocrx_word' id='word_1_128' title='bbox 400 1829 510 1892; x_wconf 86' lang='lat' dir='ltr'>minus</span> <span class='ocrx_word' id='word_1_129' title='bbox 525 1827 593 1907; x_wconf 89' lang='lat' dir='ltr'>rite,</span> <span class='ocrx_word' id='word_1_130' title='bbox 607 1840 639 1892; x_wconf 91' lang='lat' dir='ltr'>et</span> <span class='ocrx_word' id='word_1_131' title='bbox 653 1827 872 1909; x_wconf 83' lang='lat' dir='ltr'>imprudenter</span> <span class='ocrx_word' id='word_1_132' title='bbox 888 1825 1068 1908; x_wconf 81' lang='lat' dir='ltr'>baptizatus</span> <span class='ocrx_word' id='word_1_133' title='bbox 1083 1825 1186 1906; x_wconf 83' lang='lat' dir='ltr'>suerit,</span> <span class='ocrx_word' id='word_1_134' title='bbox 1202 1827 1433 1908; x_wconf 86' lang='lat' dir='ltr'>ignorantibus,</span> <span class='ocrx_word' id='word_1_135' title='bbox 1447 1833 1495 1887; x_wconf 87' lang='lat' dir='ltr'>eut</span> 
     </span>
     <span class='ocr_line' id='line_1_15' title="bbox 203 1931 1495 2015; baseline -0.002 -18"><span class='ocrx_word' id='word_1_136' title='bbox 203 1935 401 1998; x_wconf 70' lang='lat' dir='ltr'>discentibus</span> <span class='ocrx_word' id='word_1_137' title='bbox 426 1935 623 2015; x_wconf 87' lang='lat' dir='ltr'>parentibus,</span> <span class='ocrx_word' id='word_1_138' title='bbox 650 1935 729 1996; x_wconf 89' lang='lat' dir='ltr'>ratio</span> <span class='ocrx_word' id='word_1_139' title='bbox 744 1934 842 1996; x_wconf 88' lang='lat' dir='ltr'>etiam</span> <span class='ocrx_word' id='word_1_140' title='bbox 867 1931 956 1996; x_wconf 89' lang='lat' dir='ltr'>reddi</span> <span class='ocrx_word' id='word_1_141' title='bbox 973 1943 1086 2012; x_wconf 88' lang='lat' dir='ltr'>potest,</span> <span class='ocrx_word' id='word_1_142' title='bbox 1101 1952 1159 1998; x_wconf 86' lang='lat' dir='ltr'>cur</span> <span class='ocrx_word' id='word_1_143' title='bbox 1185 1945 1354 2015; x_wconf 89' lang='lat' dir='ltr'>parentum</span> <span class='ocrx_word' id='word_1_144' title='bbox 1370 1931 1495 1996; x_wconf 77' lang='lat' dir='ltr'>Judaeo</span> 
     </span>
     <span class='ocr_line' id='line_1_16' title="bbox 203 2037 1495 2122; baseline -0.004 -18"><span class='ocrx_word' id='word_1_145' title='bbox 203 2060 276 2104; x_wconf 84' lang='lat' dir='ltr'>rum</span> <span class='ocrx_word' id='word_1_146' title='bbox 293 2049 482 2122; x_wconf 87' lang='lat' dir='ltr'>potestatem</span> <span class='ocrx_word' id='word_1_147' title='bbox 507 2040 651 2102; x_wconf 86' lang='lat' dir='ltr'>evasisse</span> <span class='ocrx_word' id='word_1_148' title='bbox 665 2040 802 2102; x_wconf 87' lang='lat' dir='ltr'>dicatur.</span> <span class='ocrx_word' id='word_1_149' title='bbox 844 2037 930 2102; x_wconf 89' lang='lat' dir='ltr'>Sunt</span> <span class='ocrx_word' id='word_1_150' title='bbox 946 2037 1098 2120; x_wconf 82' lang='lat' dir='ltr'>baptizati</span> <span class='ocrx_word' id='word_1_151' title='bbox 1120 2056 1175 2119; x_wconf 91' lang='lat' dir='ltr'>per</span> <span class='ocrx_word' id='word_1_152' title='bbox 1197 2039 1442 2102; x_wconf 83' lang='lat' dir='ltr'>Sacramentum</span> <span class='ocrx_word' id='word_1_153' title='bbox 1458 2055 1495 2101; x_wconf 89' lang='lat' dir='ltr'>rc·</span> 
     </span>
     <span class='ocr_line' id='line_1_17' title="bbox 104 2147 1497 2242; baseline -0.004 -29"><span class='ocrx_word' id='word_1_154' title='bbox 104 2231 108 2242; x_wconf 30' lang='lat'>¹</span> <span class='ocrx_word' id='word_1_155' title='bbox 203 2147 418 2232; x_wconf 75' lang='lat' dir='ltr'>generationis</span> <span class='ocrx_word' id='word_1_156' title='bbox 436 2148 514 2226; x_wconf 87' lang='lat' dir='ltr'>Deo,</span> <span class='ocrx_word' id='word_1_157' title='bbox 538 2158 570 2209; x_wconf 92' lang='lat' dir='ltr'>et</span> <span class='ocrx_word' id='word_1_158' title='bbox 584 2148 713 2210; x_wconf 82' lang='lat' dir='ltr'>Christo</span> <span class='ocrx_word' id='word_1_159' title='bbox 727 2147 912 2224; x_wconf 85' lang='lat' dir='ltr'>consecrati,</span> <span class='ocrx_word' id='word_1_160' title='bbox 927 2147 1162 2230; x_wconf 88' lang='lat' dir='ltr'>cujuscumque</span> <span class='ocrx_word' id='word_1_161' title='bbox 1185 2147 1318 2211; x_wconf 87' lang='lat' dir='ltr'>tandem</span> <span class='ocrx_word' id='word_1_162' title='bbox 1333 2149 1427 2212; x_wconf 84' lang='lat' dir='ltr'>etiam</span> <span class='ocrx_word' id='word_1_163' title='bbox 1442 2147 1497 2210; x_wconf 89' lang='lat' dir='ltr'>tale</span> 
     </span>
     <span class='ocr_line' id='line_1_18' title="bbox 198 2257 1496 2346; baseline -0.002 -24"><span class='ocrx_word' id='word_1_164' title='bbox 198 2264 254 2346; x_wconf 69' lang='lat' dir='ltr'>ius</span> <span class='ocrx_word' id='word_1_165' title='bbox 270 2279 335 2322; x_wconf 92' lang='lat' dir='ltr'>non</span> <span class='ocrx_word' id='word_1_166' title='bbox 351 2259 499 2322; x_wconf 87' lang='lat' dir='ltr'>habentis</span> <span class='ocrx_word' id='word_1_167' title='bbox 522 2259 606 2321; x_wconf 87' lang='lat' dir='ltr'>sacto</span> <span class='ocrx_word' id='word_1_168' title='bbox 621 2260 799 2322; x_wconf 83' lang='lat' dir='ltr'>consecrati</span> <span class='ocrx_word' id='word_1_169' title='bbox 814 2257 1105 2339; x_wconf 81' lang='lat' dir='ltr'>deprehendantur,</span> <span class='ocrx_word' id='word_1_170' title='bbox 1120 2271 1152 2320; x_wconf 88' lang='lat' dir='ltr'>et</span> <span class='ocrx_word' id='word_1_171' title='bbox 1168 2277 1305 2340; x_wconf 89' lang='lat' dir='ltr'>persona</span> <span class='ocrx_word' id='word_1_172' title='bbox 1324 2259 1419 2322; x_wconf 88' lang='lat' dir='ltr'>semel</span> <span class='ocrx_word' id='word_1_173' title='bbox 1438 2259 1496 2320; x_wconf 86' lang='lat' dir='ltr'>Deo</span> 
     </span>
    </p>

    <p class='ocr_par' dir='ltr' id='par_1_7' title="bbox 175 2365 1516 4521">
     <span class='ocr_line' id='line_1_19' title="bbox 205 2365 1497 2450; baseline -0.005 -16"><span class='ocrx_word' id='word_1_174' title='bbox 205 2379 392 2434; x_wconf 85' lang='lat' dir='ltr'>consecrata</span> <span class='ocrx_word' id='word_1_175' title='bbox 408 2365 501 2430; x_wconf 84' lang='lat' dir='ltr'>facile</span> <span class='ocrx_word' id='word_1_176' title='bbox 527 2367 698 2446; x_wconf 88' lang='lat' dir='ltr'>antiquam</span> <span class='ocrx_word' id='word_1_177' title='bbox 714 2385 777 2429; x_wconf 90' lang='lat' dir='ltr'>uon</span> <span class='ocrx_word' id='word_1_178' title='bbox 793 2367 939 2430; x_wconf 90' lang='lat' dir='ltr'>similiter</span> <span class='ocrx_word' id='word_1_179' title='bbox 964 2368 1140 2430; x_wconf 86' lang='lat' dir='ltr'>consecrati</span> <span class='ocrx_word' id='word_1_180' title='bbox 1163 2368 1306 2430; x_wconf 88' lang='lat' dir='ltr'>hominia</span> <span class='ocrx_word' id='word_1_181' title='bbox 1320 2379 1497 2450; x_wconf 85' lang='lat' dir='ltr'>potestatem</span> 
     </span>
     <span class='ocr_line' id='line_1_20' title="bbox 175 2459 1498 2558; baseline -0.003 -17"><span class='ocrx_word' id='word_1_182' title='bbox 175 2459 177 2464; x_wconf 34' lang='lat'>⁵</span> <span class='ocrx_word' id='word_1_183' title='bbox 205 2477 325 2558; x_wconf 84' lang='lat' dir='ltr'>evadit;</span> <span class='ocrx_word' id='word_1_184' title='bbox 341 2476 454 2540; x_wconf 86' lang='lat' dir='ltr'>eodem</span> <span class='ocrx_word' id='word_1_185' title='bbox 468 2461 534 2539; x_wconf 77' lang='lat' dir='ltr'>iere</span> <span class='ocrx_word' id='word_1_186' title='bbox 550 2471 655 2552; x_wconf 85' lang='lat' dir='ltr'>mode,</span> <span class='ocrx_word' id='word_1_187' title='bbox 681 2493 746 2556; x_wconf 89' lang='lat' dir='ltr'>quo</span> <span class='ocrx_word' id='word_1_188' title='bbox 769 2474 796 2536; x_wconf 92' lang='lat' dir='ltr'>si</span> <span class='ocrx_word' id='word_1_189' title='bbox 810 2473 884 2556; x_wconf 86' lang='lat' dir='ltr'>quis</span> <span class='ocrx_word' id='word_1_190' title='bbox 899 2494 966 2537; x_wconf 88' lang='lat' dir='ltr'>rem</span> <span class='ocrx_word' id='word_1_191' title='bbox 981 2475 1123 2540; x_wconf 88' lang='lat' dir='ltr'>alienam</span> <span class='ocrx_word' id='word_1_192' title='bbox 1139 2475 1309 2558; x_wconf 82' lang='lat' dir='ltr'>profanam</span> <span class='ocrx_word' id='word_1_193' title='bbox 1330 2477 1438 2556; x_wconf 85' lang='lat' dir='ltr'>invito,</span> <span class='ocrx_word' id='word_1_194' title='bbox 1452 2475 1498 2540; x_wconf 85' lang='lat' dir='ltr'>vei</span> 
     </span>
     <span class='ocr_line' id='line_1_21' title="bbox 205 2573 1499 2668; baseline 0 -20"><span class='ocrx_word' id='word_1_195' title='bbox 205 2587 374 2668; x_wconf 85' lang='lat' dir='ltr'>ignorante</span> <span class='ocrx_word' id='word_1_196' title='bbox 399 2585 531 2648; x_wconf 92' lang='lat' dir='ltr'>domino</span> <span class='ocrx_word' id='word_1_197' title='bbox 557 2582 776 2664; x_wconf 85' lang='lat' dir='ltr'>imprudenter</span> <span class='ocrx_word' id='word_1_198' title='bbox 803 2581 873 2644; x_wconf 84' lang='lat' dir='ltr'>Deo</span> <span class='ocrx_word' id='word_1_199' title='bbox 898 2573 1119 2664; x_wconf 84' lang='lat' dir='ltr'>dedicavisset,</span> <span class='ocrx_word' id='word_1_200' title='bbox 1148 2605 1214 2648; x_wconf 91' lang='lat' dir='ltr'>uon</span> <span class='ocrx_word' id='word_1_201' title='bbox 1230 2606 1268 2648; x_wconf 87' lang='lat' dir='ltr'>eo</span> <span class='ocrx_word' id='word_1_202' title='bbox 1293 2588 1499 2652; x_wconf 87' lang='lat' dir='ltr'>minussacra</span> 
     </span>
     <span class='ocr_line' id='line_1_22' title="bbox 204 2691 1501 2778; baseline -0.001 -20"><span class='ocrx_word' id='word_1_203' title='bbox 204 2713 276 2758; x_wconf 86' lang='lat' dir='ltr'>esse</span> <span class='ocrx_word' id='word_1_204' title='bbox 291 2693 416 2771; x_wconf 88' lang='lat' dir='ltr'>desinit,</span> <span class='ocrx_word' id='word_1_205' title='bbox 440 2691 500 2755; x_wconf 90' lang='lat' dir='ltr'>sed</span> <span class='ocrx_word' id='word_1_206' title='bbox 519 2701 672 2774; x_wconf 87' lang='lat' dir='ltr'>perpetuo</span> <span class='ocrx_word' id='word_1_207' title='bbox 697 2709 789 2754; x_wconf 90' lang='lat' dir='ltr'>sacre</span> <span class='ocrx_word' id='word_1_208' title='bbox 814 2701 870 2768; x_wconf 89' lang='lat' dir='ltr'>est,</span> <span class='ocrx_word' id='word_1_209' title='bbox 897 2711 1080 2773; x_wconf 85' lang='lat' dir='ltr'>numquam</span> <span class='ocrx_word' id='word_1_210' title='bbox 1105 2714 1244 2760; x_wconf 87' lang='lat' dir='ltr'>evasura</span> <span class='ocrx_word' id='word_1_211' title='bbox 1266 2695 1406 2778; x_wconf 81' lang='lat' dir='ltr'>prolana,</span> <span class='ocrx_word' id='word_1_212' title='bbox 1427 2715 1501 2760; x_wconf 89' lang='lat' dir='ltr'>uun·</span> 
     </span>
     <span class='ocr_line' id='line_1_23' title="bbox 203 2799 1499 2885; baseline -0.005 -19"><span class='ocrx_word' id='word_1_213' title='bbox 203 2823 306 2885; x_wconf 86' lang='lat' dir='ltr'>quam</span> <span class='ocrx_word' id='word_1_214' title='bbox 322 2801 355 2864; x_wconf 90' lang='lat' dir='ltr'>in</span> <span class='ocrx_word' id='word_1_215' title='bbox 382 2812 571 2882; x_wconf 82' lang='lat' dir='ltr'>potestatem</span> <span class='ocrx_word' id='word_1_216' title='bbox 587 2799 710 2862; x_wconf 91' lang='lat' dir='ltr'>domini</span> <span class='ocrx_word' id='word_1_217' title='bbox 736 2817 911 2878; x_wconf 85' lang='lat' dir='ltr'>reversura,</span> <span class='ocrx_word' id='word_1_218' title='bbox 937 2812 1131 2882; x_wconf 70' lang='lat' dir='ltr'>argu—uento</span> <span class='ocrx_word' id='word_1_219' title='bbox 1145 2803 1280 2866; x_wconf 88' lang='lat' dir='ltr'>canonis</span> <span class='ocrx_word' id='word_1_220' title='bbox 1305 2803 1335 2864; x_wconf 82' lang='lat'>2.</span> <span class='ocrx_word' id='word_1_221' title='bbox 1351 2821 1436 2866; x_wconf 88' lang='lat' dir='ltr'>caus.</span> <span class='ocrx_word' id='word_1_222' title='bbox 1457 2800 1499 2863; x_wconf 83' lang='lat' dir='ltr'>ll.</span> 
     </span>
     <span class='ocr_line' id='line_1_24' title="bbox 205 2906 1501 2996; baseline -0.005 -21"><span class='ocrx_word' id='word_1_223' title='bbox 205 2919 330 2996; x_wconf 73' lang='lat' dir='ltr'>quaest.</span> <span class='ocrx_word' id='word_1_224' title='bbox 347 2909 376 2972; x_wconf 85' lang='grc'>6.</span> <span class='ocrx_word' id='word_1_225' title='bbox 421 2907 481 2970; x_wconf 91' lang='lat' dir='ltr'>His</span> <span class='ocrx_word' id='word_1_226' title='bbox 496 2907 686 2989; x_wconf 86' lang='lat' dir='ltr'>generaliter</span> <span class='ocrx_word' id='word_1_227' title='bbox 711 2908 831 2990; x_wconf 84' lang='lat' dir='ltr'>positis,</span> <span class='ocrx_word' id='word_1_228' title='bbox 848 2906 1018 2996; x_wconf 73' lang='lat' dir='ltr'>deducitur</span> <span class='ocrx_word' id='word_1_229' title='bbox 1044 2911 1154 2990; x_wconf 90' lang='lat' dir='ltr'>primo,</span> <span class='ocrx_word' id='word_1_230' title='bbox 1170 2907 1418 2974; x_wconf 83' lang='lat' dir='ltr'>filiumfamilias</span> <span class='ocrx_word' id='word_1_231' title='bbox 1431 2909 1501 2989; x_wconf 85' lang='lat' dir='ltr'>bap</span> 
     </span>
     <span class='ocr_line' id='line_1_25' title="bbox 206 3015 1503 3100; baseline -0.003 -20"><span class='ocrx_word' id='word_1_232' title='bbox 206 3022 342 3084; x_wconf 88' lang='lat' dir='ltr'>tizatum</span> <span class='ocrx_word' id='word_1_233' title='bbox 357 3015 511 3098; x_wconf 87' lang='lat' dir='ltr'>consequi</span> <span class='ocrx_word' id='word_1_234' title='bbox 538 3015 632 3098; x_wconf 89' lang='lat' dir='ltr'>pleno</span> <span class='ocrx_word' id='word_1_235' title='bbox 642 3017 713 3099; x_wconf 88' lang='lat' dir='ltr'>jure</span> <span class='ocrx_word' id='word_1_236' title='bbox 728 3015 943 3080; x_wconf 88' lang='lat' dir='ltr'>adventitium</span> <span class='ocrx_word' id='word_1_237' title='bbox 960 3016 1132 3097; x_wconf 84' lang='lat' dir='ltr'>peculium,</span> <span class='ocrx_word' id='word_1_238' title='bbox 1147 3017 1233 3098; x_wconf 91' lang='lat' dir='ltr'>quod</span> <span class='ocrx_word' id='word_1_239' title='bbox 1258 3019 1445 3100; x_wconf 85' lang='lat' dir='ltr'>possidebat,</span> <span class='ocrx_word' id='word_1_240' title='bbox 1461 3035 1503 3076; x_wconf 83' lang='lat' dir='ltr'>se·</span> 
     </span>
     <span class='ocr_line' id='line_1_26' title="bbox 207 3125 1502 3212; baseline -0.002 -18"><span class='ocrx_word' id='word_1_241' title='bbox 207 3143 294 3194; x_wconf 89' lang='lat' dir='ltr'>moto</span> <span class='ocrx_word' id='word_1_242' title='bbox 309 3141 398 3212; x_wconf 89' lang='lat' dir='ltr'>patre</span> <span class='ocrx_word' id='word_1_243' title='bbox 413 3129 432 3192; x_wconf 93' lang='lat' dir='ltr'>J</span> <span class='ocrx_word' id='word_1_244' title='bbox 436 3127 539 3192; x_wconf 80' lang='lat' dir='ltr'>udaeo</span> <span class='ocrx_word' id='word_1_245' title='bbox 554 3128 596 3190; x_wconf 90' lang='lat' dir='ltr'>ab</span> <span class='ocrx_word' id='word_1_246' title='bbox 613 3125 792 3206; x_wconf 83' lang='lat' dir='ltr'>usufructu;</span> <span class='ocrx_word' id='word_1_247' title='bbox 809 3125 961 3205; x_wconf 89' lang='lat' dir='ltr'>secundo,</span> <span class='ocrx_word' id='word_1_248' title='bbox 985 3147 1050 3192; x_wconf 90' lang='lat' dir='ltr'>non</span> <span class='ocrx_word' id='word_1_249' title='bbox 1066 3147 1159 3210; x_wconf 88' lang='lat' dir='ltr'>posse</span> <span class='ocrx_word' id='word_1_250' title='bbox 1174 3128 1394 3210; x_wconf 89' lang='lat' dir='ltr'>impuberibus</span> <span class='ocrx_word' id='word_1_251' title='bbox 1408 3125 1502 3208; x_wconf 85' lang='lat' dir='ltr'>bapti·</span> 
     </span>
     <span class='ocr_line' id='line_1_27' title="bbox 206 3232 1504 3320; baseline -0.005 -16"><span class='ocrx_word' id='word_1_252' title='bbox 206 3237 287 3304; x_wconf 69' lang='lat' dir='ltr'>tetis</span> <span class='ocrx_word' id='word_1_253' title='bbox 302 3243 322 3300; x_wconf 77' lang='lat' dir='ltr'>a</span> <span class='ocrx_word' id='word_1_254' title='bbox 339 3233 526 3318; x_wconf 88' lang='lat' dir='ltr'>parentibus</span> <span class='ocrx_word' id='word_1_255' title='bbox 542 3232 560 3295; x_wconf 93' lang='lat' dir='ltr'>J</span> <span class='ocrx_word' id='word_1_256' title='bbox 564 3233 676 3296; x_wconf 90' lang='lat' dir='ltr'>udaeis</span> <span class='ocrx_word' id='word_1_257' title='bbox 688 3233 851 3296; x_wconf 91' lang='lat' dir='ltr'>substituti</span> <span class='ocrx_word' id='word_1_258' title='bbox 865 3233 1071 3316; x_wconf 84' lang='lat' dir='ltr'>pupillariter,</span> <span class='ocrx_word' id='word_1_259' title='bbox 1088 3237 1219 3316; x_wconf 88' lang='lat' dir='ltr'>quando</span> <span class='ocrx_word' id='word_1_260' title='bbox 1230 3251 1354 3320; x_wconf 84' lang='lat' dir='ltr'>eertum</span> <span class='ocrx_word' id='word_1_261' title='bbox 1369 3251 1421 3314; x_wconf 87' lang='lat' dir='ltr'>est,</span> <span class='ocrx_word' id='word_1_262' title='bbox 1435 3237 1504 3300; x_wconf 83' lang='lat' dir='ltr'>srm-</span> 
     </span>
     <span class='ocr_line' id='line_1_28' title="bbox 207 3340 1503 3426; baseline 0 -18"><span class='ocrx_word' id='word_1_263' title='bbox 207 3346 397 3408; x_wconf 88' lang='lat' dir='ltr'>damentum</span> <span class='ocrx_word' id='word_1_264' title='bbox 414 3341 582 3426; x_wconf 78' lang='lat' dir='ltr'>pupillaris</span> <span class='ocrx_word' id='word_1_265' title='bbox 597 3340 836 3405; x_wconf 88' lang='lat' dir='ltr'>substitutionis</span> <span class='ocrx_word' id='word_1_266' title='bbox 852 3345 884 3404; x_wconf 92' lang='lat' dir='ltr'>in</span> <span class='ocrx_word' id='word_1_267' title='bbox 902 3345 1005 3424; x_wconf 86' lang='lat' dir='ltr'>patria</span> <span class='ocrx_word' id='word_1_268' title='bbox 1030 3357 1185 3426; x_wconf 86' lang='lat' dir='ltr'>potestate</span> <span class='ocrx_word' id='word_1_269' title='bbox 1200 3349 1382 3426; x_wconf 77' lang='lat' dir='ltr'>consistere,</span> <span class='ocrx_word' id='word_1_270' title='bbox 1398 3349 1415 3410; x_wconf 93' lang='lat' dir='ltr'>l.</span> <span class='ocrx_word' id='word_1_271' title='bbox 1429 3347 1458 3408; x_wconf 83' lang='grc'>2.</span> <span class='ocrx_word' id='word_1_272' title='bbox 1474 3345 1503 3408; x_wconf 80' lang='lat' dir='ltr'>n.</span> 
     </span>
     <span class='ocr_line' id='line_1_29' title="bbox 206 3445 1504 3536; baseline -0.005 -18"><span class='ocrx_word' id='word_1_273' title='bbox 206 3454 248 3518; x_wconf 84' lang='lat' dir='ltr'>de</span> <span class='ocrx_word' id='word_1_274' title='bbox 264 3452 398 3534; x_wconf 82' lang='lat' dir='ltr'>vulgar,</span> <span class='ocrx_word' id='word_1_275' title='bbox 424 3462 456 3512; x_wconf 91' lang='lat' dir='ltr'>et</span> <span class='ocrx_word' id='word_1_276' title='bbox 472 3447 570 3532; x_wconf 90' lang='lat' dir='ltr'>pnpil.</span> <span class='ocrx_word' id='word_1_277' title='bbox 586 3445 697 3536; x_wconf 77' lang='lat' dir='ltr'>subet,</span> <span class='ocrx_word' id='word_1_278' title='bbox 724 3447 744 3512; x_wconf 87' lang='lat' dir='ltr'>l.</span> <span class='ocrx_word' id='word_1_279' title='bbox 761 3449 800 3526; x_wconf 82' lang='lat' dir='ltr'>t,</span> <span class='ocrx_word' id='word_1_280' title='bbox 816 3461 847 3511; x_wconf 87' lang='lat' dir='ltr'>et</span> <span class='ocrx_word' id='word_1_281' title='bbox 862 3450 892 3514; x_wconf 84' lang='lat'>8.</span> <span class='ocrx_word' id='word_1_282' title='bbox 907 3449 977 3512; x_wconf 88' lang='lat' dir='ltr'>cod.</span> <span class='ocrx_word' id='word_1_283' title='bbox 994 3449 1033 3512; x_wconf 91' lang='lat' dir='ltr'>de</span> <span class='ocrx_word' id='word_1_284' title='bbox 1048 3451 1212 3532; x_wconf 72' lang='lat' dir='ltr'>impubes,</span> <span class='ocrx_word' id='word_1_285' title='bbox 1239 3464 1271 3514; x_wconf 89' lang='lat' dir='ltr'>et</span> <span class='ocrx_word' id='word_1_286' title='bbox 1285 3451 1359 3516; x_wconf 87' lang='lat' dir='ltr'>aliis</span> <span class='ocrx_word' id='word_1_287' title='bbox 1377 3452 1504 3526; x_wconf 71' lang='lat' dir='ltr'>suberit,</span> 
     </span>
     <span class='ocr_line' id='line_1_30' title="bbox 207 3555 1505 3640; baseline -0.005 -14"><span class='ocrx_word' id='word_1_288' title='bbox 207 3564 309 3626; x_wconf 83' lang='lat' dir='ltr'>immo</span> <span class='ocrx_word' id='word_1_289' title='bbox 325 3579 384 3624; x_wconf 89' lang='lat' dir='ltr'>uec</span> <span class='ocrx_word' id='word_1_290' title='bbox 411 3559 517 3621; x_wconf 84' lang='lat' dir='ltr'>locum</span> <span class='ocrx_word' id='word_1_291' title='bbox 534 3555 600 3621; x_wconf 85' lang='lat' dir='ltr'>fieri</span> <span class='ocrx_word' id='word_1_292' title='bbox 617 3557 835 3622; x_wconf 88' lang='lat' dir='ltr'>substitutioni</span> <span class='ocrx_word' id='word_1_293' title='bbox 862 3559 1049 3640; x_wconf 74' lang='lat' dir='ltr'>exemplari,</span> <span class='ocrx_word' id='word_1_294' title='bbox 1074 3561 1194 3622; x_wconf 90' lang='lat' dir='ltr'>etenim</span> <span class='ocrx_word' id='word_1_295' title='bbox 1216 3561 1289 3624; x_wconf 87' lang='lat' dir='ltr'>lieet</span> <span class='ocrx_word' id='word_1_296' title='bbox 1315 3565 1376 3626; x_wconf 87' lang='lat' dir='ltr'>ista</span> <span class='ocrx_word' id='word_1_297' title='bbox 1396 3563 1505 3625; x_wconf 85' lang='lat' dir='ltr'>lunda-</span> 
     </span>
     <span class='ocr_line' id='line_1_31' title="bbox 209 3668 1507 3750; baseline -0.003 -16"><span class='ocrx_word' id='word_1_298' title='bbox 209 3681 355 3734; x_wconf 89' lang='lat' dir='ltr'>meutum</span> <span class='ocrx_word' id='word_1_299' title='bbox 372 3688 436 3730; x_wconf 92' lang='lat' dir='ltr'>nou</span> <span class='ocrx_word' id='word_1_300' title='bbox 454 3669 569 3732; x_wconf 87' lang='lat' dir='ltr'>babeat</span> <span class='ocrx_word' id='word_1_301' title='bbox 586 3668 619 3731; x_wconf 91' lang='lat' dir='ltr'>iu</span> <span class='ocrx_word' id='word_1_302' title='bbox 636 3669 737 3750; x_wconf 89' lang='lat' dir='ltr'>patria</span> <span class='ocrx_word' id='word_1_303' title='bbox 753 3678 915 3748; x_wconf 84' lang='lat' dir='ltr'>potestate,</span> <span class='ocrx_word' id='word_1_304' title='bbox 933 3678 998 3729; x_wconf 89' lang='lat' dir='ltr'>tota</span> <span class='ocrx_word' id='word_1_305' title='bbox 1014 3679 1122 3729; x_wconf 88' lang='lat' dir='ltr'>tamen</span> <span class='ocrx_word' id='word_1_306' title='bbox 1139 3669 1170 3730; x_wconf 91' lang='lat' dir='ltr'>in</span> <span class='ocrx_word' id='word_1_307' title='bbox 1187 3669 1391 3734; x_wconf 85' lang='lat' dir='ltr'>humanitate</span> <span class='ocrx_word' id='word_1_308' title='bbox 1405 3671 1507 3734; x_wconf 88' lang='lat' dir='ltr'>inuiti-</span> 
     </span>
     <span class='ocr_line' id='line_1_32' title="bbox 210 3767 1506 3864; baseline -0.002 -19"><span class='ocrx_word' id='word_1_309' title='bbox 210 3795 270 3858; x_wconf 89' lang='lat' dir='ltr'>tur,</span> <span class='ocrx_word' id='word_1_310' title='bbox 287 3791 452 3864; x_wconf 85' lang='lat' dir='ltr'>propterea</span> <span class='ocrx_word' id='word_1_311' title='bbox 477 3775 566 3859; x_wconf 87' lang='lat' dir='ltr'>quod</span> <span class='ocrx_word' id='word_1_312' title='bbox 583 3777 646 3842; x_wconf 86' lang='lat' dir='ltr'>lere</span> <span class='ocrx_word' id='word_1_313' title='bbox 674 3767 889 3860; x_wconf 85' lang='lat' dir='ltr'>praesumitur</span> <span class='ocrx_word' id='word_1_314' title='bbox 914 3775 1074 3855; x_wconf 86' lang='lat' dir='ltr'>optimum</span> <span class='ocrx_word' id='word_1_315' title='bbox 1090 3795 1159 3838; x_wconf 87' lang='lat' dir='ltr'>esse</span> <span class='ocrx_word' id='word_1_316' title='bbox 1185 3779 1367 3857; x_wconf 89' lang='lat' dir='ltr'>consilium,</span> <span class='ocrx_word' id='word_1_317' title='bbox 1390 3779 1506 3860; x_wconf 76' lang='lat' dir='ltr'>quodi</span> 
     </span>
     <span class='ocr_line' id='line_1_33' title="bbox 210 3868 1508 3974; baseline -0.006 -23"><span class='ocrx_word' id='word_1_318' title='bbox 210 3888 396 3974; x_wconf 86' lang='lat' dir='ltr'>parentibus</span> <span class='ocrx_word' id='word_1_319' title='bbox 412 3904 467 3968; x_wconf 91' lang='lat' dir='ltr'>pro</span> <span class='ocrx_word' id='word_1_320' title='bbox 483 3885 558 3948; x_wconf 88' lang='lat' dir='ltr'>filiis</span> <span class='ocrx_word' id='word_1_321' title='bbox 579 3868 713 3967; x_wconf 75' lang='lat' dir='ltr'>capitur3</span> <span class='ocrx_word' id='word_1_322' title='bbox 730 3895 763 3946; x_wconf 88' lang='lat' dir='ltr'>at</span> <span class='ocrx_word' id='word_1_323' title='bbox 778 3885 859 3948; x_wconf 84' lang='lat' dir='ltr'>haee</span> <span class='ocrx_word' id='word_1_324' title='bbox 876 3885 1092 3965; x_wconf 88' lang='lat' dir='ltr'>praesumptio</span> <span class='ocrx_word' id='word_1_325' title='bbox 1107 3883 1140 3944; x_wconf 90' lang='lat' dir='ltr'>in</span> <span class='ocrx_word' id='word_1_326' title='bbox 1163 3896 1294 3964; x_wconf 88' lang='lat' dir='ltr'>parente</span> <span class='ocrx_word' id='word_1_327' title='bbox 1309 3887 1329 3950; x_wconf 91' lang='lat' dir='ltr'>J</span> <span class='ocrx_word' id='word_1_328' title='bbox 1333 3885 1430 3948; x_wconf 87' lang='lat' dir='ltr'>udaeo</span> <span class='ocrx_word' id='word_1_329' title='bbox 1446 3903 1508 3944; x_wconf 85' lang='lat' dir='ltr'>ees-</span> 
     </span>
     <span class='ocr_line' id='line_1_34' title="bbox 207 3983 1509 4082; baseline -0.01 -16"><span class='ocrx_word' id='word_1_330' title='bbox 207 4013 261 4066; x_wconf 83' lang='lat' dir='ltr'>¹eat</span> <span class='ocrx_word' id='word_1_331' title='bbox 277 4008 421 4080; x_wconf 87' lang='lat' dir='ltr'>respectu</span> <span class='ocrx_word' id='word_1_332' title='bbox 447 3996 612 4072; x_wconf 88' lang='lat' dir='ltr'>bonorum,</span> <span class='ocrx_word' id='word_1_333' title='bbox 639 4013 722 4075; x_wconf 86' lang='lat' dir='ltr'>quaa</span> <span class='ocrx_word' id='word_1_334' title='bbox 740 3994 898 4075; x_wconf 87' lang='lat' dir='ltr'>pertinent</span> <span class='ocrx_word' id='word_1_335' title='bbox 923 3992 964 4054; x_wconf 90' lang='lat' dir='ltr'>ad</span> <span class='ocrx_word' id='word_1_336' title='bbox 982 3991 1065 4054; x_wconf 79' lang='lat' dir='ltr'>filios</span> <span class='ocrx_word' id='word_1_337' title='bbox 1092 3983 1303 4082; x_wconf 84' lang='lat' dir='ltr'>Christianos:</span> <span class='ocrx_word' id='word_1_338' title='bbox 1332 4013 1395 4056; x_wconf 90' lang='lat' dir='ltr'>uno</span> <span class='ocrx_word' id='word_1_339' title='bbox 1415 3993 1509 4054; x_wconf 80' lang='lat' dir='ltr'>verbo</span> 
     </span>
     <span class='ocr_line' id='line_1_35' title="bbox 210 4099 1510 4184; baseline -0.01 -10"><span class='ocrx_word' id='word_1_340' title='bbox 210 4107 389 4184; x_wconf 86' lang='lat' dir='ltr'>deducitur,</span> <span class='ocrx_word' id='word_1_341' title='bbox 412 4123 538 4169; x_wconf 87' lang='lat' dir='ltr'>cessare</span> <span class='ocrx_word' id='word_1_342' title='bbox 567 4101 733 4164; x_wconf 88' lang='lat' dir='ltr'>universos</span> <span class='ocrx_word' id='word_1_343' title='bbox 760 4101 881 4184; x_wconf 89' lang='lat' dir='ltr'>patriae</span> <span class='ocrx_word' id='word_1_344' title='bbox 907 4101 1072 4182; x_wconf 77' lang='lat' dir='ltr'>potestatis</span> <span class='ocrx_word' id='word_1_345' title='bbox 1093 4099 1237 4164; x_wconf 84' lang='lat' dir='ltr'>effeetus.</span> <span class='ocrx_word' id='word_1_346' title='bbox 1283 4101 1357 4166; x_wconf 90' lang='lat' dir='ltr'>Nou</span> <span class='ocrx_word' id='word_1_347' title='bbox 1373 4107 1510 4164; x_wconf 74' lang='lat' dir='ltr'>arnone</span> 
     </span>
     <span class='ocr_line' id='line_1_36' title="bbox 211 4207 1513 4296; baseline -0.012 -14"><span class='ocrx_word' id='word_1_348' title='bbox 211 4217 368 4282; x_wconf 88' lang='lat' dir='ltr'>contrario</span> <span class='ocrx_word' id='word_1_349' title='bbox 383 4224 512 4278; x_wconf 85' lang='lat' dir='ltr'>oessaot</span> <span class='ocrx_word' id='word_1_350' title='bbox 539 4225 673 4296; x_wconf 86' lang='lat' dir='ltr'>paterna</span> <span class='ocrx_word' id='word_1_351' title='bbox 699 4229 841 4288; x_wconf 89' lang='lat' dir='ltr'>munera,</span> <span class='ocrx_word' id='word_1_352' title='bbox 869 4209 1136 4290; x_wconf 86' lang='lat' dir='ltr'>etoblrgationes.</span> <span class='ocrx_word' id='word_1_353' title='bbox 1181 4207 1344 4274; x_wconf 86' lang='lat' dir='ltr'>Nimirum</span> <span class='ocrx_word' id='word_1_354' title='bbox 1369 4219 1513 4272; x_wconf 87' lang='lat' dir='ltr'>tenentur</span> 
     </span>
     <span class='ocr_line' id='line_1_37' title="bbox 213 4314 1514 4412; baseline -0.012 -23"><span class='ocrx_word' id='word_1_355' title='bbox 213 4338 362 4412; x_wconf 87' lang='lat' dir='ltr'>pureutcs</span> <span class='ocrx_word' id='word_1_356' title='bbox 378 4343 433 4406; x_wconf 92' lang='lat' dir='ltr'>pro</span> <span class='ocrx_word' id='word_1_357' title='bbox 450 4321 546 4384; x_wconf 91' lang='lat' dir='ltr'>modo</span> <span class='ocrx_word' id='word_1_358' title='bbox 571 4319 761 4383; x_wconf 82' lang='lat' dir='ltr'>facultatem</span> <span class='ocrx_word' id='word_1_359' title='bbox 776 4319 897 4380; x_wconf 88' lang='lat' dir='ltr'>interea</span> <span class='ocrx_word' id='word_1_360' title='bbox 912 4317 1088 4400; x_wconf 89' lang='lat' dir='ltr'>legitimam</span> <span class='ocrx_word' id='word_1_361' title='bbox 1113 4317 1298 4398; x_wconf 87' lang='lat' dir='ltr'>portionem,</span> <span class='ocrx_word' id='word_1_362' title='bbox 1316 4330 1371 4378; x_wconf 90' lang='lat' dir='ltr'>aut</span> <span class='ocrx_word' id='word_1_363' title='bbox 1385 4314 1514 4376; x_wconf 88' lang='lat' dir='ltr'>alimen·</span> 
     </span>
     <span class='ocr_line' id='line_1_38' title="bbox 215 4421 1516 4521; baseline -0.01 -25"><span class='ocrx_word' id='word_1_364' title='bbox 215 4445 248 4502; x_wconf 84' lang='lat' dir='ltr'>ta</span> <span class='ocrx_word' id='word_1_365' title='bbox 264 4432 425 4513; x_wconf 79' lang='lat' dir='ltr'>baptizato</span> <span class='ocrx_word' id='word_1_366' title='bbox 454 4428 519 4494; x_wconf 84' lang='lat' dir='ltr'>lilio</span> <span class='ocrx_word' id='word_1_367' title='bbox 535 4426 621 4509; x_wconf 83' lang='lat' dir='ltr'>dare;</span> <span class='ocrx_word' id='word_1_368' title='bbox 638 4425 746 4521; x_wconf 88' lang='lat' dir='ltr'>dotem</span> <span class='ocrx_word' id='word_1_369' title='bbox 760 4439 858 4490; x_wconf 84' lang='lat' dir='ltr'>etrum</span> <span class='ocrx_word' id='word_1_370' title='bbox 874 4441 1060 4510; x_wconf 88' lang='lat' dir='ltr'>congruam,</span> <span class='ocrx_word' id='word_1_371' title='bbox 1088 4425 1114 4487; x_wconf 90' lang='lat' dir='ltr'>si</span> <span class='ocrx_word' id='word_1_372' title='bbox 1131 4433 1246 4510; x_wconf 84' lang='lat' dir='ltr'>agatur</span> <span class='ocrx_word' id='word_1_373' title='bbox 1262 4423 1302 4486; x_wconf 84' lang='lat' dir='ltr'>ile</span> <span class='ocrx_word' id='word_1_374' title='bbox 1318 4421 1420 4510; x_wconf 90' lang='lat' dir='ltr'>puella</span> <span class='ocrx_word' id='word_1_375' title='bbox 1436 4439 1516 4504; x_wconf 81' lang='lat' dir='ltr'>nup</span> 
     </span>
    </p>
   </div>
   <div class='ocr_carea' id='block_1_7' title="bbox 0 0 1580 4980">
    <p class='ocr_par' dir='ltr' id='par_1_8' title="bbox 0 0 1580 4980">
     <span class='ocr_line' id='line_1_39' title="bbox 0 0 1580 4980; baseline 0 0"><span class='ocrx_word' id='word_1_376' title='bbox 0 0 1580 4980; x_wconf 95' lang='lat' dir='ltr'> </span> 
     </span>
    </p>
   </div>
  </div>
 </body>
</html>
