3120 4980
220 411 266 460 na
281 412 400 471 rroors,
416 409 547 462 cursus
562 407 725 457 cerutus
741 406 781 452 nr
796 405 970 489 rrruroruru⁸
986 401 1243 452 uarsnunrmr.
1336 381 1381 455 ff

95 539 158 618 erit,
170 536 254 602 aaut
275 538 313 602 in
326 534 548 600 accusationis
567 531 693 618 judicio
703 529 955 615 procedendum.
997 511 1160 610 supponir'
1170 529 1267 606 enim,
1287 527 1321 592 in
1332 527 1383 610 ju-

95 647 167 710 dicio
181 643 395 710 accusationis
412 641 532 728 judicis
546 639 690 704 officium
715 657 785 700 esse
800 637 932 700 omuino
954 635 997 697 ad
1012 653 1157 698 summos
1166 635 1248 716 J'nris
1271 633 1381 714 apices

97 753 290 838 exigendum,
306 753 350 814 ita
366 763 401 814 ut
410 750 514 834 judex
528 765 667 832 poenam
684 757 823 828 nequeat
837 744 1003 824 moderari,
1027 745 1096 808 sine
1111 744 1178 808 ullo
1192 743 1381 808 delictorum

98 864 275 942 discrimine,
301 859 358 924 sed
384 859 498 922 debeat
524 859 557 920 in
576 855 733 920 universis
758 853 946 916 criminibus
971 871 1044 916 eam
1070 869 1209 932 poenam
1228 850 1382 934 infligere,

97 995 169 1058 quae
182 976 251 1057 lege
267 971 458 1036 decernitur.
501 969 621 1032 Contra
636 977 746 1030 tumen
762 963 924 1046 respondit
950 983 1020 1026 esse
1035 961 1274 1026 observandum
1289 962 1324 1024 iu
1333 963 1384 1044 ju·

45 1105 50 1118 ·
97 1085 169 1148 dicio
182 1081 406 1164 inquisitionis,
422 1079 546 1162 quoties
563 1075 636 1140 tulrs
652 1094 756 1158 poena
770 1075 812 1137 ab
822 1075 893 1158 jure
909 1073 1142 1156 praestituatur,
1165 1090 1248 1152 quae
1264 1089 1323 1132 nee
1338 1089 1386 1132 or·
1430 1071 1435 1082 '

99 1188 171 1252 dinis
184 1188 323 1270 suscepti
348 1185 583 1262 executionem,
610 1201 669 1246 nec
687 1183 893 1247 retentionem
919 1180 1066 1246 beneficii
1083 1191 1234 1262 perpetuo
1252 1178 1386 1260 impedi-

100 1307 145 1372 ret,
160 1295 191 1356 in
206 1292 256 1356 his
271 1297 360 1356 enirn
375 1291 483 1354 causis
499 1292 612 1374 iuquit,
629 1291 813 1354 discretioni
822 1290 1007 1374 judicantis,
1035 1291 1062 1352 si
1079 1307 1215 1370 poenum
1231 1288 1388 1352 moderari

101 1403 228 1480 voluerit,
255 1402 404 1465 nonnihil
428 1420 498 1462 esse
514 1399 760 1482 indulgendum.
800 1382 839 1462 Si
854 1418 989 1462 causam
1004 1417 1150 1479 quaeras,
1176 1417 1283 1478 quare.
1295 1397 1328 1460 in
1337 1398 1389 1480 ju·

102 1512 173 1574 dicio
187 1512 402 1575 accusationis
418 1509 560 1592 rigidius,
584 1514 616 1572 iu
629 1508 752 1591 Jndicio
768 1507 983 1588 inquisitionis
1005 1505 1116 1568 mitius
1131 1515 1254 1586 agatur,
1269 1523 1329 1586 ego
1344 1503 1390 1566 di·

102 1637 171 1697 cam,
187 1620 216 1680 in
236 1617 360 1701 iudicio
375 1616 590 1690 accinctionis
616 1635 682 1678 nen
699 1627 764 1676 tarn
780 1613 985 1696 aequitatem,
1011 1631 1111 1694 quern
1127 1611 1389 1694 aequabilitatem

102 1744 161 1790 esse
174 1725 379 1804 servandam
406 1734 437 1786 et
452 1722 585 1806 quando
600 1735 777 1802 accusator,
794 1722 821 1786 si
838 1721 1071 1804 inprobatione
1096 1720 1255 1800 deficeret,
1273 1723 1391 1786 talione

103 1825 290 1918 puniebatur,
305 1853 363 1898 seu
385 1833 480 1916 plecti
496 1843 617 1914 poterat
631 1851 671 1894 aa
685 1852 797 1916 poena,
820 1851 923 1913 qnam
936 1832 970 1894 in
985 1849 1075 1896 reum
1090 1830 1290 1894 irrscreudam
1306 1831 1391 1896 dieo-

104 1940 157 2018 bot,
172 1941 303 2004 minimo
319 1939 435 2016 decuit,
452 1958 542 2004 reum
558 1939 744 2004 convictum
759 1941 869 2004 mitius
884 1941 988 2023 plecti,
1011 1945 1054 2006 ne'
1068 1946 1111 2006 rei
1126 1943 1233 2025 gravis
1248 1942 1391 2018 criminis

103 2050 202 2113 melior
215 2069 316 2114 causa
333 2049 499 2129 rideretur,
526 2068 626 2130 quam
642 2049 836 2112 accusatoris
853 2047 1067 2114 adtuendam
1092 2048 1325 2130 rempublicam
1341 2068 1394 2132 pe·

103 2153 203 2228 riculo¹
214 2175 275 2220 suu
289 2156 446 2220 conantis.
489 2157 534 2220 At
548 2157 580 2220 in
591 2156 716 2240 judicio
731 2157 955 2240 inquisitionis,
981 2176 1058 2221 eum
1072 2157 1200 2225 deficiat
1215 2171 1392 2238 accusator,

104 2263 221 2344 quisue
235 2265 377 2348 periculo
392 2265 513 2328 crimen
528 2266 665 2348 objiciat,
692 2266 785 2330 nullu
800 2277 848 2330 est
864 2268 950 2346 ratio,
967 2286 1008 2330 ex
1024 2287 1090 2350 qua
1104 2269 1259 2352 aequitas,
1274 2281 1307 2334 et
1320 2290 1392 2354 pru·

104 2368 201 2437 dantia
215 2393 330 2452 rerum,
345 2385 377 2435 et
392 2393 569 2456 poenarum
584 2373 779 2449 moderatrix
800 2374 910 2438 locum
926 2377 1044 2442 habere
1059 2391 1206 2462 nequeat.
1250 2381 1351 2450 Quod
1366 2379 1394 2444 si

67 2503 69 2510 ,
103 2477 199 2544 adbuc
215 2501 338 2564 urgeas,
366 2483 544 2546 usuvenire,
554 2483 587 2546 iu
599 2482 722 2564 judrcio
735 2483 962 2566 inquisitionis,
991 2495 1027 2546 ut
1040 2485 1106 2548 siut
1120 2486 1154 2548 in
1168 2504 1207 2548 eo
1220 2485 1391 2550 denuntia-

105 2597 176 2650 tores
187 2609 323 2654 causarn
333 2588 456 2672 judicio
467 2588 583 2654 dantes
596 2591 696 2654 etium
711 2591 877 2673 puniendi,
893 2593 919 2654 si
931 2612 987 2675 per
1001 2595 1198 2656 calumniam
1214 2595 1258 2658 ad
1268 2595 1392 2660 denun-

105 2695 242 2762 tiandum
257 2698 424 2779 accedere
439 2717 593 2780 reponam
608 2717 679 2780 ego,
693 2699 849 2780 imprimis
865 2719 929 2762 nen
941 2720 1066 2785 semper
1080 2701 1319 2769 denuntiatores
1334 2724 1392 2788 pu·

104 2803 234 2886 uirired
252 2818 322 2868 tum
349 2805 489 2884 demum,
517 2825 594 2871 cum
619 2807 660 2869 de
675 2806 839 2870 calumnia
864 2817 996 2870 constet.
1040 2809 1129 2880 Quid
1146 2809 1242 2888 euim,
1268 2811 1295 2876 si
1318 2829 1392 2879 reus

105 2909 280 2974 absolvatur
302 2932 344 2976 ex
359 2931 397 2974 eo
414 2923 548 2990 tuntum,
574 2914 661 2995 quod
678 2914 818 2996 liquidae
844 2934 909 2978 non
930 2914 1049 2979 irreriut
1070 2917 1215 2982 criminis
1238 2921 1393 3002 probatio·

105 3017 168 3078 uest
209 3019 387 3082 Accusator
402 3020 435 3084 iu
462 3021 643 3104 bncspecie
664 3022 742 3089 olim
767 3023 970 3104 puniebatur:
997 3027 1127 3108 punitos
1151 3027 1392 3096 denuntiatores

104 3123 227 3188 minime
243 3125 392 3208 legimus.
435 3127 561 3204 Deinde
576 3149 680 3211 poena
706 3129 968 3194 denuntiantium
993 3131 1264 3200 calumniatorum
1289 3157 1331 3202 ex
1346 3160 1393 3208 ar·

106 3230 186 3302 bitrio
205 3235 325 3316 judicis
350 3235 528 3320 plurimum
553 3237 679 3319 pendet.
722 3238 812 3320 Ergo
834 3240 931 3304 etiam
957 3240 1096 3324 pendere
1121 3263 1162 3306 ex
1179 3246 1305 3329 judicis
1315 3250 1394 3314 urbi·

106 3339 158 3400 trio
169 3345 281 3422 poterit
295 3363 399 3426 poena
415 3363 548 3424 reorum,
576 3347 629 3408 ubi
641 3341 802 3428 judicium
818 3349 859 3411 ab
873 3351 1081 3432 inquisitione
1096 3359 1241 3438 coeperit,
1262 3361 1395 3424 ututin-

106 3449 299 3529 quisitiquem
325 3451 526 3521 denuntiatio
555 3458 768 3538 praecesserit,
794 3457 874 3540 quin
895 3459 1015 3543 judicis
1045 3465 1258 3546 aequabilitas
1284 3467 1395 3535 dissei·

109 3567 199 3624 ratur.

504 3847 972 4150 s&
