3168 4982
207 311 272 385 2'68
543 339 784 392 ursssnrauro
804 339 962 406 sursus,
978 343 1128 395 eunucu.
1151 319 1195 390 11.

207 449 378 542 contracto,
403 461 582 530 dummodo
595 465 677 529 lrsec
691 465 769 530 iacti
791 464 946 549 adiuncta
960 476 1161 548 concurrens
1189 465 1301 548 primo,
1321 463 1507 548 conjugium
1575 533 1576 546 ff

207 569 250 634 sit
264 568 447 634 solemniter
471 573 505 634 iu
520 570 603 634 lacis
629 569 799 636 Ecclesiae
820 571 1026 654 celebramur,
1051 573 1154 636 immo
1168 572 1280 656 etjam
1300 589 1506 638 consumtus·

207 691 287 762 tnm;
303 681 455 762 secundo,
478 683 563 746 bona
578 679 660 746 fides
674 681 937 749 contrahentibus
952 681 1054 763 luerit,
1076 683 1131 750 cui
1145 701 1280 750 oausam
1296 682 1437 747 dedisset
1455 681 1508 746 vel
1575 675 1576 746 j

200 787 291 870 juris,
308 785 360 850 vel
376 786 452 852 lacti
465 789 657 871 ignorantis;
684 778 788 870 tertio,'
810 787 1075 872 impedimentum
1102 791 1144 853 sit
1158 789 1311 868 ocultum.
1337 807 1398 856 uec
1412 787 1525 856 faelic-

205 895 276 974 sine
290 893 446 959 seandalo
469 893 613 960 deveniri
627 895 670 960 ad
695 873 931 979 separationem
956 897 1132 980 conjugum
1154 895 1264 979 possit5
1291 905 1407 978 quarto
1419 894 1509 960 deni·
1575 897 1576 952 ἶ

204 1023 278 1090 que,
293 987 434 1090 nequeat
446 1005 617 1072 commode
631 1007 737 1071 referri
752 1024 802 1072 rss
827 1005 870 1068 ad
885 1005 1077 1071 Pontificem
1091 1005 1286 1085 Maximum,
1301 1005 1353 1069 vel
1368 1005 1411 1068 ob
1424 1005 1509 1070 loco·

203 1129 277 1178 rum
291 1111 488 1193 distantiam,
515 1113 567 1176 vel
581 1114 623 1178 ob
635 1116 811 1199 coniugum
835 1123 1067 1197 paupertatem,
1093 1114 1312 1194 rusticitatem,
1326 1113 1452 1178 aliasve
1467 1115 1508 1180 si·

202 1221 298 1286 miles
312 1239 441 1306 causare
458 1225 632 1306 exquibus
654 1224 750 1288 facile
761 1223 976 1306 concluditur,
995 1225 1226 1310 Episcopslem
1240 1227 1429 1311 hujusmodi
1443 1227 1508 1292 dis·
1575 1225 1576 1234 ’

203 1331 427 1415 pensatiouem
440 1332 483 1398 ad
498 1331 604 1432 iorum
618 1333 733 1418 potius,
750 1341 785 1400 nt
799 1335 899 1418 ajunt,
923 1335 1088 1401 iuterunm
1101 1335 1266 1418 pertinere,
1281 1353 1387 1419 neque
1402 1335 1436 1400 iu
1451 1355 1509 1402 ex·
1575 1327 1576 1362 ³

202 1449 294 1507 terno
308 1441 376 1510 ullo
390 1445 486 1508 modo
500 1444 678 1528 suffragari,
705 1463 744 1508 ac
759 1445 786 1510 sl
802 1446 835 1509 in
850 1445 1000 1511 Romane
1014 1445 1266 1511 Poeniceutiaria
1283 1447 1415 1511 obtenta
1428 1447 1509 1514 fuis·
1575 1439 1576 1526 ᾗ

202 1561 261 1615 set
296 1551 434 1624 Quoties
448 1571 525 1616 vero
539 1566 656 1638 agatur
668 1553 709 1616 de
725 1553 929 1617 matrimonio
943 1554 1085 1620 necdum
1098 1563 1271 1633 contracto,
1288 1552 1346 1616 sed
1359 1551 1508 1636 proxime
1575 1547 1576 1604 Ϊ

201 1660 431 1743 contrahendo,
446 1678 506 1726 nse
520 1659 671 1730 dubitant
685 1661 880 1746 Pragmatici
895 1659 1041 1726 adserere
1056 1659 1218 1744 Episcopo
1232 1657 1421 1726 facultatem
1441 1657 1507 1722 dia-
1575 1705 1576 1750 3

200 1769 362 1856 pensandi
376 1771 418 1836 ab
432 1769 663 1854 impedimento
677 1751 847 1836 dirimire
861 1769 995 1850 occulto,
1017 1785 1119 1852 quum
1134 1768 1328 1852 gravissime
1339 1765 1509 1850 quaedam
1575 1819 1576 1856 ;

201 1891 316 1962 urgeat
328 1899 438 1960 causa,
453 1890 486 1944 et
500 1898 561 1944 uec
575 1879 732 1947 Summus
746 1879 898 1944 Pontifex
913 1877 994 1944 adiri
1008 1878 1117 1943 statim
1133 1877 1241 1961 possit,
1267 1895 1328 1940 nee
1343 1876 1509 1940 matrimo-
1575 1883 1576 1958 ξ

199 1987 294 2055 uinm
309 1987 378 2052 sinc
393 1987 550 2052 scandalo
573 1988 608 2052 in
623 1987 712 2056 aliud
739 1997 867 2071 tempus
880 1986 1008 2054 differri.
1052 1988 1166 2070 ltaque
1191 1987 1244 2051 nis
1257 1985 1402 2070 exeeptis
1423 1987 1508 2051 ossi·

199 2099 262 2167 bus
276 2099 373 2164 hodie
388 2099 644 2183 receptissimum
665 2109 721 2180 est,
738 2099 1002 2164 matrimoniales·
1011 2098 1269 2182 dispensationes
1283 2115 1355 2160 esse
1369 2093 1507 2162 Pontis·
1575 2113 1576 2142 l

138 2281 141 2286 ,
199 2209 230 2274 ci
244 2209 391 2275 Maximo
405 2221 592 2293 reservatas,
619 2211 682 2276 uisi
696 2210 787 2274 aliter
801 2211 965 2295 legitimae
989 2210 1154 2293 postulent
1167 2209 1349 2293 singulares
1374 2209 1503 2292 atiqua-

198 2343 272 2391 rnm
287 2323 485 2389 Diocceseon
507 2320 768 2403 eonsuetudines,
793 2321 843 2385 vel
861 2321 1039 2404 singularia
1063 2317 1279 2403 quomdam
1299 2315 1506 2402 Antistitum,
1575 2315 1576 2354 ³

198 2433 257 2516 qui
270 2434 457 2520 praesertim
481 2431 649 2498 Pontificis
663 2431 802 2496 Maximi
828 2429 987 2516 legatione
1012 2427 1202 2512 funguntur,
1223 2427 1400 2512 privilegia.
1444 2423 1509 2492 Po-

199 2552 261 2607 test
275 2552 385 2610 autem
399 2543 533 2609 obtineri
547 2541 745 2628 dispensatio
759 2539 811 2604 vel
828 2541 862 2604 in
877 2539 1115 2620 Peuitentiaria,
1133 2539 1186 2602 vel
1200 2549 1293 2602 extre
1307 2535 1507 2602 Peuiteutia-
1575 2549 1576 2568 ³

198 2651 289 2732 rium,
304 2651 457 2742 nimirum
480 2653 513 2716 in
529 2649 740 2730 Cancellaria,
764 2659 821 2716 sut
835 2647 971 2713 Dateriu
985 2647 1144 2712 Romans.
1189 2647 1327 2718 Quoties
1341 2645 1510 2714 obtinetur
1575 2657 1576 2712 ἒ

197 2757 394 2842 dispensatio
409 2771 499 2824 extra
524 2757 797 2838 Penitentiariam,
824 2775 920 2824 suam
935 2757 1002 2820 vim
1028 2755 1130 2820 exerit
1145 2753 1179 2818 iu
1194 2763 1329 2836 utroque
1343 2751 1420 2831 loro,
1443 2769 1510 2820 scu
1575 2761 1576 2818 l

105 2955 107 2958 Ι
197 2867 330 2948 interno,
345 2889 404 2934 seu
419 2879 560 2951 exterum
577 2879 612 2932 at
632 2869 658 2932 si
674 2867 856 2934 obtineatur
881 2865 912 2929 in
929 2849 1189 2943 Poenlteutiaria,
1213 2873 1342 2928 tautum
1356 2861 1425 2926 rim
1444 2861 1509 2925 lut·
1575 2847 1576 2894 ³

196 2975 250 3040 bet
265 2976 299 3040 in
313 2975 380 3040 foro
395 2977 520 3042 interno
545 2977 731 3061 praesertim
745 2973 832 3058 qu'od
847 2973 1052 3058 Apostolicus
1076 2983 1229 3040 executor
1242 2989 1376 3038 munere
1390 2969 1509 3053 imple·

197 3093 230 3148 to
244 3083 352 3172 literas
367 3085 614 3170 dispensationis
630 3085 770 3148 lacerare
786 3082 911 3162 debent,
927 3093 963 3150 ut
979 3081 1106 3150 uullnm
1129 3081 1266 3166 supersit
1280 3079 1511 3163 indulgentiae
1575 3089 1576 3174 ἐ

195 3205 454 3261 monumentum.
496 3193 585 3261 Solet
600 3184 710 3260 antem
727 3191 759 3255 in
775 3191 1025 3255 Poenitentieria
1039 3191 1173 3255 obtineri
1188 3189 1386 3273 dispensatio
1400 3207 1511 3252 secre-

196 3308 229 3366 ta
244 3321 320 3368 cum
337 3302 443 3384 agitur
457 3301 497 3366 de
512 3295 743 3384 impedimento
758 3319 886 3384 prorsus
901 3297 1026 3366 occulto
1041 3299 1235 3364 matrimonii
1245 3301 1315 3384 jum
1330 3301 1511 3378 contracti,

194 3409 287 3492 cnjus
302 3407 494 3472 dessooietio
516 3408 586 3470 eine
600 3405 756 3470 scandalo
779 3405 847 3468 fieri
861 3415 1011 3488 nequeet;
1039 3417 1136 3488 atque
1150 3393 1268 3472 modus
1281 3404 1315 3468 in
1331 3403 1508 3489 dispansa·
1575 3399 1576 3448 t

194 3515 281 3580 tione
295 3515 487 3598 exequenda
501 3513 682 3580 servandus
697 3513 778 3576 solet
792 3513 826 3578 in
840 3513 991 3596 rescripto
1006 3511 1048 3575 ad
1062 3511 1295 3578 confessarium
1310 3510 1509 3594 regulariter
1575 3505 1576 3590 l

194 3621 315 3688 directo
329 3623 502 3706 praestitui,
518 3641 615 3705 quem
630 3633 797 3710 propterea
811 3629 964 3688 executor
977 3618 1180 3685 adamussim
1194 3615 1350 3701 implevit
1575 3703 1576 3708 ἵ

95 3715 96 3718 ¹
236 3729 382 3804 Quando
398 3751 473 3796 vcro
498 3731 562 3796 mei
576 3731 714 3798 instituti
738 3729 942 3814 potissimmu
957 3739 1006 3794 est
1020 3729 1061 3794 de
1083 3725 1378 3811 dispensationibus
1391 3743 1510 3811 agam,

194 3857 280 3926 quee
293 3850 386 3902 extra
400 3837 682 3931 Poenitentiariam
705 3837 924 3922 impetrantur,
939 3837 1083 3919 observo,
1105 3837 1268 3922 duplicem
1283 3855 1355 3901 esse
1367 3836 1513 3920 dispen-

194 3945 359 4012 sationum
379 3943 659 4012 comedendarum
673 3945 823 4012 l'ormam:
846 3947 946 4012 aliam
960 3943 1124 4027 nimirum,
1150 3963 1236 4032 quse
1250 3945 1368 4015 dieitur
1393 3947 1512 4014 lbrmn
1575 4013 1576 4028 p

193 4055 343 4140 gratiosa
358 4063 391 4119 st
404 4055 456 4124 sui
480 4066 599 4123 natura
613 4055 782 4120 formalem
808 4067 844 4122 rtt
858 4057 958 4140 ajunt,
983 4075 1041 4124 seu
1050 4055 1223 4141 juridicam
1244 4073 1365 4124 mosee
1379 4073 1512 4140 eegna·
1575 4091 1576 4152 ἰ

98 4207 102 4216 ·
193 4164 315 4228 tionem
329 4181 395 4228 nou
408 4162 559 4247 postulet,
585 4162 687 4230 aliam
701 4181 786 4247 quae
800 4162 918 4232 dicmur
939 4161 1043 4229 forms
1057 4163 1252 4245 comissoria,
1268 4175 1303 4228 et
1315 4159 1513 4250 immolem,
1575 4155 1576 4224 r

191 4267 436 4358 scujuridicaru
447 4289 569 4339 causac
582 4273 966 4358 cognitionemcxposctt.
1001 4271 1372 4356 Dispeumtionssquse
1385 4267 1516 4337 lubre
1575 4295 1576 4352 ξ

191 4397 248 4449 tna
262 4381 403 4468 pretiosa
416 4379 646 4466 conceduntur,
670 4380 757 4470 quod
772 4399 903 4468 perraro
914 4383 1074 4472 concupit
1094 4381 1309 4454 nihilomiuus
1323 4399 1365 4447 ex
1380 4377 1527 4466 couci:
1575 4363 1576 4416 t
