3134 4984
214 395 278 462 192
391 437 393 440 -
532 423 622 468 eree
639 423 765 486 earne,
785 423 1026 474 nrmeunsrro
1048 422 1198 488 assare,

745 737 897 806 CAPUT
919 734 978 804 111.

597 989 650 1054 De
670 999 780 1076 spreto
802 990 894 1055 arten
917 989 1127 1056 Sanctorum·

419 1233 423 1244 '
503 1239 578 1306 Huc
604 1241 791 1306 referendus
818 1253 867 1303 cst
890 1240 1003 1303 titulus
1027 1241 1076 1303 te.
1102 1239 1170 1306 libr.
1191 1243 1221 1305 3.

212 1495 413 1714 BOGMA
433 1651 482 1701 est
497 1639 685 1703 Catholicae
712 1639 797 1719 fidei,
822 1639 978 1722 singulari
994 1639 1084 1703 cultu
1101 1641 1132 1704 iu
1152 1641 1300 1732 Ecclesia
1323 1661 1495 1726 prosequen·

205 1753 265 1818 dos
279 1772 359 1828 esse,
375 1771 513 1833 quorum
540 1753 787 1834 animeey'ustae
814 1753 844 1814 in
862 1751 992 1814 coelesti
1010 1751 1208 1817 Patriacum
1235 1759 1245 1812 t
1255 1757 1366 1818 *bristo
1381 1757 1498 1820 feliciter

92 1871 107 1938 ’,
206 1873 351 1946 regnant,
369 1881 432 1924 nou
451 1881 529 1924 sane
544 1859 630 1942 quod
648 1861 678 1923 iu
696 1862 758 1922 hec
775 1875 862 1943 purte
879 1861 1064 1926 Christiana
1081 1865 1182 1944 pietus
1206 1879 1351 1928 veterum
1369 1868 1499 1946 gentium

204 1971 405 2052 apotheosim
420 1971 546 2032 imitate
564 1969 664 2048 luerit,
681 1973 773 2053 cujus
790 1972 821 2032 vi
839 1971 1013 2048 nonnullis,
1029 1991 1111 2052 quos
1129 1971 1177 2034 vel
1194 1973 1374 2053 Seuridens,
1392 1977 1437 2036 vel
1452 1976 1499 2038 Se·

132 2119 134 2124 .
205 2095 328 2154 mones,
344 2079 438 2157 quasi
463 2077 543 2140 semi
559 2077 708 2139 homiues
723 2077 939 2159 appellabant,
966 2078 1069 2140 diurni
1086 2079 1223 2142 honores
1244 2083 1498 2158 decernebarrtur;

206 2207 334 2270 semper
348 2187 435 2250 enim
453 2186 601 2249 Ecclesia
616 2185 734 2264 docuit,
748 2199 781 2248 et
796 2205 898 2250 uuum
914 2207 985 2250 esse
1004 2189 1118 2252 Derun.
1141 2203 1169 2250 et
1188 2209 1251 2252 non
1269 2192 1331 2254 uisi
1350 2211 1450 2254 unum
1465 2189 1500 2250 uti

208 2296 315 2360 Deum
341 2296 609 2374 ossecolendum3
637 2295 797 2376 sedquod
825 2295 956 2358 divinae
982 2297 1102 2378 gloriae
1129 2299 1299 2380 participes
1327 2301 1461 2374 illisint,
1478 2309 1503 2357 et

207 2407 330 2489 possint
345 2405 433 2488 apud
461 2406 567 2468 Deum
584 2425 639 2488 pro
654 2406 746 2467 nobis
772 2405 880 2470 adtruc
896 2407 1077 2488 peregrinis,
1101 2421 1131 2468 et
1148 2409 1368 2470 militantibus
1384 2409 1501 2470 interce·

206 2512 289 2591 dere,
316 2512 440 2575 Goucil.
469 2511 602 2575 Trition.
630 2532 707 2574 sins.
734 2511 785 2574 25.
813 2513 845 2574 in
872 2511 999 2574 decreto
1022 2513 1062 2574 de
1078 2513 1281 2576 invocatione
1308 2513 1504 2578 Sanctorum.

207 2620 324 2684 Primis
349 2620 518 2683 Ecclesiae
543 2620 682 2682 saeculis
707 2617 796 2701 apud
814 2619 926 2682 fideles
953 2620 1013 2682 coli
1042 2633 1281 2684 consueverunt
1305 2619 1432 2702 postB.
1449 2617 1506 2680 bla-

207 2733 299 2812 riam,
315 2733 369 2794 cui
385 2751 464 2795 sene
480 2744 636 2813 tauquam
654 2732 813 2813 Deiparne
825 2731 989 2812 singulare
1004 2732 1195 2812 obsequium
1208 2731 1402 2804 debebatur,
1417 2731 1439 2794 ii
1452 2746 1509 2790 om·

206 2857 274 2918 tres,
290 2859 429 2920 quorum
454 2839 487 2900 iu
503 2839 603 2900 sacris
620 2839 717 2900 literis
735 2837 865 2918 probata
890 2837 956 2898 vita
971 2839 1232 2900 constantissime
1259 2837 1333 2916 fuit,
1354 2840 1440 2900 iuter
1452 2852 1511 2896 cee-

207 2956 290 3010 tcros
306 2947 449 3010 Joaaues
464 2945 665 3026 Praecursou
682 2957 780 3027 atquc
795 2945 834 3006 iis
857 2945 965 3008 statim
981 2960 1194 3022 accesserunt,
1211 2957 1378 3026 quotquot
1393 2943 1510 3008 suerunt

207 3059 353 3138 martyrii
368 3055 469 3139 glorie
495 3055 644 3134 illustres,
668 3074 707 3116 ec
722 3073 797 3136 prae
814 3054 924 3135 primis
939 3051 1084 3135 Apostoli
1101 3054 1252 3130 unirer-si,
1277 3073 1320 3116 ec
1337 3055 1402 3116 viri
1427 3053 1512 3132 Apos-

142 3187 150 3202 ·
207 3167 303 3245 tolici,
329 3167 437 3247 qualis
456 3178 531 3228 -erat
558 3167 776 3247 Prommartyr
802 3166 998 3247 Stephanus
1024 3165 1080 3246 qui
1096 3177 1167 3247 post
1193 3165 1382 3245 Christum,
1405 3184 1443 3228 ac
1465 3179 1510 3243 pto

207 3277 337 3340 Christo
351 3277 508 3338 obterunt.
553 3275 732 3357 Martyrum
749 3287 844 3336 erunt
870 3274 930 3335 trin
948 3272 1047 3334 veluti
1062 3289 1190 3354 genera,
1211 3291 1362 3352 quorum
1379 3271 1436 3334 elii
1451 3269 1513 3330 Pro·

207 3385 353 3464 sessores,
380 3385 434 3448 alii
451 3383 667 3462 Corrlessores,
685 3383 739 3446 ulii
765 3381 906 3464 generali
925 3383 1055 3444 nomine
1072 3383 1233 3463 Martyres
1255 3382 1517 3463 appellabantur.

145 3537 150 3547 -
209 3493 406 3559 Professores
422 3495 629 3569 vocabantur,
653 3493 790 3573 quinon
807 3491 996 3572 interpellati
1012 3509 1047 3550 se
1064 3489 1183 3570 pellem
1208 3487 1428 3550 Christianus
1442 3501 1515 3547 asse·

208 3606 329 3683 rebant,
345 3617 458 3688 sponte
474 3623 544 3665 sese
559 3600 726 3684 suppliciis
740 3599 917 3662 offerentes.
955 3591 1184 3660 Confessorum
1198 3598 1344 3680 *nomine
1360 3595 1515 3661 donabar·

207 3711 259 3776 tur
275 3715 304 3792 ii,
321 3715 376 3794 qui
393 3711 585 3794 interpellati
611 3709 813 3774 Christianos
829 3725 864 3769 se
889 3707 1051 3770 constanti
1066 3707 1176 3771 arrirno
1201 3703 1377 3783 dixerant,
1400 3717 1433 3768 et
1446 3718 1516 3765 mor·

208 3833 273 3884 tent
291 3842 345 3903 pro
361 3823 478 3885 Christi
503 3820 568 3884 fule
583 3821 792 3902 oppetierant.
837 3815 996 3896 Martyres
1012 3811 1152 3907 generali
1176 3813 1317 3874 nomine
1334 3813 1517 3876 dicebantur

192 3932 240 4012 ‚it
256 3934 310 4013 qui
337 3943 459 3995 atroces
474 3927 608 4011 quidem
634 3928 773 4009 perpessi
791 3921 919 3988 lucreu't
944 3941 1000 4006 pro
1016 3923 1145 3985 Christo
1159 3921 1346 3998 cruciatus,
1375 3917 1516 4003 equibus

209 4051 316 4102 tamen
334 4039 519 4121 superstites
534 4049 721 4124 evaserunt,
734 4035 801 4102 rita
816 4021 933 4096 deinrle
949 4031 1060 4106 functi,
1076 4025 1154 4092 durn
1172 4023 1250 4110 pace
1273 4030 1434 4098 Ecclesia
1452 4029 1519 4090 irue-

209 4161 304 4228 retur;
323 4159 419 4228 atque
434 4147 474 4208 tle
490 4147 552 4208 hoc
568 4145 748 4226 Martyrum
765 4153 881 4224 genere
895 4139 1155 4220 frequentissime
1171 4137 1300 4199 mentio
1324 4151 1381 4202 cst
1395 4133 1479 4222 apud
1492 4134 1517 4196 S.

208 4257 420 4338 Cyprianum.
466 4255 632 4318 Praeterea
648 4253 811 4334 Martyres
824 4249 1059 4332 cujuscumque
1082 4246 1208 4328 generis
1222 4259 1356 4327 esseut,
1374 4247 1468 4312 modo
1481 4243 1519 4302 rii-

210 4369 368 4428 cebnntur
381 4365 560 4447 designati,
588 4373 697 4424 contra
711 4366 795 4442 qnos
813 4335 1025 4426 „scilieetlata
1052 4355 1156 4418 suerat
1182 4359 1371 4436 sententie,
1388 4355 1520 4422 uorulrun

210 4475 393 4538 executioni
420 4473 586 4554 mandatu
614 4471 710 4536 modo
726 4469 955 4548 consummati,
980 4485 1038 4530 scu
1053 4467 1206 4545 cororrntr',
1227 4467 1294 4548 qui
1320 4469 1461 4554 glorioso
1476 4477 1518 4547 pt⁰
