3210 4990
588 217 596 246 b

182 357 243 422 164
535 378 780 424 presencium
799 379 957 442 suasus,
977 381 1059 424 can·
1076 357 1135 428 111.

222 501 318 564 Error
333 499 365 564 in
391 500 545 584 qualitate
561 509 581 566 a
596 501 751 572 Gratiano
777 500 809 564 in
824 521 914 566 caus
929 503 979 569 29.
996 513 1118 583 quaest
1143 503 1172 566 1.
1187 503 1302 586 triplex
1316 523 1392 571 esse
1401 503 1485 578 dini.

179 628 239 696 tur,
255 608 402 672 distinxit
416 607 503 670 enim
518 608 668 672 collector
682 608 734 670 ille
764 609 952 692 qualitatem
968 615 988 674 a
1004 607 1138 692 fortuna,
1154 623 1185 674 et
1199 612 1389 692 conditione,
1405 616 1485 682 sori·

180 699 259 782 bens
274 735 410 780 errorem
435 716 627 782 conditionis
641 736 719 796 esse,
745 737 821 782 cum
846 719 919 800 quis
944 731 1064 802 putans
1079 719 1194 784 ducere
1220 721 1361 803 liberam,
1385 724 1485 790 duxit

179 829 343 910 ancillam;
358 849 493 892 errorem
509 827 664 906 fortunae,
679 847 754 892 cum
769 829 842 910 quis
857 842 977 914 putans
991 830 1107 894 ducere
1122 832 1265 914 divitem,
1277 835 1405 918 inopem
1420 837 1485 902 du·

179 942 237 1020 xit;
265 958 399 1007 errorem
417 937 591 1018 qualitatis,
617 938 782 1020 eumquis
805 949 925 1020 putans
950 939 1068 1002 ducere
1083 941 1208 1021 bonam,
1239 942 1486 1020 duxitmalam‚

180 1049 261 1113 Nolo
277 1049 311 1110 in
333 1046 395 1108 hac
412 1055 499 1126 parte
525 1044 564 1106 de
579 1045 683 1108 verbis
709 1045 908 1108 contendere.
953 1048 1149 1111 Generaliter
1169 1061 1277 1114 tamen
1304 1052 1418 1133 dicam,
1436 1075 1483 1120 ex

177 1177 279 1222 errore
295 1155 399 1216 vitiari
415 1165 535 1236 actum,
551 1165 700 1236 oportere,
717 1155 982 1236 quotiescumque
998 1157 1071 1218 talis
1086 1177 1169 1221 error
1184 1161 1232 1237 sit,
1249 1163 1305 1243 qui
1321 1164 1347 1228 si
1363 1165 1405 1228 ab
1419 1165 1485 1230 ini·

177 1273 220 1334 tio
236 1259 441 1358 detegeretur,
467 1283 600 1326 causam
615 1263 835 1328 dissentiendo
859 1269 1029 1348 praeberet,
1055 1269 1187 1350 quando
1205 1291 1315 1336 verum
1329 1285 1386 1354 est,
1402 1295 1481 1339 oon-

178 1401 310 1446 sensum
336 1381 380 1442 ita
405 1377 576 1440 informare
600 1386 808 1456 contractum,
826 1387 862 1440 ut
885 1378 954 1442 sine
975 1399 1135 1444 consensu
1161 1383 1271 1446 nullus
1292 1397 1482 1452 contractus

176 1493 255 1556 inire
278 1489 410 1552 dicetur.
454 1485 623 1555 Quoniam
649 1504 725 1548 vero
748 1505 936 1568 consensus,
962 1487 1014 1550 vel
1040 1487 1205 1553 dissensus
1231 1495 1366 1558 errantis
1390 1497 1481 1560 eirca

173 1621 246 1665 earn
261 1599 459 1682 qualitatem,
475 1597 508 1660 in
534 1614 599 1678 qua
614 1615 697 1658 error
712 1606 864 1674 versatur,
880 1597 922 1660 ab
936 1597 1027 1660 initio
1047 1597 1169 1680 liquido
1184 1619 1249 1666 non
1265 1602 1405 1686 adparet,
1420 1623 1480 1668 ne·

172 1731 236 1794 que
252 1711 333 1774 alias
349 1709 382 1772 in
407 1719 571 1771 contractu
588 1705 781 1770 matrimonii
810 1705 941 1786 expedit
966 1707 1165 1772 conditiones
1178 1721 1282 1774 certes
1297 1712 1424 1794 adponi,
1441 1714 1478 1779 in

172 1841 255 1902 quas
281 1819 467 1903 conjugium
493 1815 681 1894 conteratur,
708 1815 921 1896 utisuperius
944 1815 1149 1880 observatum
1171 1819 1240 1901 jam
1265 1817 1335 1899 fuit,
1361 1839 1480 1886 curau-

172 1929 253 1994 dum
277 1938 344 1991 erat
359 1923 650 2008 legumlatoribus,
677 1933 713 1986 ut
737 1921 934 2004 quibusdam
959 1925 1070 1989 erratis
1095 1927 1307 2008 gmvioribus,
1333 1941 1366 1992 et
1389 1949 1480 2011 quaa

171 2039 314 2102 maxime
337 2035 534 2120 probabilem
559 2029 770 2096 dissentiendi
794 2015 929 2096 calisam
951 2035 1100 2113 praebere
1126 2037 1316 2117 generaliter
1340 2038 1477 2118 soleant,

169 2151 266 2214 venia
291 2147 525 2226 concederetur,
541 2145 753 2226 denegaretur
775 2141 857 2222 aliis;
882 2142 970 2208 unde
985 2142 1082 2223 fieret,
1098 2155 1134 2209 ut
1159 2147 1194 2210 in
1208 2147 1405 2229 quibusdam
1420 2149 1479 2213 de-

168 2257 313 2334 claretur,
330 2273 394 2318 uon
410 2252 590 2316 constitisse
603 2249 791 2334 conjugium
816 2249 859 2311 ab
884 2248 983 2327 iuitio,
998 2253 1092 2332 quasi
1109 2251 1277 2320 deficiente
1303 2275 1481 2338 consensu,

169 2367 202 2430 in
217 2363 414 2450 quibusdam
429 2361 608 2426 declaretur
631 2356 819 2441 conjugium
849 2357 892 2420 ab
916 2358 1008 2424 initio
1022 2359 1172 2440 valuisse,
1194 2364 1288 2443 quasi
1310 2383 1480 2432 consensu

169 2475 278 2540 adhuc
303 2473 470 2536 existente.
513 2466 793 2547 Quotiescumque
817 2463 904 2532 enirn
919 2465 994 2528 talis
1007 2477 1092 2528 esset
1116 2467 1265 2548 qualitas,
1291 2489 1349 2534 seu
1364 2469 1481 2535 condj.

168 2591 219 2658 tro,
236 2599 321 2678 quae
335 2575 535 2660 gravissima,
550 2572 728 2654 eademque
743 2581 837 2650 certa,
854 2571 968 2653 inqua
984 2585 1128 2645 erratum
1139 2571 1228 2650 soret,
1244 2585 1276 2638 et
1290 2576 1371 2655 talis,
1386 2597 1477 2658 quae

167 2688 355 2784 gensqaliter
369 2684 518 2750 homines
542 2679 726 2746 abstrahere
741 2679 857 2744 soleta
882 2678 1110 2758 contrahendo,
1126 2698 1182 2752 eut
1204 2699 1272 2751 mon
1289 2699 1476 2763 praesume·

167 2809 254 2862 retur
275 2794 356 2878 juris
372 2789 630 2874 interpretatione
656 2785 797 2850 defuisse
826 2785 1018 2850 consensus?
1060 2787 1105 2859 At
1119 2785 1384 2869 quotiescumque
1399 2789 1478 2859 talis

167 2917 250 2971 esset
266 2903 413 2986 qualitas,
431 2919 487 2962 sou
504 2896 652 2974 conditio,
669 2913 753 2981 quae
768 2894 878 2958 miuus
904 2895 1013 2978 gravis
1028 2893 1115 2974 soret,
1132 2894 1311 2976 eademque
1328 2915 1361 2960 ut
1376 2897 1477 2980 pluri·

169 3037 258 3081 mum
276 3019 308 3078 in
324 3015 442 3076 incerto
458 3010 569 3094 posita,
585 3019 616 3070 et
629 3003 809 3070 admodum
825 3023 920 3086 vaga,
935 3021 994 3066 seu
1013 3022 1098 3086 quae
1113 3003 1224 3086 recipit
1238 3005 1351 3088 magis,
1368 3015 1399 3068 et
1413 3007 1477 3072 mi.

169 3148 239 3204 nus,
249 3127 320 3208 juro
336 3141 398 3184 uon
415 3129 481 3182 erat
497 3111 712 3206 infirmandus
727 3121 917 3188 contractus,
948 3129 989 3174 ne
1004 3110 1124 3192 passim
1140 3109 1238 3174 variis
1253 3111 1475 3193 praetextibus

170 3233 374 3300 sanctissima
399 3227 622 3310 conjugiorum
647 3219 779 3286 vincula
804 3216 1063 3282 dissolverentur.
1106 3217 1233 3278 Revera
1255 3217 1282 3278 si
1305 3234 1475 3282 omniser-

171 3367 228 3423 ror,
244 3343 337 3426 quasi
351 3355 546 3404 consensum
562 3330 749 3411 excludens,
764 3327 806 3392 ad
821 3325 1066 3392 dissolvendum
1081 3336 1191 3388 actum
1207 3325 1374 3403 sufficeret,
1391 3343 1476 3407 qua-

172 3455 201 3519 le
216 3472 293 3516 nam
308 3447 493 3532 conjugium
509 3449 742 3526 proponeretur,
768 3435 853 3518 quod
869 3434 990 3517 passim
1007 3451 1070 3496 uon
1093 3433 1299 3520 subjiceretur
1313 3433 1474 3516 querimo-

174 3565 234 3627 niis
250 3555 465 3644 quorumdam
491 3553 666 3636 conjugum
691 3565 761 3609 sese
777 3544 890 3608 liberos
906 3544 947 3606 ab
969 3542 1057 3606 omni
1072 3561 1159 3608 nexu
1187 3541 1476 3624 proclamantium}

173 3673 235 3736 Hic
251 3669 376 3742 diceret,
400 3684 434 3726 se
450 3661 646 3734 nobiliorum,
672 3655 725 3718 ille
753 3653 999 3735 locupletiorem,
1026 3653 1079 3716 bio
1105 3652 1246 3716 moribus
1269 3653 1475 3732 ornatiorem,

172 3779 226 3842 ille
256 3771 440 3836 valetudine
467 3767 637 3832 firmiorem
666 3761 839 3824 credidisse
869 3759 1002 3824 ductam
1027 3762 1204 3843 conjugem,
1233 3779 1334 3842 quam
1362 3780 1476 3850 revera

173 3885 297 3960 existat,
313 3891 344 3940 et
360 3889 403 3940 tot
419 3874 634 3938 suborirentur
648 3869 773 3934 dissidii
796 3867 1026 3952 causae„quod
1040 3868 1119 3952 fingi
1145 3880 1248 3957 errata
1263 3867 1294 3932 in
1311 3870 1475 3936 universis

173 3989 383 4075 qualitatibus
408 3995 547 4070 possent.
589 3981 726 4046 Inanern
742 3999 812 4042 esse
837 3977 1025 4062 hujusmodi
1045 3991 1220 4040 erratorum
1242 3977 1474 4060 allegationem

168 4105 237 4186 jam
253 4099 486 4163 constituerunt
512 4093 545 4156 in
561 4089 631 4154 aliis
657 4090 755 4154 etlam
770 4088 985 4152 contractibus
1009 4089 1149 4152 Romani
1163 4087 1183 4150 J
1186 4087 1388 4168 irreconsulti,
1403 4087 1425 4150 l.
1439 4090 1473 4154 9.

175 4206 235 4280 itt,
256 4218 288 4272 et
304 4207 352 4268 11.
368 4201 399 4266 ff.
415 4201 455 4263 de
481 4197 624 4260 contrah.
640 4208 735 4280 entpt.
763 4215 839 4258 curn
869 4193 1036 4270 similibus
1053 4211 1093 4256 ne
1116 4191 1236 4274 passim
1252 4203 1343 4256 actos
1368 4193 1475 4258 bomi-

172 4338 253 4383 num
281 4308 532 4401 revocationibus
561 4306 780 4389 inopportunis
809 4303 939 4373 obnoxii
968 4301 1183 4382 redderentur,
1213 4311 1245 4364 et
1269 4321 1475 4384 quamquam

163 4394 470 4504 .iorte-i1irandoqrra
494 4415 678 4498 contingere
706 4413 814 4498 possit,
838 4423 875 4476 ut
889 4409 1031 4496 prudens
1052 4408 1227 4520 quisquam
1246 4409 1380 4494 judicet,
1397 4427 1476 4489 suon
