3210 4990
213 321 276 390 tto
570 335 814 392 nrssnrrmno
837 343 996 392 aniana.
1019 343 1096 392 cur.
1118 323 1161 392 Π.

211 485 249 530 so
264 465 374 530 animo
399 465 542 548 tolerare,
568 485 670 550 quam
695 467 849 532 meritum
874 467 1051 548 admittere,
1077 485 1148 551 cap.
1173 465 1224 531 44.
1247 463 1289 530 de
1314 473 1445 530 sentent
1458 477 1509 530 et·

206 595 380 656 commun,
395 597 476 661 cap,
494 577 542 642 13.
559 578 599 642 de
615 579 710 642 restit
734 573 860 662 spoliat.
903 572 1011 663 Hujus
1035 580 1160 662 generis
1187 579 1420 642 controversias
1433 578 1506 644 olitn

205 688 417 753 ecclesiastici
440 689 609 754 Antistites
639 691 799 754 remisisse
819 687 1015 773 quandoque
1038 689 1193 772 logontnr
1214 683 1505 773 laicorum'jndicio

205 795 420 877 definiendas,
444 798 491 862 uti
513 797 636 862 facturn
662 795 763 861 fnisse
786 799 820 862 in
845 815 947 861 causa
972 797 1152 862 Northildis
1177 799 1279 880 liquet
1302 817 1345 862 ex
1367 797 1506 862 Concilio

206 904 419 968 Attinlacensi
434 905 513 968 anni
525 903 611 982 822,
627 903 667 966 de
682 921 747 985 quo
762 903 922 969 nonnulla
936 903 1076 986 legimus
1091 903 1180 987 apud
1194 901 1412 968 Hincmarum
1427 901 1507 968 lihe-

206 1030 353 1078 mensem
368 1014 403 1077 in
414 1012 570 1095 opusculo
584 1010 625 1074 de
649 1011 785 1076 divortio
808 1011 962 1092 Lotharii,
986 1021 1018 1074 et
1039 1011 1270 1093 'l'heutbetgae
1285 1010 1464 1092 interrogat
1479 1009 1506 1071 t.

205 1123 450 1190 Recentioribns
472 1132 581 1186 tamen
603 1119 742 1184 saeculis
767 1115 921 1203 Episcopi
942 1118 1088 1204 judicare
1110 1127 1359 1197 consueverunt,
1387 1137 1455 1200 cap.
1469 1115 1506 1197 4.,

204 1242 240 1296 et
255 1231 303 1295 14.
319 1231 360 1295 de
375 1230 561 1314 probation,
576 1245 647 1312 cap.
665 1229 692 1292 l.
708 1239 740 1291 et
753 1227 963 1310 sernentibus
977 1227 1023 1321 de
1043 1227 1113 1311 frig.
1135 1239 1169 1292 et
1182 1227 1289 1292 males.
1312 1227 1507 1293 Sententiam

205 1338 331 1406 Juditis
345 1339 428 1403 duas
442 1339 560 1402 habere
574 1347 678 1421 potest
692 1349 806 1419 partes,
833 1353 973 1418 quarum
998 1335 1103 1420 prima
1123 1347 1245 1422 spectet
1265 1336 1506 1401 matrimonium

206 1461 417 1532 contractum,
441 1449 542 1513 altera
556 1445 647 1512 alind
671 1448 860 1532 eonjugium
884 1445 1142 1510 contrahendum
1167 1447 1218 1510 rot
1242 1465 1307 1511 non
1322 1445 1508 1512 contrahen-

205 1561 297 1628 dum.
340 1559 616 1643 Distinguendum
631 1557 694 1621 etit
715 1557 758 1620 ad
773 1557 861 1622 hanc
883 1575 950 1620 rem
964 1557 1047 1621 inter
1061 1557 1290 1640 impotentiam,
1306 1575 1407 1641 qnam
1422 1559 1507 1621 abso

206 1671 319 1750 lutam,
333 1682 462 1748 eteam,
476 1685 578 1751 quam
593 1667 805 1750 respectivam
827 1675 953 1730 vocant
997 1665 1070 1744 Ubi,
1092 1677 1125 1728 et
1149 1683 1191 1730 ort
1217 1685 1284 1749 qna
1308 1677 1397 1749 parte
1413 1667 1507 1749 impo

204 1778 306 1842 tentia
320 1774 470 1839 absoluta
494 1773 678 1858 proponitur
702 1783 734 1836 et
760 1773 918 1856 probatur,
944 1773 989 1837 ita
1011 1773 1288 1856 pronuntiandum
1312 1775 1378 1854 en't,
1395 1787 1508 1838 utnon

203 1897 331 1950 tantum
360 1893 562 1947 contractum
591 1882 780 1964 conjugium
809 1881 935 1945 irritum
964 1879 1159 1962 declaretur,
1189 1881 1247 1946 sed
1275 1893 1307 1948 et
1344 1881 1509 1968 impotenti

202 1993 425 2082 praecipiatur,
450 2009 491 2056 ue
517 2007 620 2054 noves
646 1989 778 2073 nuptias
803 2007 881 2054 cnm
906 1989 970 2054 alio
992 1991 1171 2072 contrahat,
1195 2010 1350 2056 concesse
1371 2001 1509 2056 montm-

202 2104 299 2170 modo
327 2100 483 2166 facultate
507 2119 611 2163 noves
636 2099 768 2182 nuptias
790 2097 1002 2162 contrahendi
1027 2099 1083 2181 qni
1112 2099 1169 2164 tali
1197 2101 1275 2166 vitio
1298 2117 1365 2164 non
1380 2101 1507 2180 laboret,

201 2233 273 2277 can.
288 2213 340 2276 29.
355 2229 449 2274 caus.
463 2209 515 2274 27.
531 2217 654 2291 quaest.
670 2207 709 2288 2.,
739 2225 810 2270 can.
839 2207 866 2270 l.
881 2215 914 2268 et
933 2206 965 2268 2.
988 2225 1077 2270 caus.
1093 2205 1143 2272 33.
1159 2219 1282 2289 quaest
1306 2210 1334 2273 l.
1356 2207 1421 2274 Ubi
1437 2226 1508 2272 vero

199 2319 244 2383 sit
268 2317 460 2401 impotentia
487 2314 674 2398 respectiva,
700 2330 766 2376 non
795 2311 909 2395 poterit
932 2311 1066 2394 quidem
1090 2311 1199 2378 Judex
1223 2313 1365 2379 indicere
1388 2315 1506 2380 invitae

199 2424 337 2504 mulieri,
367 2433 405 2486 ut
433 2419 633 2504 ohimigisae
660 2420 740 2484 artis
768 2417 919 2483 remediis
948 2437 983 2483 se
1011 2419 1168 2505 subjiciat,
1194 2423 1313 2504 quibus
1338 2425 1407 2486 viro
1433 2435 1507 2508 apta

199 2534 365 2614 reddatur,
390 2530 448 2596 sed
472 2532 518 2595 ita
540 2529 782 2594 matrimonium
804 2527 968 2609 dbsolvet,
983 2539 1020 2592 ut
1033 2531 1160 2612 utrique
1174 2529 1363 2598 facultatem
1377 2532 1507 2598 alterius

198 2639 413 2708 contrahendi
425 2638 571 2721 conjugii
586 2635 694 2716 iaciat
717 2634 800 2716 adeo
816 2649 859 2714 ut,
885 2635 985 2698 etiarn
1010 2635 1037 2698 si
1061 2654 1144 2700 uxor
1167 2655 1295 2703 nntnm
1319 2640 1506 2723 eonjugium

200 2759 343 2834 experta,
368 2745 517 2810 videatur
541 2753 618 2827 apta
640 2740 766 2804 reddita
788 2739 882 2824 priori
906 2741 1032 2820 merito,
1060 2759 1232 2825 nunqnam
1258 2755 1368 2808 tamen
1397 2745 1505 2827 possit,

201 2869 262 2925 ant
284 2857 398 2922 doben
422 2853 465 2918 ad
491 2854 627 2937 priorem
649 2851 803 2916 maritum
828 2850 952 2932 retorti,
977 2869 1050 2915 can.
1074 2851 1105 2916 4.
1129 2835 1217 2918 eane.
1243 2853 1294 2918 33.
1316 2867 1442 2937 quaest.
1470 2858 1505 2936 1.,

199 2965 478 3056 quemadmodum
514 2964 603 3027 enirn
639 2961 889 3058 prudentissime
917 2981 1029 3045 aeque,
1058 2981 1099 3024 ac
1126 2963 1352 3030 honestissime
1381 2969 1506 3052 scripsit

200 3075 411 3142 Innocentius
426 3070 484 3134 111.
500 3069 532 3133 in
554 3087 626 3154 cap.
653 3069 681 3132 b.
705 3069 739 3132 in
765 3067 830 3132 fine
855 3068 897 3134 de
917 3069 987 3152 irig.
1010 3079 1042 3133 et
1056 3069 1174 3150 melei,
1189 3072 1446 3152 dotationem
1460 3083 1508 3142 est

193 3175 545 3266 socdsjadt'oundunu
561 3173 926 3262 cnmfimlejndioittm
936 3179 1081 3261 pendeat
1095 3181 1275 3264 eestttitro.

243 3287 336 3353 Haec
350 3285 461 3350 omnia
475 3301 553 3346 vera
566 3294 653 3358 sunt,
669 3284 697 3348 si
719 3281 858 3348 coeundi
883 3283 1071 3368 impotentia
1097 3287 1140 3350 ab
1164 3289 1255 3352 initio
1268 3293 1424 3356 contracti
1439 3311 1506 3356 ma·

201 3397 342 3463 trimonii
363 3395 469 3477 fuerin
496 3411 566 3458 non
585 3412 661 3458 vero
686 3393 714 3457 si
738 3403 810 3476 post
833 3403 1037 3458 contractum
1064 3395 1252 3480 conjuginm
1277 3401 1504 3483 supervenerit,

198 3529 279 3575 cnm
293 3507 383 3573 alind
399 3509 441 3571 sit
455 3501 581 3570 irritum
608 3505 671 3570 diei
693 3505 882 3588 conjugium
908 3505 950 3570 ab
973 3505 1072 3587 initio,
1098 3507 1126 3571 si
1150 3507 1301 3609 alteruter
1325 3529 1367 3574 ex
1381 3523 1505 3576 contra·

197 3621 351 3688 lrantibns
366 3616 573 3701 impotentiae
589 3614 667 3678 vitio
683 3613 815 3696 laborat3
831 3612 931 3692 aliud,
957 3613 1056 3678 semel
1067 3615 1140 3698 jure
1153 3611 1320 3682 firmatum
1335 3617 1504 3684 vinculum

196 3747 292 3816 posse
306 3726 449 3804 dissolvi,
464 3741 537 3788 ean.
562 3721 616 3787 25.
641 3731 673 3785 et
697 3721 748 3786 27.
776 3738 866 3786 caus.
887 3721 938 3786 32.
953 3735 1078 3804 quaest.
1101 3725 1131 3789 7.
1153 3725 1189 3790 Si
1203 3725 1258 3789 cui
1272 3725 1362 3790 aliter
1377 3745 1504 3809 respon·

196 3842 285 3908 disse
294 3838 421 3902 videtur
435 3835 610 3920 Gregorius
626 3833 683 3898 111.
706 3833 741 3898 in
755 3851 828 3896 can.
846 3833 894 3898 18.
917 3825 1006 3897 eutis.
1029 3833 1079 3898 32.
1095 3847 1218 3918 quaest.
1233 3837 1273 3916 7.,
1289 3837 1370 3900 illud
1385 3839 1502 3903 tribua·

196 3959 250 4012 tur
264 3945 396 4010 cuidam
423 3939 664 4026 dispensationi,
690 3957 757 4022 qua
778 3955 856 4002 cum
879 3939 1051 4004 Germanis
1065 3959 1176 4006 reeens
1200 3941 1243 4005 ad
1258 3941 1358 4008 tidem
1373 3963 1502 4009 conver-

194 4057 242 4121 sis
270 4051 436 4138 agendum
464 4049 568 4114 voluit
592 4044 742 4124 Pontifex
767 4045 944 4129 Maximus,
971 4067 1048 4112 cnm
1072 4051 1259 4133 praesertim
1286 4069 1390 4117 sermo
1418 4063 1503 4116 esset

194 4160 238 4225 tle
252 4159 411 4243 conjugiis
425 4159 460 4222 in
474 4153 664 4220 infidelitate
688 4153 868 4236 contractis
893 4173 960 4220 non
985 4175 1060 4221 vero
1081 4155 1373 4241 generalis'axinde
1388 4161 1503 4226 infert·

194 4273 250 4331 tur
262 4267 305 4330 ab
319 4265 470 4330 omnibus
484 4261 580 4327 facile
603 4261 816 4327 cttstodienda
835 4263 1015 4348 disciplina
1059 4265 1130 4337 Qui
1152 4265 1327 4360 uberiorem
1341 4269 1503 4336 desiderat

195 4375 296 4462 hujus
310 4375 444 4442 canonia
459 4372 759 4458 interpretationem,
766 4371 968 4460 adeetrness
980 4373 1282 4452 animadversiones
1295 4377 1330 4444 in
1346 4378 1501 4450 Oodicern
