3276 4984
194 363 235 432 18
525 377 528 384 ’
647 384 1054 436 orsaearnrromrna.·
1088 407 1092 416 ⁴
1143 408 1146 420 ·

190 527 344 595 sponsam
367 510 498 574 alterius
513 509 613 591 illata,
638 531 677 574 ac
691 509 834 594 denique
858 513 891 576 in
905 531 975 596 cap.
989 514 1041 577 24.
1065 515 1307 582 Deuteronomii
1329 517 1493 584 de'libello

189 617 322 706 repirtlii,
349 621 389 684 de
403 624 496 705 cujus
510 621 626 710 causis,
642 631 673 683 et
693 621 819 704 juribus
845 621 977 687 inferius
1001 623 1216 691 commodiore
1241 626 1311 690 loco
1325 629 1489 709 agendum

186 731 254 794 erit.
296 731 403 811 Atque
419 729 542 790 isthaec
567 738 736 809 praecepta
751 727 851 791 veluti
867 729 910 790 ad
934 729 1132 811 singularem
1154 731 1283 794 ludoici
1298 735 1410 815 populi
1425 733 1490 797 dis·

184 835 339 918 eiplirram
353 833 606 913 accommodata,
620 851 697 898 cum
711 835 780 918 lege
794 836 867 919 ipsa
879 835 1018 901 Judaica
1038 838 1091 900 661
1106 839 1349 920 anremoniuli,
1367 843 1416 906 vel
1430 845 1490 908 'Ju-

157 945 303 1038 ,dieiali
333 955 404 1028 post
432 943 634 1027 praedicatas
662 945 739 1008 nori
764 947 947 1011 tastamenti
968 949 1207 1030 praeceptiones
1220 951 1292 1012 sine
1306 949 1487 1016 dublocas·

181 1063 344 1120 serenant.
387 1055 560 1117 Caeterum
574 1067 617 1116 ex
640 1051 693 1115 his
707 1054 858 1118 omnibus
880 1067 1014 1136 constat,
1029 1073 1131 1138 quem
1144 1059 1316 1124 sollicitem
1330 1063 1488 1144 gesserint

182 1181 295 1228 curam
309 1163 515 1227 Patriaruhae
539 1173 670 1241 veteres,
686 1173 719 1224 et
742 1163 872 1228 Judaiei
886 1165 1005 1248 populi
1032 1167 1197 1251 Principes
1211 1169 1350 1234 Summo
1365 1171 1435 1235 Dco
1450 1173 1486 1236 il-

181 1273 347 1352 lustrante,
362 1283 460 1356 atque
474 1272 661 1350 mandante,
679 1285 714 1334 ut
728 1271 811 1335 nihil
826 1272 859 1335 in
874 1273 921 1353 iis,
935 1293 1021 1356 quae
1036 1277 1077 1338 ad
1091 1278 1349 1359 procreationem,
1365 1282 1483 1346 educa-

179 1383 363 1464 lienemque
389 1381 506 1444 sobolis
531 1380 732 1462 pertinerent,
758 1380 827 1444 nisi·
839 1381 1022 1460 honestum,
1047 1395 1145 1465 atque
1159 1384 1202 1448 ad
1225 1397 1326 1450 rectos
1336 1390 1482 1473 coniugii

177 1493 260 1556 fines
275 1504 437 1573 exactum,
452 1495 486 1555 in
501 1489 620 1575 populo
630 1491 699 1571 Dei,
715 1491 848 1573 quinon
863 1505 1047 1574 sequeretur
1058 1495 1312 1560 abominationes
1324 1501 1480 1584 gentium,

176 1603 405 1668 admitteretur.

216 1715 316 1786 Quod
333 1716 360 1777 si
374 1715 394 1778 J
397 1714 516 1778 udaeos
540 1723 629 1776 tanta
644 1713 722 1776 olim
737 1713 829 1776 Deus
853 1713 1025 1780 clementio
1040 1709 1227 1799 pmsecritus
1250 1728 1308 1801 eet,
1324 1731 1359 1785 ut
1376 1735 1478 1787 rectas

171 1820 267 1901 leges,
283 1835 365 1902 quas
381 1821 414 1882 in
439 1819 597 1903 conjugiis
612 1831 829 1902 sequerentur,
858 1823 925 1903 ipsa
941 1825 1173 1904 praescriberet,
1188 1837 1220 1889 et
1235 1847 1365 1910 quoquo
1380 1832 1478 1896 modo

171 1947 241 1992 sese
255 1931 477 2012 oonjrrgiorum
494 1927 599 1990 fidelis
614 1929 723 2011 populi
739 1929 905 2010 auspicem
935 1929 1059 2006 laceret,
1073 1930 1152 2010 quid
1168 1949 1232 1995 non
1247 1951 1289 1996 ex
1303 1935 1476 2002 clementia

172 2039 235 2101 Dei
260 2037 437 2102 servatoris
452 2038 649 2121 sperandum
674 2050 741 2102 erat
767 2037 950 2101 Christiano
973 2039 1099 2120 populo,
1126 2057 1164 2102 eo
1187 2043 1360 2126 majoribus
1375 2046 1477 2108 subsi-

169 2147 231 2239 diis
247 2167 321 2230 prae
347 2147 481 2212 Judaeis
497 2146 615 2230 adjuto,
641 2167 706 2227 quo
732 2148 851 2230 majore
877 2149 1143 2231 praeSyuagoga
1169 2151 1297 2216 Summi
1321 2153 1475 2218 Numinis

168 2255 391 2320 benevolentia
407 2255 554 2318 Ecclesia
569 2254 749 2340 [gloriaturi
792 2256 927 2335 Revera,
943 2256 998 2318 ubi
1022 2255 1188 2318 Ecclesiae
1204 2257 1418 2322 fundamenta
1429 2261 1475 2342 je-

166 2369 210 2430 cit
225 2369 375 2431 Christus
391 2367 560 2446 Dominus,
588 2385 653 2428 non
669 2367 773 2428 solum
789 2372 808 2430 a
838 2373 1043 2447 quocumque
1058 2365 1274 2430 fornicationis
1290 2388 1405 2450 genere
1421 2370 1477 2432 de-

165 2479 359 2542 clinandum
383 2477 494 2556 voluit,
512 2477 598 2540 unde
621 2477 729 2559 ipsum
744 2477 842 2540 etiam
866 2473 1012 2541 libellum
1034 2477 1159 2560 repudii
1185 2477 1225 2542 ob
1240 2479 1392 2544 duritiam
1408 2497 1483 2544 cor-‘

163 2590 217 2653 dis
231 2589 430 2654 ludaeorum
445 2587 522 2649 olim
547 2587 674 2650 aMose
687 2603 878 2672 concessum
899 2585 1051 2664 abolevit,
1068 2585 1226 2650 Matthaei
1245 2601 1315 2666 cap.
1333 2587 1390 2664 19,
1406 2605 1473 2668 quo
1492 2593 1496 2602 '

165 2698 388 2784 interritum,
414 2706 446 2758 et
471 2709 603 2758 uxorem
630 2695 948 2786 perpetua-charitas
974 2693 1007 2757 in
1038 2687 1133 2776 pr'olis
1156 2695 1254 2757 etiarn
1278 2693 1472 2759 beneficium

162 2814 387 2888 perseveraret,
403 2803 461 2866 sed
476 2804 573 2866 etiam
600 2803 682 2866 adeo
696 2797 846 2867 misertiis
860 2781 908 2866 er'rt
920 2827 925 2838 ·
935 2801 1112 2866 infirmitati
1128 2802 1284 2881 fidelium,
1301 2814 1337 2866 ut
1351 2803 1384 2866 in
1401 2805 1470 2887 ipso

164 2913 385 2979 contrahendo
399 2917 548 2998 conjugio
568 2915 749 2992 ministrari,
765 2927 809 2977 ac
828 2915 950 2997 suscipi
964 2916 1212 2978 Sacramentum
1232 2916 1411 2995 instituerit,
1427 2916 1472 2979 ad

164 3023 359 3107 augendam,
384 3019 656 3096 conferendamv'e
681 3023 827 3106 gratiam,
836 3044 881 3114 pc
906 3011 1117 3108 proptereain
1144 3023 1284 3110 iis-ipsis,
1302 3024 1470 3105 inquibus

162 3133 321 3212 heminae,
338 3135 363 3196 si
380 3133 454 3215 plus
469 3151 573 3214 aequo
589 3125 648 3195 sibi
675 3131 874 3213 indulgeant,
890 3122 1006 3197 ruendi
1023 3115 1205 3212 periculum·
1216 3132 1362 3195 invenire
1376 3133 1472 3197 facile

161 3255 306 3324 possunt,
333 3241 531 3324 praesidium
554 3217 720 3322 quoddam
744 3241 858 3328 salutis
884 3239 924 3303 a‘d
940 3251 1091 3318 mentem,
1117 3237 1280 3330 e'tccrpus
1305 3245 1474 3308 continen-

162 3349 266 3414 d'um
259 3371 291 3414 rn
306 3349 411 3414 officio
425 3349 637 3417 collocaverit.
681 3323 795 3460 Neque
810 3349 882 3412 heio
896 3349 1040 3411 consistit
1063 3325 1212 3438 Christus
1222 3349 1400 3418 Dominus.
1416 3369 1472 3414 vo

162 3463 223 3526 luit
237 3463 332 3540 enim,
359 3461 441 3524 utin
468 3461 619 3544 conjugio
648 3459 720 3556 ipso
743 3449 844 3521 animi
867 3458 1038 3520 hominum
1062 3433 1259 3522 sublimius
1267 3463 1505 3542 erembercht,

159 3571 314 3654 quando
306 3589 339 3632 666
354 3589 412 3632 con
412 3571 578 3652 junctione
592 3569 660 3648 viri,
676 3581 708 3630 et
722 3563 831 3644 texeris
857 3544 1043 3664 symbolum
1057 3563 1246 3647 quoddam'
1236 3567 1470 3666 6666666666-

159 3681 207 3746 vit
213 3679 456 3765 conjunctionis
472 3679 599 3758 Christi,
615 3691 653 3742 et
661 3668 836 3758 Ecclesiae,
861 3693 926 3758 quo
942 3683 1093 3778 spectans
1106 3677 1232 3742 Paulus
1246 3679 1421 3782 Apostolus
1435 3679 1485 3744 in'

160 3787 232 3873 c’ap.
240 3791 277 3854 5.
293 3791 382 3874 epist.
399 3789 442 3852 ad
459 3789 640 3872 Ephesios'
633 3799 678 3851 rta
693 3757 857 3869 scribebat:
868 3766 1132 3850 Sacramentum
1146 3787 1205 3862 1666
1227 3797 1394 3869 maguam
1408 3795 1472 3850 ast.-

162 3895 350 3986 egquatem
364 3893 469 3962 dico
456 3920 493 3962 cn
512 3895 652 3974 Christo,
680 3871 937 3980 6416126616616.
981 3891 1068 3957 Hinc
1096 3891 1284 3974 saepissime
1307 3892 1383 3952 vel
1375 3909 1409 3951 m
1426 3892 1473 3972 ip

163 4011 207 4072 s‘is
222 4009 321 4071 sacris
336 4009 434 4071 literis
459 4017 491 4069 et
504 4005 663 4084 Christus,
689 4015 721 4066 et
743 4002 890 4066 Ecclesia
906 4003 967 4066 sub
992 4018 1186 4101 sponsorum
1212 3999 1354 4081 imagine
1369 4000 1479 4063 arrhi-⁸

165 4121 285 4197 bontur,
304 4112 437 4180 Matthei
452 4133 522 4197 cap
536 4113 599 4191 25,
614 4111 643 4175 2.
660 4097 701 4175 ad
717 4113 859 4176 Corinth.
876 4131 946 4195 cap.
965 4114 1021 4176 11.
1030 4128 1110 4175 vers.
1126 4112 1166 4188 2,
1185 4101 1389 4207 Apocalypsi
1384 4127 1470 4195 cap·

164 4231 213 4294 19.
229 4247 310 4291 vers.
336 4229 495 4308 7.etcap.
523 4225 573 4287 21.
589 4241 670 4286 vers.
696 4223 736 4301 9,
754 4235 790 4286 ut
818 4223 939 4306 passim
965 4221 1077 4284 omnes
1102 4214 1356 4298 intelligerent,
1333 4235 1383 4280 666
1393 4219 1470 4312 ipsis

161 4329 260 4401 etiarn
275 4335 399 4420 nuptiis
412 4351 481 4397 esse
506 4322 552 4396 dc
562 4331 661 4412 cultu,
689 4343 719 4395 et
734 4331 886 4416 relig'iooe
901 4331 934 4394 in
955 4317 1139 4405 'Deumtle
1155 4327 1334 4406 honestate,
1344 4325 1387 4388 de
1402 4341 1470 4388 mos

67 4431 72 4442 .
134 4537 138 4546 .
160 4447 332 4530 deratione,
348 4437 386 4561 ac
412 4447 624 4551 temperantia
646 4441 960 4542 cogitandumque,
972 4441 1116 4526 pertinet,
1131 4435 1219 4524 quod
1235 4439 1283 4505 alt
1295 4438 1421 4512 Patulus
1438 4435 1467 4502 l·
