3276 4984
148 387 192 430 nn
208 387 415 431 consceres.
433 387 587 448 urruns,
601 387 820 446 ⁸ninistrans,
837 387 883 433 n'r
899 385 1135 440 ousnrrsrre.
1152 383 1354 430 unrvnnsrs.
1405 365 1445 442 19

143 509 188 572 ad
204 510 347 576 Corinth.
374 529 444 594 cap.
460 513 501 590 7.,
513 511 667 579 nimirum
686 511 878 594 qui-hubent
902 530 1045 591 uxorem,
1062 510 1142 577 tales
1163 511 1271 588 videri,
1286 531 1324 576 ac
1340 512 1366 576 si
1383 531 1447 579 non
1551 535 1552 538 ¹

145 619 297 698 habeant,
312 619 401 702 quod
422 619 546 687 dictum
559 622 734 703 Apostolus
758 621 803 686 ita
817 621 928 698 voluit,
956 639 1020 686 non
1037 632 1072 686 ut
1098 621 1233 702 laqueus
1260 623 1446 706 injiceretur,

145 729 202 792 sed
217 739 254 792 ut
270 727 312 805 id,
326 728 414 810 quod
440 729 613 802 honestum
624 741 683 809 est,
708 739 742 792 et
752 729 842 812 qnod
856 729 1044 798 factrltatem
1066 731 1217 814 praebeat
1230 733 1300 794 sine
1315 732 1447 816 impelli·

144 849 254 908 mento
281 838 458 903 Dominum
472 839 668 917 obsecrandi,
693 837 881 914 obtineatur.
926 837 1017 908 Quid
1043 836 1191 920 prolecto,
1215 839 1278 902 nisi
1292 839 1446 905 honestis

144 948 277 1024 simum,
292 957 324 1010 et
347 958 505 1026 sanctum,
521 948 554 1013 iu
580 947 727 1030 conjugio
750 957 848 1030 geret.
861 946 1004 1024 maritus,
1018 944 1151 1028 quando
1173 945 1300 1023 Christi,
1316 945 1447 1026 qualem

142 1052 244 1128 ctiam
260 1050 368 1131 fidem,
385 1064 416 1116 et
429 1054 660 1118 continentiam
675 1054 871 1140 profitebitur
888 1074 976 1134 uxor,
992 1053 1124 1136 qnando
1139 1054 1304 1120 Ecclesiae
1319 1075 1353 1116 se
1368 1055 1447 1118 ima·

144 1161 257 1242 giuem
272 1180 381 1244 gerere
395 1161 509 1226 sedulo
524 1162 724 1242 meditentur,
740 1177 771 1226 et
786 1165 895 1231 attinio
917 1175 1044 1230 versent
1058 1163 1226 1228 diuturno?
1271 1165 1346 1230 Post
1361 1166 1447 1233 benc

143 1271 393 1348 saluberrimam
408 1271 639 1337 institutionem
653 1271 735 1336 nihil
757 1271 988 1356 propemodum
1002 1272 1036 1335 in
1051 1273 1200 1355 conjugio
1216 1271 1361 1336 relictum
1376 1291 1446 1336 esse

145 1379 283 1459 ridetur,
298 1398 363 1462 quo
377 1399 434 1462 pro
447 1379 493 1444 rei
507 1399 617 1442 sacrae
632 1381 732 1462 signo,
747 1399 812 1462 qno
840 1381 994 1463 conjuges
1008 1377 1047 1440 al
1068 1380 1175 1444 Dennr
1190 1397 1314 1460 semper
1328 1377 1448 1443 clevari

145 1493 363 1576 possint,non
384 1491 548 1556 habeatnr.
593 1491 755 1556 Pauciset
779 1511 845 1557 non
870 1492 1065 1574 ineleganter
1090 1491 1122 1554 iu
1137 1491 1313 1572 explicavit
1337 1505 1449 1558 arictor

145 1604 314 1666 memorati
338 1603 494 1666 sermonis
508 1603 608 1666 habiti
638 1603 670 1666 in
688 1603 832 1666 Concilio
847 1604 1037 1666 Carnotensi
1053 1605 1130 1666 anni
1148 1604 1237 1666 1124.
1254 1605 1306 1668 ibi:
1330 1605 1449 1668 Sucro

147 1725 297 1780 nemetum
317 1737 434 1780 sacrae
459 1717 507 1778 rei
520 1717 662 1798 signum
684 1735 760 1792 esse,
790 1701 856 1778 non
880 1716 1114 1780 corttemnsntdo
1140 1715 1244 1778 tradit
1259 1718 1448 1780 auctoritas.

149 1831 254 1905 Quod
267 1837 380 1893 cutem
403 1828 464 1892 srrb
478 1829 644 1892 nubilibus
669 1829 768 1892 annis
783 1827 992 1892 celebrandae
1016 1828 1257 1912 conterentibus,
1272 1831 1451 1892 coerceret

142 1947 289 2027 signum
302 1951 359 2006 est.
409 1940 508 2014 Quod
522 1959 660 2004 mentera
684 1940 755 2002 nire
769 1941 879 2012 mmai,
897 1947 926 2002 et
948 1941 1107 2016 mulieris,
1123 1961 1238 2004 sacrae
1252 1942 1301 2004 rei
1311 1942 1452 2023 signum

142 2059 203 2116 est.
255 2048 355 2120 Quod
368 2068 457 2110 unus
471 2048 532 2110 unt'
546 2047 899 2131 tuntmnoortjugatnr‚
915 2067 1029 2110 sacrae
1043 2048 1092 2110 rer'
1105 2048 1246 2128 sigrrrcm
1260 2055 1316 2112 est.
1351 2049 1450 2120 Quod

143 2157 347 2237 indulgetur
371 2154 510 2218 invicem
530 2153 679 2236 genitivo
704 2153 789 2228 turri,
806 2161 836 2216 et
860 2153 997 2231 borrosto,
1025 2173 1139 2244 scarae
1165 2156 1214 2216 rei
1238 2156 1378 2236 signum
1393 2165 1450 2224 est.

145 2269 304 2354 separari
318 2267 522 2349 nonpossint
546 2266 584 2328 in
598 2264 744 2329 Domino
759 2265 929 2348 conjtrncti,
951 2285 1066 2328 sacros
1080 2266 1130 2329 rei
1143 2267 1280 2350 signaun
1296 2274 1352 2329 est.
1397 2266 1450 2330 Id-

143 2386 232 2446 circo
246 2401 324 2444 cum
338 2379 514 2462 Apostolus
539 2378 579 2440 de
594 2377 746 2462 conjugio
768 2377 961 2462 loqueretur,
982 2398 1156 2460 magnum,
1182 2379 1300 2462 inquit,
1316 2379 1373 2442 boc
1391 2378 1451 2444 So

143 2499 370 2568 sanarum
384 2491 455 2554 otico
480 2497 591 2552 autem
605 2491 642 2552 in
670 2487 810 2566 Christo,
826 2497 858 2554 et
871 2490 909 2552 in
924 2489 1088 2554 Ecclesia:
1120 2491 1283 2556 nimirum
1298 2494 1452 2580 Sperante

146 2600 321 2668 Ecclesiae
347 2595 509 2674 Christus,
536 2615 660 2678 sponsu
688 2593 815 2658 Christi
841 2596 1001 2661 Ecclesia.
1045 2595 1173 2660 Clarius
1198 2597 1315 2663 dicam:
1338 2601 1453 2666 Nona

144 2708 266 2774 mundi
293 2703 499 2772 incunabulis
514 2704 662 2768 Christus
688 2703 863 2768 adveniens
879 2705 939 2766 sibi
964 2703 1147 2770 Ecclesium
1161 2745 1164 2752 .
1176 2725 1330 2789 sponsam
1344 2710 1449 2792 elegit,

143 2819 206 2884 aed
219 2828 348 2882 certum
369 2823 593 2894 exspectatum
608 2822 658 2878 est
682 2823 818 2894 tempns3
835 2832 875 2875 err
901 2813 1062 2879 nubilium
1094 2835 1252 2882 annorum
1268 2818 1451 2902 imaginem.

143 2925 281 3008 Sponte,
297 2933 328 2984 et
344 2921 521 3000 liberaliter,
536 2930 567 2984 et
581 2920 713 2986 omnino
727 2941 769 2986 ex
783 2920 1007 3003 benevolentia
1022 2923 1169 2987 Christus
1184 2925 1244 2990 sibi
1260 2927 1451 3008 Ecclesiam,

145 3051 209 3098 nec
224 3032 290 3096 nisi
304 3039 557 3096 consentientem
583 3029 725 3109 sociavit3
742 3048 784 3094 en
806 3029 982 3112 imaginem
1009 3051 1186 3098 consensus
1201 3037 1271 3116 riri,
1285 3049 1318 3101 et
1332 3042 1450 3104 uxoris.

146 3139 291 3204 Unicsm
307 3136 456 3200 Christus
471 3136 529 3199 sibi
545 3136 641 3218 elegit
662 3136 852 3218 Ecclesiam,
870 3139 939 3204 sine
963 3141 1204 3206 benevolentiae
1226 3144 1393 3228 divisione,
1409 3169 1450 3214 err

145 3248 331 3329 imaginem
342 3245 492 3328 conjugii,
507 3245 593 3326 qnod
612 3263 714 3315 unum
729 3262 799 3308 esse
814 3247 937 3326 debeat,
953 3259 985 3312 et
1000 3249 1214 3316 mdivitlunm.
1257 3254 1318 3316 Per
1343 3255 1451 3320 Chris-

146 3365 218 3418 tum
237 3354 272 3416 in
287 3351 435 3418 Ecclesia
449 3364 675 3434 regenerantur
689 3354 836 3421 honrines
850 3355 1077 3437 sacramentis,
1093 3369 1125 3424 et
1138 3361 1179 3423 ed
1194 3362 1364 3440 coelestem
1380 3369 1449 3430 nni-

146 3463 335 3528 versitatcm
350 3459 539 3541 diriguntnr3
555 3481 596 3524 err
618 3463 793 3544 imaginem
807 3465 984 3548 conjugalis
1000 3470 1220 3551 generationis,
1232 3485 1264 3534 et
1278 3473 1446 3540 liberorum

146 3569 352 3638 educationis
362 3568 409 3642 nd
423 3569 544 3641 bonnm
560 3570 718 3636 societatis
732 3571 905 3639 hnmanae.
949 3575 1099 3664 Promisit
1113 3579 1260 3646 Christus
1283 3583 1448 3648 Ecclesiae

147 3700 239 3760 snae,¹
252 3699 290 3744 se
304 3677 574 3772 eidem'perpetuo
588 3680 718 3752 vinculo
727 3681 956 3766 ,adhaesurum
972 3704 1014 3748 err
1029 3685 1203 3770 imaginem
1213 3690 1353 3776 conjugii
1364 3713 1449 3758 nnn·

150 3807 249 3872 qnam
264 3787 379 3868 avito,
392 3799 454 3859 eut
466 3807 565 3854 uxore
577 3787 783 3857 dissolvendi.
826 3791 973 3858 Fuerunt
983 3795 1035 3860 isti
1051 3799 1120 3862 miri
1135 3819 1220 3879 sane,
1236 3815 1267 3864 et
1279 3823 1352 3868 rere
1364 3803 1448 3867 divi-

152 3897 433 3979 uimndbquibns
454 3896 695 3966 hurriauaratlo
719 3911 790 3984 post
816 3897 940 3982 lapsam
963 3907 1279 3972 natnmmiuteriore
1304 3911 1447 3993 appetitu

151 4005 393 4092 quodammodo
407 4007 586 4090 subiugata,
602 4006 733 4073 tandem
748 4007 923 4090 aliqnando
933 4013 1124 4094 juvantibus
1138 4014 1401 4094 Christirneritis,
1410 4017 1446 4079 in

148 4115 329 4196 libidinem,
351 4113 430 4191 etin
455 4113 534 4180 alios
548 4133 615 4185 non
641 4127 740 4189 rectos
757 4119 901 4200 impetus
917 4093 1010 4186 firbua
1034 4122 1258 4212 moderatione,
1274 4144 1313 4188 ac
1329 4138 1446 4208 tempe-

148 4227 254 4290 rantia
269 4223 497 4295 dominaretur.
590 4287 592 4295 ,
853 4270 865 4320 ,ς
1293 4287 1306 4304 ,
1354 4287 1359 4294 .

190 4335 288 4407 Quid
304 4354 378 4400 vero
392 4335 474 4400 adeo
489 4346 639 4410 sanctum
648 4347 708 4420 est,
728 4357 767 4402 ac
783 4340 971 4421 venerabile,
995 4343 1083 4424 quod
1098 4345 1188 4428 impii
1203 4345 1349 4413 homines
1363 4367 1448 4416 mrsu

150 4445 329 4526 emenso.
355 4457 387 4512 et
400 4445 679 4538 cinerescentia
701 4447 1102 4536 engrannus-nenne.
1121 4457 1292 4524 abenner
1307 4459 1371 4531 ian·
1384 4457 1460 4527 soe.
