3168 4982
290 379 386 430 auae
410 373 568 424 rancun
591 379 823 426 venenatam
846 377 1029 424 contuens
1053 377 1195 423 oasrrtr.
1321 355 1387 420 21⁷

89 501 240 568 habentur
254 503 290 567 in
304 523 377 567 can.
392 503 421 567 3.
437 523 524 567 caus.
540 503 590 568 32.
605 513 728 586 qttaest
751 502 779 564 d
823 501 863 564 In
876 501 928 564 his
943 501 1103 584 adjunctis
1118 519 1194 563 cum
1209 499 1298 580 Agar
1312 519 1387 562 con-

12 637 13 644 *
87 611 169 695 gredi
183 632 218 674 se
239 610 436 694 possemne
457 611 555 674 etiam
569 610 691 689 debere,
713 609 848 687 censuit,
864 618 900 671 ut
921 607 1028 672 liberis
1043 605 1125 670 alias
1147 605 1315 688 insperatis
1330 623 1390 666 va-

86 729 172 798 caret,
188 731 224 782 ut
238 719 359 783 divinis
373 719 544 802 implendis
566 718 829 802 promissionibus
845 735 909 780 non
924 727 1110 800 exspectato
1124 714 1281 778 miraculo
1295 733 1386 776 occa-

86 825 202 888 sionem
217 827 389 908 praeberet,
401 837 437 890 ut
450 827 634 909 deprecanti
649 827 748 890 Sarae
763 825 952 908 indulgeret,
968 825 1062 908 quasi
1077 825 1223 890 naturaie
1239 841 1387 907 praecep-

84 946 148 997 tum
162 953 230 998 non
252 935 552 1018 superinducendae
574 933 736 998 secundae
756 935 903 1016 conjugis
917 934 1098 996 cessaviese
1120 943 1198 994 tunc
1213 929 1386 995 videretur:

82 1057 153 1104 uam
162 1042 347 1107 secundum
368 1043 448 1106 illud
462 1043 649 1128 conjugium
659 1042 783 1126 judicio
804 1042 955 1105 Abrahae
976 1059 1043 1104 non
1064 1041 1173 1104 oberat
1201 1033 1385 1102 educationi

84 1143 258 1228 liberorum,
274 1148 407 1232 quaudo
428 1149 536 1214 nullos
561 1167 603 1214 ex
625 1151 707 1215 Sara
721 1161 914 1233 susceperat,
937 1167 1043 1230 neque
1058 1149 1141 1214 ullos
1163 1158 1385 1231 susceptorum

82 1274 119 1320 ex
131 1256 250 1320 eadem
272 1258 429 1340 sperabas
446 1277 551 1339 neque
573 1257 683 1322 oberat
700 1238 862 1322 ¹familiari
885 1257 1117 1340 tranquillitati,
1134 1275 1191 1320 seu
1213 1269 1322 1320 mutae
1338 1255 1385 1318 iu-

82 1377 122 1430 ter
135 1387 180 1446 se,
203 1378 237 1432 et
264 1387 396 1433 uxorem
425 1369 829 1450 benevolentiae‚·quando
855 1387 921 1432 non
950 1381 1071 1452 sponte,
1095 1369 1151 1432 sed
1181 1371 1290 1432 uxoris
1311 1387 1387 1431 con·

80 1479 153 1558 silio,
169 1498 209 1541 ac
225 1481 381 1562 precibus,
396 1479 528 1544 duceret
543 1482 638 1564 Agar,
654 1481 736 1544 alias
753 1481 844 1543 reiut
859 1481 1012 1545 ancillam
1027 1483 1177 1566 potestati
1191 1485 1292 1548 Sarae
1308 1501 1387 1546 uxo-
1436 1465 1443 1476 ’

80 1587 118 1650 ris
131 1589 319 1652 obnoxiam
362 1589 422 1652 His
443 1589 545 1652 animi
560 1589 794 1654 adfectionibus
816 1589 991 1652 inclinatur
1008 1589 1190 1654 secundum
1205 1591 1299 1654 inivit
1312 1607 1387 1653 oon-

74 1699 208 1783 jugium,
226 1701 261 1762 in
275 1719 342 1781 quo
355 1719 420 1763 non
433 1698 497 1762 t'uit
511 1706 531 1765 a
546 1699 617 1763 Deo
632 1701 856 1782 reprehensus,
872 1697 960 1782 quod
981 1699 1067 1763 bona
1086 1699 1150 1763 fide
1172 1703 1280 1766 omnia
1295 1715 1387 1786 gesta

77 1804 397 1889 deprehenderentur,
420 1825 480 1870 nec
495 1807 558 1870 nisi
572 1815 645 1890 post
665 1807 853 1870 diutumam
872 1808 917 1869 rei
933 1808 1093 1888 gerendae
1115 1805 1385 1893 deliberationem,

78 1927 110 1978 ut
122 1915 274 1980 omittam
289 1915 323 1978 in
337 1935 377 1979 ee
398 1935 430 1978 re
445 1915 558 1980 altiora
577 1915 726 1998 Suprenri
741 1915 894 1978 Numinis
924 1935 1045 1980 arcana
1061 1920 1203 2000 scrutari,
1218 1937 1318 2002 quam
1333 1939 1387 1984 ve·
1463 1991 1465 2000 ,

77 2017 131 2084 luti
143 2021 334 2103 symbolum
349 2039 549 2103 magnomm,
565 2041 795 2105 sacrorumque
810 2023 996 2088 divinorum
1010 2044 1144 2108 operum
1159 2025 1286 2092 futurae
1301 2041 1387 2095 aeta-

75 2132 96 2194 ti
122 2134 218 2196 Deus
234 2133 301 2214 ipse
316 2133 467 2214 permisit,
488 2134 584 2216 juxta
609 2135 848 2198 observationes
863 2136 961 2200 Pauli
976 2137 1043 2218 ipse
1059 2137 1210 2220 permisit,
1223 2140 1318 2222 juxta
1332 2144 1387 2206 ob-

75 2244 272 2306 servationes
302 2243 397 2306 Pauli
417 2243 572 2326 Apostoli,
602 2245 635 2308 in
657 2265 726 2328 cap.
743 2246 772 2308 4.
788 2247 867 2328 epis.
901 2247 943 2310 ad
967 2248 1110 2328 Galatea,
1140 2249 1192 2314 ibi:
1217 2253 1387 2320 Abraham

75 2351 155 2416 duos
161 2352 259 2434 filios
273 2351 397 2431 habult,
414 2373 522 2416 ιιιιιιιιι
546 2354 585 2416 de
610 2355 742 2432 ancilla,
771 2364 803 2418 et
816 2377 923 2420 ιιιιιιιιι
936 2357 976 2420 de
999 2359 1117 2439 liberm·
1132 2362 1190 2444 qul
1210 2362 1249 2425 de
1263 2365 1387 2428 ancilla

74 2462 256 2526 secundum
276 2481 409 2526 curnem
422 2471 523 2525 ιιαιαι
547 2471 602 2540 est,
620 2465 677 2547 qui
691 2483 737 2526 ιιιι
739 2471 803 2527 tem
818 2465 858 2528 de
884 2467 1001 2528 libero:
1014 2487 1077 2550 pet·
1087 2470 1387 2550 repromissionem-

12 2573 13 2577 ’
73 2591 153 2652 puae
170 2577 254 2632 aunt
264 2589 326 2652 per
341 2569 540 2651 allegoriam
554 2571 656 2634 clieta:
680 2572 758 2635 llaec
773 2575 861 2636 enim
881 2583 960 2638 sttrtt
975 2575 1040 2638 duo
1056 2583 1262 2640 testamenta.
1307 2579 1386 2646 Cae.

13 2737 14 2760 2
73 2688 177 2740 terum
192 2696 231 2739 eo
246 2675 332 2738 fecto
356 2679 515 2760 conjugio,
531 2680 716 2760 praesertim
742 2693 914 2764 postquam
940 2685 1038 2747 etiarn
1060 2684 1100 2747 de
1115 2687 1195 2750 Sara
1217 2699 1385 2770 susceptus

13 2789 14 2828 l
72 2799 114 2850 est
128 2787 223 2850 lilius
238 2787 381 2868 permisit
406 2787 505 2866 Deus,
530 2798 566 2850 ut
590 2790 700 2852 statim
724 2793 806 2853 inter
825 2793 941 2856 Seram
966 2803 1040 2856 utut
1054 2793 1228 2874 dominam,
1251 2807 1282 2858 et
1296 2798 1385 2880 Agar

13 2981 14 2988 ἵ
73 2911 142 2964 utut
172 2901 245 2982 ejus
259 2898 421 2976 ancillam,
452 2899 633 2962 simultates
663 2903 890 2983 suborirentur,
908 2905 988 2967 Gen.
1005 2925 1074 2988 cap.
1092 2907 1150 2985 16,
1175 2908 1384 2988 quemadmo-

72 3008 148 3073 dum
176 3019 209 3070 et
223 3008 306 3070 inter
320 3005 435 3070 liberos
450 3027 492 3071 ex
508 3023 644 3090 utreque
659 3029 759 3074 uxore
784 3011 903 3074 exinde
918 3024 1019 3094 natos,
1037 3013 1117 3076 Gen.
1133 3033 1202 3096 cap.
1218 3015 1281 3094 21,
1296 3015 1384 3078 unde

13 3185 14 3198 ,
73 3119 179 3182 nerim
194 3125 385 3199 agnosceret
398 3117 572 3197 Abraham,
593 3119 710 3182 irustra
725 3139 759 3182 se
789 3139 880 3202 spem
908 3122 1101 3205 concepisse,
1126 3121 1281 3205 futurum,
1298 3127 1384 3192 utin

13 3267 14 3300 ι
72 3245 106 3290 eo
133 3227 264 3310 duplici
294 3227 442 3309 conjugio
467 3225 577 3289 adhuc
606 3227 763 3292 naturalis
784 3229 978 3293 matrimonii
993 3230 1078 3310 finis,
1107 3231 1203 3314 quale
1224 3245 1274 3296 est
1301 3234 1384 3300 inter

13 3373 14 3378 κ
72 3345 196 3398 caetera
210 3331 371 3396 familiare
394 3333 523 3412 bonum,
553 3334 756 3418 obtineretur3
782 3338 899 3400 exinde
920 3341 1018 3403 etiam
1033 3341 1270 3406 successoribus
1292 3363 1382 3426 prae·

73 3439 195 3506 beretur
225 3439 422 3522 exemplum,
446 3459 487 3503 ne
502 3441 621 3504 similia
641 3455 858 3524 sequerentur,
882 3447 1093 3527 quamebrem
1114 3449 1248 3512 consilio
1271 3451 1379 3533 Sarae,

13 3571 14 3628 ξ
72 3555 225 3634 probante
239 3551 318 3631 Deo,
338 3571 377 3614 eo
391 3551 530 3616 adducci
544 3552 654 3618 debuit
669 3555 810 3619 Sanctus
826 3541 1022 3637 patriarcha,
1044 3569 1081 3622 ut
1095 3561 1282 3643 conjugium
1297 3563 1379 3628 iilud

71 3661 254 3725 secundum
268 3659 464 3740 dissolveret,
487 3663 663 3744 etquidem
686 3665 779 3746 quasi
798 3667 907 3730 minus
923 3679 1005 3730 recte
1027 3679 1235 3752 contractum,
1252 3691 1291 3735 ac
1314 3672 1379 3736 sac-

72 3771 275 3854 tipoeuitens
290 3779 323 3832 et
336 3770 467 3834 aeillam
488 3789 631 3853 uxorem,
661 3782 693 3836 et
714 3773 819 3838 filium
848 3775 986 3840 ancillae
1009 3778 1118 3841 uxoris
1136 3779 1271 3862 ejiceret.
1292 3781 1379 3845 dicto

71 3900 133 3966 cap.
149 3886 202 3948 21.
228 3884 318 3964 Gen,
330 3903 404 3974 can.
419 3885 448 3948 9.
471 3903 550 3947 caus
565 3884 615 3948 32.
638 3888 804 3968 quaesta
849 3889 942 3954 Isaac
963 3893 1114 3956 Abrahae
1130 3893 1225 3974 filius,
1241 3894 1377 3958 familia-

71 3988 285 4054 riumexinde
313 3993 545 4073 emergentium
573 3993 779 4060 dissidiorum
795 4001 937 4080 apprime
966 4001 1116 4066 conscius
1137 4015 1169 4066 et
1185 4005 1281 4082 testis,
1306 4021 1375 4068 una

71 4092 127 4157 istit
147 4115 250 4160 trxore
264 4107 443 4162 contentus.
487 4099 562 4164 Non
577 4102 621 4165 ita
635 4103 736 4167 Jacob
758 4105 845 4170 filius
860 4107 961 4189 isaac,
977 4111 1031 4174 cui
1046 4111 1186 4194 primum
1200 4131 1292 4175 mens
1307 4124 1375 4177 erat

70 4219 142 4266 cum
158 4223 227 4268 true
240 4203 385 4270 Rachele
406 4209 569 4292 conjungi,
598 4211 719 4296 quique
741 4219 886 4282 nonnisi
908 4237 1067 4284 exerrare
1088 4223 1279 4305 conjunctae
1293 4224 1375 4288 Liae

14 4327 16 4390 ι
71 4311 243 4382 Rachelem
257 4315 376 4381 deinde
390 4321 621 4403 superinduxit,
648 4325 733 4389 duas
747 4339 857 4393 autem
874 4329 957 4394 alias
970 4331 1071 4396 relati
1086 4335 1284 4398 concubinas
1299 4335 1373 4400 ads·

14 4419 16 4594 p
69 4423 141 4489 citit
164 4425 301 4492 ancillas
317 4445 481 4511 uxorem,
476 4427 611 4516 Boiam,
637 4443 669 4499 et
683 4435 856 4522 Zelpham,
881 4441 1257 4598 G'le'pkealpifflow
1196 4445 1257 4527 35.,
1272 4455 1304 4510 et
1317 4446 1370 4517 st.
