3134 4984
183 382 258 452 1⁶2·
438 401 530 457 rens
547 407 932 474 earunntsumrre
945 417 1096 486 mure,
1115 405 1241 500 oret

185 525 314 608 ferebat,
330 545 372 594 an
397 515 554 614 pileatlm,
581 555 624 600 ao
641 537 768 620 publice
782 535 870 606 sacta
893 543 1009 628 injuria
1025 560 1258 628 proponeretur,
1283 549 1360 618 nihil
1379 553 1465 623 'etiam
1552 599 1553 602 =

182 635 346 715 referebat,
364 641 416 704 ubi
433 643 473 705 de
489 644 660 710 Monachis
675 663 830 730 ageretur,
846 671 889 715 arr
906 653 1019 739 injurie
1033 657 1125 721 illota
1146 674 1231 724 esset
1244 663 1394 727 adversus
1408 685 1467 748 pro·
1552 725 1553 732 ,

181 739 312 823 sessum,
328 765 371 808 on
386 749 544 814 adversus
558 773 643 834 eum,
666 759 722 839 qui
740 771 865 826 tantum
882 767 1097 830 monasticum
1118 767 1266 834 habitum
1281 777 1467 858 suscepisset,
1552 801 1553 832 ³

96 841 98 848 ’
176 865 211 914 et
228 853 260 916 iu
287 857 442 938 tyrocinio
460 877 646 928 versaretur.
689 868 806 938 Quum
821 873 909 936 enim
934 873 1091 939 aduersus
1111 895 1224 944 omnes
1247 881 1307 945 ltas
1329 903 1467 968 personas
1552 889 1553 952 3

178 979 282 1044 aeque
297 964 559 1032 Arrreldistarrmr
585 973 716 1038 animus
731 974 991 1058 debaccharetur,
1019 983 1178 1064 optirnmn
1193 987 1256 1050 fuit
1271 989 1413 1068 delinere,
1428 993 1464 1056 le

178 1087 253 1133 curn
270 1092 341 1136 esse
356 1093 478 1157 poenae
494 1079 639 1159 Consilii,
655 1103 726 1166 cap.
744 1087 772 1149 t.
789 1085 829 1148 de
843 1101 980 1156 sentent
995 1112 1211 1178 excommun,
1232 1119 1305 1184 esp.
1320 1103 1351 1166 a*
1366 1103 1396 1166 in
1410 1102 1469 1168 fine

177 1179 246 1244 eod.
264 1183 309 1246 tit.
327 1183 359 1246 iu
376 1186 405 1247 6.
449 1187 485 1252 Si
501 1188 582 1252 haee
598 1209 674 1254 voro
689 1207 773 1273 eunt,
795 1197 1073 1276 quemadmodum
1089 1223 1161 1286 ego
1173 1207 1344 1273 verissime
1355 1229 1463 1289 censeo,

179 1290 280 1374 liquet
295 1294 442 1377 prolecto,
471 1300 640 1379 poerralem
657 1303 793 1368 concilii
820 1309 1021 1374 sanctionem
1034 1315 1130 1376 certia
1152 1325 1284 1381 tarrtum·
1295 1319 1337 1382 io·
1350 1321 1470 1384 oesibm

133 1478 143 1486 .
176 1398 404 1486 circumscribe
423 1405 574 1468 videlieet
589 1419 658 1472 tum
671 1430 810 1494 prienam
826 1417 1043 1486 anathematis
1055 1423 1175 1492 dictam
1190 1421 1302 1503 fuisse,
1316 1431 1466 1512 eumquis

175 1509 249 1572 odio
264 1512 348 1592 oleri,
364 1525 396 1578 et
419 1517 673 1580 ronnasticarum
690 1519 930 1590 institutionum
946 1545 978 1590 m
995 1525 1145 1608 Clericus,
1172 1531 1225 1593 rel
1239 1531 1416 1598 Mormeltos
1427 1537 1468 1597 lo·

170 1617 291 1703 jurium
307 1619 476 1684 intulisset.
524 1624 694 1690 Caeterum
713 1629 794 1694 lreoe
819 1632 1035 1715 interpretatio
1051 1637 1124 1700 lieet
1149 1639 1267 1723 injure
1287 1641 1467 1706 fundamen-

175 1739 245 1792 tum
261 1729 390 1812 hahent,
416 1753 530 1816 parum
543 1747 655 1802 tamen
671 1740 705 1804 in
718 1739 805 1804 seete
819 1745 976 1824 eortsistit,
997 1747 1131 1828 qnando
1146 1751 1276 1830 seimus,
1291 1775 1337 1818 ex
1352 1757 1468 1839 rescrip-

175 1840 506 1922 sissubsequerrtibus
535 1845 729 1913 Pontificum
757 1835 987 1930 Maximorum,
1015 1871 1151 1934 poenam
1177 1857 1266 1922 illins
1285 1855 1467 1924 canonisad

174 1965 288 2012 omnes
304 1951 426 2032 speeies
443 1967 642 2036 prorogatam
659 1955 768 2036 fuisse,
796 1961 915 2040 quibus
930 1964 1047 2046 injuria
1064 1963 1155 2028 illata
1169 1967 1470 2051 deprehenderetur,

176 2059 227 2120 vel
245 2059 276 2122 in
294 2060 443 2135 Clerieos,
460 2063 511 2124 vel
530 2065 562 2127 irr
579 2065 767 2145 liloneelros,
790 2069 889 2134 xetiem
907 2073 1008 2149 abeo,
1023 2074 1152 2155 quiunt
1167 2095 1342 2158 uunquam
1359 2079 1468 2144 induis-

173 2181 231 2248 set,
247 2181 303 2234 aut
319 2171 417 2234 semel
435 2171 585 2238 indutum
601 2172 802 2258 deposuisset
817 2179 963 2247 animum
979 2183 1251 2250 dmaldisternm.
1295 2189 1392 2254 Hane
1405 2207 1465 2273 poe·

173 2276 282 2342 uelem
298 2279 520 2346 extensionem
547 2282 588 2346 de
603 2285 709 2366 speeie
724 2285 764 2346 ad
781 2288 905 2370 speeies
920 2291 1096 2372 postrrlarit
1113 2291 1234 2356 utilitas
1250 2295 1391 2377 publiea,
1406 2315 1467 2380 poe

174 2389 290 2452 tulerit
314 2391 414 2453 etiam
437 2411 540 2476 sagax
568 2393 768 2476 agendorum
793 2397 973 2478 prudentiss
1000 2398 1032 2462 in
1052 2417 1119 2480 que
1146 2401 1199 2464 ubi
1227 2401 1350 2484 impiae
1373 2413 1468 2464 senne

172 2495 365 2560 evertendae
381 2511 466 2578 sunt,
483 2501 574 2582 rigor,
589 2511 621 2564 et
636 2505 808 2567 misterius
823 2505 1009 2571 adhibenda
1022 2521 1081 2586 est,
1097 2509 1216 2590 quibus
1230 2521 1344 2574 tomen
1359 2511 1469 2574 eversis

171 2609 358 2677 certandum
374 2625 431 2690 est,
451 2626 486 2676 nt
502 2614 584 2695 rigor
599 2614 661 2694 illo,
684 2628 715 2678 et
730 2619 900 2682 arroteritae
916 2619 1095 2696 clementia,
1118 2632 1151 2682 et
1165 2621 1386 2686 moderatione
1401 2633 1471 2686 tem-

172 2735 307 2805 peretur,
331 2724 380 2787 lm
395 2741 464 2786 sese
480 2737 649 2806 gesserunt
673 2725 847 2790 Pontifices
863 2729 1010 2792 Maximi.
1034 2731 1119 2794 Cum
1144 2731 1284 2814 primum
1310 2731 1469 2796 Arnaldls·

172 2847 277 2901 tarum
294 2837 436 2900 haeresis
450 2838 666 2920 grassabatur,
682 2838 725 2900 ob
739 2839 901 2920 ingentem
918 2839 1046 2903 illorum
1063 2839 1304 2905 multitudinem
1328 2845 1470 2924 reeipien-

171 2946 249 3011 dnrn
266 2961 342 3028 erat,
360 2962 392 3010 ut
409 2951 607 3028 qrrlcumque
632 2948 663 3010 in
681 2948 831 3026 Olerieos,
858 2947 910 3010 rel
926 2948 1104 3012 Merraehos
1120 2951 1255 3032 impiam
1277 2969 1413 3015 manum
1427 2951 1467 3012 io·

171 3055 329 3132 tulissent,
357 3056 401 3118 ite
416 3053 646 3118 Lateranensis
660 3058 796 3122 oenotris
813 3057 922 3138 poenis
934 3057 1149 3140 subjacerent,
1175 3077 1215 3120 ae
1230 3061 1257 3136 sl
1274 3059 1465 3124 arnolden-

171 3181 243 3224 rnm
261 3161 364 3226 surore
379 3163 511 3244 correpti
529 3161 672 3240 inissent,
695 3183 766 3244 cap.
782 3165 812 3226 5.
828 3164 859 3226 n.
877 3163 934 3240 19,
951 3175 982 3225 et
996 3164 1117 3244 passim
1133 3163 1173 3226 de
1188 3175 1325 3230 sentent.
1348 3183 1467 3230 exeom-

171 3294 263 3340 mnn.
295 3275 380 3337 Cum
398 3291 472 3335 vero
487 3273 635 3339 imminui
651 3274 755 3354 eoepit
777 3272 1215 3354 Ameldistenrmnnmerns,
1238 3274 1351 3338 adhue
1365 3287 1464 3338 umen

171 3380 273 3462 aliqui
287 3393 387 3458 erant,
413 3397 479 3442 non
493 3387 607 3442 opines
621 3382 822 3463 conjecturae
847 3381 994 3446 sublatae
1009 3379 1146 3460 luerent,
1169 3383 1289 3463 quibus
1309 3383 1344 3448 in
1359 3381 1466 3447 eedem

79 3491 88 3500 '
170 3490 344 3575 disciplina
370 3490 642 3574 perseverandum
656 3509 728 3554 esse
742 3491 931 3555 crederetur.
974 3491 1128 3554 'neodem
1145 3507 1220 3554 veto
1244 3511 1321 3556 eum
1336 3491 1466 3556 reredor

170 3618 276 3683 poena
292 3598 459 3678 videretur,
474 3599 549 3662 certi
565 3617 662 3662 cesus
677 3598 859 3680 excipiendi
874 3609 975 3676 arent,
990 3599 1109 3679 qulbus
1124 3615 1229 3681 poena
1244 3599 1467 3662 Latarauensis

170 3708 310 3773 Corteilii
337 3709 443 3772 loeum
469 3727 531 3772 oon
550 3709 690 3771 liaberet.
734 3707 820 3770 Hine
834 3707 982 3788 exceptio
1007 3708 1139 3788 probate
1160 3720 1216 3786 est,
1237 3725 1310 3788 ·quo
1326 3725 1405 3771 essu
1428 3721 1464 3768 ex

170 3817 271 3880 animi
288 3817 426 3895 levitate,
453 3836 508 3880 seu
521 3819 593 3900 joco
608 3817 681 3899 qnls
707 3815 869 3880 eternum
887 3816 1039 3893 laesisset,
1065 3833 1135 3895 esp.
1154 3817 1186 3877 1.,
1197 3815 1239 3878 de
1261 3829 1399 3880 sentent.
1416 3833 1466 3878 ex·

169 3947 345 4007 nominum,
363 3928 439 3990 item
454 3945 518 4007 qno
533 3945 611 3988 easu
627 3927 700 4007 quis
711 3945 753 3990 ex
767 3924 880 4000 officio,
898 3937 976 4006 puta
991 3923 1145 4006 Magister
1154 3923 1363 4006 discipulum,
1380 3925 1465 3988 Proe-

169 4038 256 4106 lntns
272 4037 439 4101 subditum
454 4039 599 4119 corriget,
624 4050 682 4098 aut
698 4035 779 4098 laico
793 4034 1020 4114 corrigendum
1037 4032 1176 4110 mandet,
1195 4033 1283 4097 dieto
1297 4053 1369 4114 eap.
1386 4035 1423 4108 l.,
1435 4039 1465 4092 et

168 4145 220 4210 35⁴
235 4146 305 4212 eod.
321 4147 379 4224 nr,
394 4164 465 4227 eap.
494 4143 542 4208 15.
558 4143 673 4206 eodem
687 4143 720 4207 in
737 4143 775 4220 e,
804 4141 915 4204 iridem
939 4159 1006 4222 qno
1020 4159 1100 4204 easu
1125 4140 1283 4228 quispim
1309 4137 1463 4204 aGlerien

169 4255 295 4320 illatam
312 4255 525 4339 repellenate
541 4253 692 4338 injurium
709 4249 896 4316 inserentem
913 4251 1075 4314 Glerieum
1090 4261 1244 4329 eoeroeat,
1261 4247 1466 4332 quemadmo-

168 4364 248 4428 dum
259 4365 421 4448 vcontingit
445 4365 478 4428 in
495 4364 602 4447 specle
616 4361 749 4443 capituli
764 4361 793 4424 3.
811 4376 893 4424 vers.
922 4360 1057 4426 Nectite
1070 4359 1142 4425 eod.
1164 4361 1222 4444 tit,
1248 4359 1379 4468 insuper
1401 4369 1463 4436 quo

167 4489 248 4542 esan
260 4475 336 4564 quis
360 4475 524 4546 Clericum
539 4473 698 4564 perenni
720 4469 835 4539 dirius
847 4467 958 4544 officia
977 4469 1220 4562 impellentem,
1231 4487 1305 4554 oap.
1322 4467 1381 4536 ld.
1392 4459 1463 4530 setl-
