3146 4980
246 394 292 441 sn
307 390 472 440 urrunnu
489 391 539 448 nn
552 391 712 455 surano,
728 393 776 440 nr
792 391 963 477 censoru
980 391 1181 440 sxeosrrrs.
1301 371 1378 440 33³*

94 517 407 606 piitntinsalendnrn,
433 516 696 598 eteducendum3
724 517 883 600 pmabant
896 515 985 582 enim
1006 515 1148 582 Romani
1163 514 1304 583 aethnici
1317 517 1373 582 In-

93 627 196 694 sulssnr
209 625 301 692 illam
325 639 401 693 ecse'
411 625 483 694 noo
496 625 635 710 menam,
661 635 853 708 argumento
868 625 948 709 legis
963 626 1081 690 unicee
1096 628 1118 694 l.
1134 625 1164 688 3.
1179 624 1250 688 cod.
1271 624 1313 689 de
1326 625 1372 688 la-

92 736 146 798 tios
158 735 255 800 libert
267 733 375 800 tollen
418 733 522 798 Extra
536 734 625 798 huuc
639 753 754 800 cacum
768 733 856 800 filius
870 734 1043 818 expositus,
1068 734 1143 798 licet
1156 735 1262 800 alieno
1277 735 1374 800 bene-

90 839 150 904 ficio
160 840 249 922 dms,
267 851 301 906 et
311 840 480 922 educante,
493 841 705 912 nihilominus
715 843 750 906 in
765 845 864 924 patris
879 852 1035 925 potestate
1054 843 1227 908 consistere
1241 844 1371 910 videbe·

90 931 321 1028 trclfflsffide
334 968 481 1020 manunt„
494 951 784 1034 secundamus
804 954 831 1014 1.
849 955 872 1020 l.
886 953 916 1016 2.
931 951 1114 1036 tuncjam,
1126 951 1246 1018 etiecti
1259 954 1369 1037 ignor,

89 1060 184 1128 altem
194 1061 520 1150 quoad.eoseffcctue,
535 1062 592 1142 qui
603 1061 671 1126 filio
683 1062 778 1126 utiba
788 1073 889 1143 erant;
906 1079 983 1128 narn
994 1061 1103 1144 quoad
1114 1081 1176 1142 eos,
1188 1064 1244 1146 qui
1257 1061 1368 1128 levare

87 1172 200 1254 petriad
217 1169 545 1254 legeinducebaatur,
560 1188 625 1234 non
641 1170 733 1234 aliter
747 1174 782 1236 in
803 1180 958 1253 potestate
973 1173 1074 1253 patris
1086 1189 1157 1236 esse
1172 1172 1370 1254 credebatur,
1432 1243 1437 1259 1

85 1297 169 1362 qnam
181 1281 222 1359 si,-
232 1279 322 1362 qnod
336 1280 372 1344 in
386 1279 545 1346 elimenta
555 1277 616 1344 filii
629 1281 671 1344 ab
685 1291 838 1348 extraneo
852 1282 1042 1364 praestitum
1056 1280 1179 1362 tranat,
1191 1283 1371 1348 restituere·

84 1399 131 1468 tm,
142 1389 161 1454 l.
176 1389 312 1454 lercod.
332 1387 373 1452 do
390 1389 524 1471 nuptiis3
544 1389 755 1472 nequeenim
767 1389 861 1472 apud
875 1391 1041 1456 Romanos
1056 1401 1182 1474 recepta
1196 1391 1266 1472 fuit,
1282 1409 1368 1474 quae

83 1498 155 1580 apud
163 1499 347 1564 Graccoein
357 1517 423 1564 neu
433 1497 612 1582 aliquando
621 1508 699 1578 erat,
710 1497 871 1564 abdicatio
883 1500 1065 1580 liberorum,
1077 1501 1097 1564 l.
1107 1501 1137 1564 6.
1150 1500 1221 1564 cod.
1233 1500 1276 1564 de
1286 1509 1369 1584 patr.

83 1617 177 1688 potest
219 1607 350 1676 anas
365 1607 601 1674 Constantinus
616 1607 760 1690 Magnus
779 1607 813 1670 in
826 1606 849 1670 l.
867 1608 895 1670 1.
910 1605 981 1670 cod.
993 1603 1157 1670 Theodoa
1175 1605 1216 1669 de
1230 1606 1368 1688 exposit.

84 1717 175 1798 minii,
186 1728 313 1801 petrem
328 1717 486 1782 infamans
497 1727 732 1782 recensnaturu
744 1724 971 1797 exponentem,
982 1723 1040 1778 aut
1051 1714 1169 1796 exponi
1181 1713 1367 1797 patientem,

83 1823 154 1890 onai
162 1825 236 1908 jure
245 1825 374 1906 privari,
390 1823 468 1886 detta
478 1822 632 1887 facultate
645 1824 684 1902 ei,
696 1823 753 1904 qui
765 1823 883 1904 pictate
892 1831 1000 1886 motus
1011 1823 1194 1905 expositum
1206 1824 1367 1906 receperit,

82 1937 295 2019 stomatasm,
311 1945 485 2018 receptum,
501 1935 670 2018 altumque
683 1933 825 1998 habendi
831 1943 995 2016 ¹atnquam
1010 1934 1124 2014 lilium,
1141 1934 1193 1998 rel
1209 1945 1367 2017 tanquam

81 2065 196 2114 semim
207 2049 384 2134 proipsim
395 2043 920 2129 at'citriotqucdeonfirmarsrunl
934 2046 1145 2129 Imperatores
1169 2046 1366 2112 Valentinia-

81 2173 139 2236 nns,
154 2155 283 2236 Valens?
298 2166 331 2218 et
344 2155 525 2221 Gratianus
540 2157 576 2220 in
592 2155 612 2218 l.
628 2155 657 2220 2
673 2153 746 2218 cod.
759 2154 934 2222 Justinr'an.
957 2153 998 2220 dc
1013 2152 1129 2220 iniant.
1141 2173 1254 2238 expos.
1298 2154 1366 2220 Gir-

80 2265 330 2333 coenantum
373 2250 546 2344 Herdonius,
573 2273 608 2328 et
630 2263 838 2332 Theodosius
863 2264 1005 2346 Augusti
1027 2264 1200 2328 voluerunt
1222 2263 1366 2346 quidem,

79 2383 188 2456 petrem
201 2384 418 2460 exponentem
441 2373 531 2440 omni
541 2374 613 2458 jure
637 2373 760 2456 patriae
774 2373 939 2456 potestatis
954 2370 1079 2451 cadere,
1104 2381 1137 2434 et
1150 2371 1365 2455 recipientem,

79 2486 270 2570 slente'rnque
280 2489 353 2572 jtrre
367 2486 517 2571 parentis,
541 2485 596 2550 vel
610 2485 734 2550 domini
748 2485 867 2563 haberi,
895 2503 962 2550 non
977 2484 1069 2548 aliter
1083 2494 1201 2562 tamen,
1221 2483 1366 2566 quamsi

78 2600 173 2664 omnia
187 2599 323 2665 umbus
346 2598 563 2684 probanennn,
589 2607 622 2662 et
636 2596 819 2662 testimonia
843 2597 1077 2678 errbseriptione
1097 2595 1291 2682 Episcopnli
1311 2594 1364 2660 fir-

76 2715 154 2768 mata
175 2706 376 2790 adponerent,
402 2705 493 2771 unde
512 2705 605 2770 nulls
629 2705 708 2772 fecti
731 2723 898 2789 strpemse
922 2703 1080 2771 dubitatio
1104 2703 1268 2786 potuisset,
1296 2703 1315 2766 l.
1330 2703 1364 2774 2.

76 2810 135 2873 ced.
158 2803 322 2878 Theodec.
348 2813 390 2878 de
404 2813 567 2898 expetitis.
611 2815 734 2900 Maiore
746 2816 871 2898 pietate,
898 2833 937 2878 ac
950 2813 1061 2878 favore
1075 2813 1237 2898 sepositos
1259 2831 1365 2897 prose,-

75 2933 160 2986 cotes
171 2933 220 2988 est
234 2923 447 3005 lastinianus,
473 2924 530 3006 qui
541 2925 578 2988 in
593 2941 652 2989 erro
668 2924 788 2990 Codice
803 2925 822 2990 l.
839 2926 878 3004 a,
895 2933 929 2990 et
940 2925 971 2988 4.
987 2923 1029 2987 dc
1052 2924 1166 2988 infant.
1183 2943 1292 3008 expos.
1307 2941 1363 2986 ro·

75 3027 133 3112 init,
146 3017 351 3100 eeacmnino
363 3033 480 3100 linares
493 3019 638 3114 eradere,
653 3053 760 3116 neque
776 3033 844 3098 ulla
859 3035 980 3098 ratione
995 3033 1110 3119 subjici
1128 3034 1361 3118 recipientium,

73 3153 98 3203 et
111 3143 263 3209 alentitnn
289 3143 445 3227 potestati,
472 3143 622 3227 idemque
646 3143 851 3208 confirmavit
877 3143 911 3209 in
937 3143 1020 3208 Nor.
1040 3141 1110 3206 let.
1154 3142 1241 3206 Hinc
1265 3140 1363 3204 facile

73 3251 197 3334 quisque
222 3253 380 3336 intelliget
404 3259 563 3316 canonem
586 3254 616 3316 9.
633 3251 770 3330 concilii
795 3251 957 3330 lacensis,
983 3261 1019 3314 et
1030 3269 1189 3316 canonem
1210 3249 1260 3313 32
1277 3251 1363 3314 Con-

72 3355 126 3420 crlii
140 3357 337 3422 Arelatensis
352 3360 403 3440 11,
420 3350 540 3443 qutiens
553 3361 647 3424 datur
662 3359 801 3424 facultas
815 3357 888 3440 iliis,
903 3361 960 3441 qui
975 3360 1138 3442 expositos
1155 3358 1363 3442 collegerunt,

71 3463 99 3526 in
112 3485 203 3529 suam
218 3476 410 3548 potestatem
432 3469 595 3551 expositos
611 3467 810 3548 vindicandi,
833 3467 1012 3532 dummodo
1026 3467 1115 3550 apud
1130 3468 1313 3532 Ecclesiam
1327 3467 1362 3533 id

71 3577 227 3639 contestati
240 3575 390 3646 fuissent.
432 3577 501 3640 Ista
514 3577 603 3641 enim
618 3575 765 3640 Concilia
790 3575 959 3656 celebrate,
982 3587 1204 3661 quotempore
1217 3577 1359 3643 necdum

70 3681 171 3766 editae,
197 3694 255 3750 aut
269 3685 410 3750 necdum
435 3685 658 3769 promulgatae
682 3683 905 3750 Juntinianeae
930 3685 1018 3767 leges
1033 3695 1132 3766 erant,
1157 3683 1199 3746 ad
1215 3661 1362 3748 veterum

69 3792 292 3877 Imperatorum
317 3789 523 3877 disciplinam
547 3791 717 3862 commode
731 3803 948 3877 respexerant,
974 3811 1047 3856 can.
1062 3791 1091 3854 9.
1111 3790 1184 3854 diet
1200 3791 1251 3854 87.
1295 3789 1360 3852 ns·

69 3903 132 3968 dem
146 3904 211 3968 sere
237 3905 359 3968 ratione
374 3902 524 3967 Ecclesia
548 3899 717 3970 Gallicana
736 3899 866 3980 retinuit
881 3899 1108 3964 recentioribus
1132 3899 1230 3962 etiam
1249 3912 1361 3959 seecu-

68 4011 316 4100 indisciplinam
340 4024 487 4078 veterum
500 4013 743 4097 Imperatorum,
769 4021 932 4096 propterea
957 4008 1049 4092 quod,
1072 4007 1185 4072 Codex
1202 4007 1222 4070 J
1225 4001 1359 4068 sastinia-

68 4137 139 4190 ntus
152 4125 209 4190 diu
235 4126 366 4208 ignotus
390 4121 451 4190 tute
469 4123 611 4188 Francis.
655 4123 743 4189 Hinc
757 4121 899 4208 idipsum
914 4119 1078 4189 firmatum
1101 4117 1164 4182 suit
1176 4117 1210 4178 in
1227 4113 1360 4196 Capitu-

68 4227 117 4293 lari
131 4231 241 4298 incerti
267 4231 346 4295 anni
360 4229 448 4314 qnod
462 4231 619 4296 Balunius
643 4240 737 4315 putat
750 4230 875 4294 editum
888 4229 974 4292 circa
999 4245 1124 4290 annum
1146 4223 1217 4289 744.
1234 4233 1308 4286 tom.
1328 4224 1361 4287 l.

68 4341 296 4424 Capitularinm
321 4343 521 4406 Francarum
537 4359 610 4426 pag.
632 4341 718 4404 ‘mihi
735 4341 804 4406 151.
830 4357 901 4421 cap.
919 4339 956 4417 1.,
972 4337 1064 4420 cujus
1089 4333 1187 4398 verba
1201 4331 1359 4396 translata

68 4463 134 4516 sum
147 4452 182 4517 in
196 4449 314 4518 librum
339 4451 368 4516 θ.
385 4450 623 4536 capitularium
648 4469 719 4535 cap.
736 4449 805 4514 144.
830 4460 863 4513 et
877 4449 960 4514 iuter
974 4463 1114 4512 canones
1129 4443 1223 4508 Isaac
1238 4441 1364 4526 Linge-
