3276 4984
342 441 474 488 QUIBUS
499 441 550 484 EX
572 441 698 486 CAUSIS
721 437 919 484 SPONSALIA
942 437 1224 486 nlssunvnrt‘rtta.
1391 415 1433 482 85

133 583 185 646 per
199 562 331 644 quidam
346 581 417 626 csse
432 561 685 642 custodiendam,
701 573 889 626 nontamen
905 581 1057 644 eousque,
1073 575 1109 628 ut
1124 565 1229 647 majus
1237 564 1361 630 bonum
1374 569 1433 630 im·

131 672 246 754 pediat,
261 671 360 753 quale
374 681 458 734 esset
473 691 548 754 prae
563 673 683 753 nuptiis
712 669 939 733 contrahendis
954 669 1103 752 religiosa
1117 669 1280 753 professim
1296 669 1429 740 habetur
1481 697 1485 706 ·

130 782 224 860 enim,
239 782 297 862 qui
307 781 514 866 jurejurando
539 801 574 843 se
587 780 755 844 ducendae
771 779 898 861 puellae
922 779 1101 858 obstrinxit,
1117 799 1156 843 ac
1177 779 1204 842 si
1215 781 1356 863 jurasset
1369 781 1431 847 sub

129 886 321 966 conditione,
337 907 422 968 qnae
437 888 539 967 tacite,
555 898 587 950 et
598 888 631 950 vi
647 887 726 969 legis
742 889 833 965 ineat,
848 887 876 950 si
891 888 1104 950 monasticam
1119 887 1349 971 professionem
1364 909 1430 954 non

129 999 277 1062 emiserit
321 999 423 1069 Quod
438 999 510 1062 dico
524 999 564 1062 de
580 999 708 1082 ingresu
724 1001 758 1062 in
774 999 1013 1078 Monasterium,
1027 1001 1246 1083 recipiendum
1261 1003 1359 1066 etiam
1372 1019 1431 1086 pu·

130 1119 159 1166 to
174 1105 208 1168 in
223 1125 265 1168 ea
290 1105 404 1188 specie,
421 1127 487 1188 qua
502 1105 652 1168 alteruter
673 1125 715 1170 ex
731 1107 857 1188 spo'nsis
882 1125 947 1168 non
970 1107 1122 1185 solemne,
1146 1109 1204 1170 sed
1229 1110 1376 1192 simplex,
1393 1123 1429 1178 ut

128 1223 253 1289 vocent,
280 1213 498 1276 continentiae
511 1221 625 1275 votum
648 1212 869 1294 emiseritqqni
883 1213 970 1276 euim
997 1225 1066 1295 post
1082 1224 1244 1280 eontracta
1264 1217 1429 1300 sponsalia

128 1319 362 1384 continentiam
384 1321 508 1402 privato
530 1319 673 1402 quodam
697 1321 810 1402 spiritu
833 1329 937 1400 vovet,
964 1339 1117 1402 sponsam
1132 1329 1199 1386 non
1216 1323 1361 1390 similiter
1376 1343 1429 1390 ve

128 1438 256 1488 rentem
288 1425 418 1490 liberare
432 1438 590 1506 censetur,
615 1447 816 1510 quamquam
839 1447 873 1490 se
899 1429 941 1492 ab
955 1428 1071 1494 eadem
1096 1431 1229 1496 minime
1253 1432 1429 1516 libereque

127 1533 201 1598 lorte
217 1534 439 1618 admittamos,
463 1537 505 1601 ob
519 1537 643 1619 privata
667 1535 829 1626 quaedam
843 1537 959 1615 studia,
983 1547 1015 1600 et
1028 1538 1193 1620 singulare
1211 1544 1429 1608 continentiae

129 1642 258 1722 bonum,
274 1647 377 1724 aquo
398 1644 497 1706 etiam
510 1641 599 1722 forte,
625 1643 793 1724 quiverit,
820 1643 860 1706 sit
876 1663 1068 1724 recessurus,
1084 1643 1231 1710 fraudem
1246 1646 1336 1710 alteri
1352 1645 1431 1730 fieri,

128 1753 179 1816 cui
187 1751 391 1837 jamdudum
404 1750 509 1816 suerat
522 1749 604 1815 fides
619 1752 767 1814 voventis
782 1751 940 1832 obstricta,
964 1762 1154 1838 argumento
1168 1772 1238 1836 cap.
1253 1755 1273 1817 5
1288 1755 1346 1836 qui
1360 1753 1432 1820 cle

127 1862 182 1924 rici
198 1862 253 1926 vel
269 1872 437 1924 voventes.

165 1972 238 2042 Qui
252 1971 511 2034 ecclesiasticum
536 1968 683 2034 ordinem
697 1981 770 2052 post
797 1967 878 2034 inita
892 1971 1055 2056 sponsalia
1069 1973 1219 2056 suscepit,
1233 1972 1285 2036 vel
1300 1993 1338 2038 ee
1352 1973 1433 2040 ordi·

126 2098 165 2144 ne
180 2080 336 2160 initiatur,
352 2079 409 2162 qui
424 2097 514 2143 sacer
535 2087 592 2160 est,
607 2087 640 2142 et
653 2075 834 2144 solemnem
858 2080 1074 2146 continentiae
1090 2077 1317 2162 professionem
1332 2079 1433 2160 requi·

126 2187 173 2266 rit,
187 2189 241 2249 vel
258 2205 306 2265 eo,
322 2186 380 2269 qui
402 2205 468 2250 non
483 2203 573 2250 sacer
598 2183 723 2264 dicitur,
739 2205 798 2250 seu
812 2186 896 2254 inira
921 2187 1191 2252 subdiaconatum
1200 2189 1297 2272 juxta
1309 2187 1433 2252 hodier-

126 2312 204 2358 nam
218 2295 391 2358 Ecclesiae
405 2293 621 2376 disciplinam.
665 2293 804 2364 Quoties
815 2315 905 2358 sacro
920 2293 1030 2358 ordine
1047 2311 1186 2378 sponsus
1202 2295 1352 2376 initietur,
1368 2293 1433 2358 irri-

124 2414 157 2468 ta
170 2403 341 2488 sponsalia
355 2401 448 2484 fitrnt,
465 2401 553 2486 quod
567 2421 618 2466 res
634 2401 757 2466 incidat
779 2402 814 2466 in
828 2421 904 2466 eum
919 2421 1042 2482 casum,
1062 2421 1128 2484 quo
1144 2421 1314 2486 nunquam
1325 2405 1434 2489 conju·

123 2514 215 2596 giam
228 2511 461 2578 celebrandum
473 2510 522 2576 ait
543 2555 546 2563 Α
567 2512 610 2576 At
624 2511 750 2594 quoties
765 2529 903 2594 sponsus
926 2521 1054 2576 tantum
1069 2513 1104 2576 in
1118 2511 1297 2578 minoribus
1310 2513 1434 2578 ordine.

123 2631 182 2702 tur,
196 2623 227 2685 is
242 2619 378 2703 quidem
403 2638 558 2704 sponsam
570 2625 593 2685 a
607 2639 641 2682 sa
667 2619 781 2682 liberat
801 2619 842 2684 ob
857 2620 1034 2684 voluntatis
1059 2613 1273 2685 mutationem
1291 2623 1433 2686 exterius

123 2731 295 2812 proditam,
310 2749 376 2794 non
401 2741 510 2796 mmen
526 2731 594 2814 ipse
616 2728 777 2808 liberatur,
797 2747 943 2812 quosque
968 2730 1003 2792 in
1017 2727 1170 2812 pendenti
1189 2741 1245 2810 est,
1283 2731 1435 2798 eumdem

124 2839 296 2904 Ecclesiae
321 2847 512 2917 constanter,
528 2851 559 2902 et
573 2848 726 2920 perpetuo
752 2835 899 2916 adscribi,
914 2836 1001 2919 quod
1023 2835 1119 2899 hodie
1134 2835 1171 2900 lit
1186 2856 1241 2920 per
1263 2836 1367 2902 solam
1381 2858 1431 2902 sa·

123 2969 252 3014 erorum
275 2947 427 3012 ordinum
449 2947 694 3031 susceptionem:
718 2965 824 3028 neque
839 2943 930 3008 aliud
953 2945 1035 3010 mihi
1051 2945 1177 3010 videtur
1200 2943 1376 3012 dicendum
1390 2945 1432 3012 de

123 3079 168 3138 eo,
183 3059 244 3142 qui
258 3067 386 3123 mutato
410 3057 518 3122 laicali
532 3058 655 3137 habitu,
680 3067 712 3120 at
726 3056 779 3119 vel
793 3054 941 3136 clericali,
963 3055 1015 3118 vel
1030 3053 1180 3137 religiosa
1194 3065 1282 3121 veste
1299 3055 1432 3122 indutus

123 3185 227 3234 certae
253 3169 424 3234 Ecclesiae
449 3167 623 3232 ministerio
648 3169 682 3230 in
698 3165 899 3230 inferioribus
923 3164 1037 3229 officiis
1057 3163 1236 3245 addicatur,
1253 3176 1361 3248 utpote
1376 3165 1434 3248 qui

24 3349 25 3356 ,
124 3277 206 3340 iacto
221 3295 294 3356 suo,
305 3285 338 3338 et
351 3275 467 3338 saltem
482 3275 578 3338 tacite
593 3275 798 3357 sponsalibus
810 3273 1046 3338 renuntiavissc
1062 3285 1222 3342 censetur.
1270 3339 1273 3348 ,

163 3388 258 3451 Irrita
282 3386 381 3449 etiam
407 3386 570 3468 sponsalia
593 3385 685 3464 fiunt,
712 3396 888 3464 utcumque
918 3382 1037 3448 fuerint
1056 3384 1263 3468 jurejurando
1295 3384 1431 3463 firmata,

24 3559 25 3580 ,
127 3515 178 3580 per
191 3494 385 3579 conjuginm
398 3494 440 3556 ab
454 3492 606 3556 alterutro
620 3513 663 3558 ex
678 3493 804 3574 sponsis
819 3509 895 3554 cum
910 3490 974 3554 alio
989 3489 1029 3552 de
1044 3491 1204 3574 praesenti
1218 3500 1428 3568 contractum,

128 3599 195 3663 licet
209 3598 401 3683 hujusmodi
424 3600 631 3664 matrimonia
651 3610 807 3682 tanquam
833 3599 945 3663 illicita
968 3600 1094 3682 legibus
1119 3600 1345 3680 improbentur,
1360 3619 1430 3682 cap.

130 3707 180 3784 15,
195 3717 230 3768 et
244 3705 297 3766 31.
326 3703 531 3786 desponsat,
547 3727 616 3790 cap.
636 3711 662 3770 1.
689 3707 865 3791 desponsa
890 3708 1038 3774 duorum.
1082 3709 1183 3778 Quod
1199 3717 1308 3774 tomen
1323 3711 1369 3772 ita
1384 3711 1430 3774 in·

130 3813 250 3897 telligas
264 3811 374 3892 velim,
401 3823 438 3878 ut
451 3815 648 3880 dissolvatur
670 3818 872 3899 sponsalium
894 3817 1046 3900 obligatio
1073 3837 1114 3882 ex
1141 3830 1230 3902 parte
1253 3839 1318 3882 non
1334 3818 1429 3897 illius,

24 3965 25 3990 r
127 3927 177 4004 qui
190 3922 440 4004 matrimonium
464 3925 705 4004 contraxisset
729 3927 869 3992 alterius.
914 3927 999 3990 Hinc
1014 3929 1071 4010 qui
1098 3928 1340 3994 matrimonium
1355 3945 1430 3993 cort·

129 4039 228 4116 traxit,
244 4035 447 4118 quicumque
470 4054 567 4100 casus
580 4048 730 4119 emergat,
757 4039 870 4120 quoin
896 4038 1065 4122 pristinam
1081 4038 1259 4102 libertatem
1285 4039 1428 4102 restitua-

130 4157 181 4226 tur,
197 4167 265 4211 non
280 4149 395 4229 poterit
416 4147 549 4228 quidem
564 4149 748 4214 derelictam
764 4169 917 4233 sponsam
938 4151 1142 4232 obstringere,
1159 4153 1235 4214 cum
1250 4169 1344 4216 nemo
1361 4171 1429 4232 per·

130 4255 221 4320 fidiae
247 4275 323 4320 reus
343 4258 417 4339 jure
431 4255 574 4320 alienam
599 4257 767 4338 perfidiam
790 4259 924 4338 incuset;
946 4257 1055 4320 adbuc
1071 4267 1180 4320 tamon
1202 4255 1361 4320 tenebitur
1384 4253 1428 4319 ad

130 4363 234 4430 datam
259 4364 466 4448 sponsalium
480 4365 581 4430 fidem
604 4365 811 4449 implendam,
834 4364 1112 4448 quemadmodum
1136 4365 1300 4445 continget
1314 4383 1364 4426 ex.
1380 4384 1426 4447 gr.

130 4477 154 4540 ai
164 4477 637 4578 mntrnctummatrimonium
649 4477 760 4566 aliqua
774 4477 815 4542 de
837 4496 940 4558 causa
951 4476 1192 4544 irritumfuissc
1212 4473 1427 4558 deprehende-
