3168 4982
214 427 278 492 aab
456 493 459 502 ,
652 445 895 492 nrsssarrrro
917 445 1067 496 cursus.

213 566 369 652 quoniam
383 585 449 632 non
474 565 515 630 de
529 565 676 648 legitimo
691 577 902 632 monumento
917 571 1033 650 agitur,
1058 565 1115 630 sed
1130 567 1171 650 do
1186 566 1321 630 solemni
1337 567 1504 651 impostoris

212 677 392 745 mendacio.
435 676 583 743 Tantum
598 676 680 756 dico,
708 675 863 760 plurimos
879 676 1090 740 recentiorum
1116 675 1318 740 saeculorum
1341 677 1504 758 scriptores,

212 791 268 874 qni
283 786 468 852 Mercatoris
494 784 646 866 epistolas
672 793 829 866 tanquam
844 801 1017 865 germanas
1042 783 1234 862 habuerunt,
1261 781 1306 844 ita
1331 781 1501 859 credidisse
1560 841 1561 844 ,

211 895 366 960 nimirum
382 909 447 956 non
461 889 693 970 dubitaverunt
706 891 887 970 adfirmare,
913 909 951 954 eo
966 889 1093 953 decreto
1107 890 1292 954 Mercatoris
1316 887 1436 952 irritum
1450 889 1504 951 sac.

212 1015 282 1070 tum
297 1021 368 1065 esse
382 1000 579 1082 conjuginm,
594 999 621 1060 si
634 999 703 1062 sine
718 997 973 1062 solemnitatibus
989 995 1214 1060 ecclesiasticis
1228 993 1425 1057 celebratum
1438 991 1507 1056 luis-
1560 981 1561 1038 Ϊ

211 1122 267 1176 set.
313 1107 367 1172 Ex
382 1109 433 1172 bis
448 1106 510 1170 fnit
524 1107 721 1172 Hincmarus
736 1107 932 1170 Rheurensis
947 1107 980 1168 in
995 1103 1153 1188 opusculo
1167 1103 1208 1166 de
1222 1101 1359 1166 divortio
1374 1101 1506 1180 clotarii,
1560 1113 1561 1152 3

210 1229 243 1284 et
257 1218 448 1300 'l'etbergaq
465 1216 518 1278 cui
534 1235 655 1280 morem
670 1215 807 1298 gessisse
823 1215 950 1278 videtur
965 1213 1120 1278 Nicotaus
1134 1215 1159 1278 1.
1175 1215 1209 1276 in
1224 1232 1296 1276 can.
1313 1213 1341 1275 t.
1358 1229 1445 1275 caus.
1460 1209 1505 1272 31.
1560 1207 1561 1300 ,

210 1337 334 1412 quaest.
351 1325 391 1405 2.,
416 1323 565 1388 nonnulli
580 1319 771 1388 econtrario
786 1333 896 1386 contra
911 1333 1088 1401 senserunt,
1116 1323 1235 1403 quibus
1251 1319 1372 1383 scilieet
1386 1335 1507 1403 persua·
1560 1317 1561 1402 l

211 1441 456 1510 sumnonerat,
484 1441 629 1494 autenm
657 1430 798 1494 Eraristi
824 1431 992 1514 epistolam
1019 1432 1207 1502 auctoritate
1224 1429 1346 1512 -polere,
1362 1419 1506 1492 'autenm
1560 1417 1561 1490 ζ

210 1543 354 1606 moribus
368 1559 437 1604 esse
453 1539 679 1624 recipiendam
695 1539 908 1621 quemobrem
921 1540 1052 1604 sesamo
1067 1540 1247 1620 undecimo,
1265 1537 1465 1617 duodecimo,
1479 1545 1507 1597 et
1560 1519 1561 1582 ]

210 1650 419 1734 sequentibus
434 1667 537 1732 usque
563 1649 605 1712 ad
621 1659 763 1731 tempora
778 1648 914 1712 Ooncilii
929 1647 1121 1726 Tridentini,
1146 1647 1323 1712 dummodo
1338 1663 1507 1711 consensus
1560 1649 1561 1718 t

209 1763 279 1842 viri,
295 1773 327 1826 et
340 1761 484 1824 mulieris
498 1778 564 1826 non
580 1758 713 1838 deesset,
729 1759 934 1823 matrimonia
948 1761 1165 1824 consistebant
1185 1760 1283 1823 ctiam
1298 1760 1368 1822 sine
1383 1757 1450 1821 ulla
1463 1773 1507 1817 so·

210 1866 376 1933 lemnitate
400 1865 494 1944 facta,
517 1863 598 1928 adeo
621 1877 658 1930 ut
682 1866 779 1930 etiarn
804 1869 954 1951 conjugia
979 1878 1186 1950 praesumpta
1209 1867 1458 1944 admitterentur,
1473 1863 1504 1927 in
1560 1855 1561 1928 l

210 1981 328 2065 quibus
343 1977 464 2040 scilicet
488 1976 673 2060 conjugum,
697 1975 871 2058 dequibus
896 1988 1052 2058 ageretur,
1077 1976 1247 2039 consensio
1267 1995 1334 2040 non
1348 1989 1507 2062 appareret

210 2105 371 2171 expressa,
397 2084 454 2150 aad
468 2103 510 2148 ex
525 2083 720 2166 quibusdam
735 2083 892 2148 sactorum
908 2085 1068 2168 adjunctis
1095 2095 1361 2168 praesumeretur,
1377 2107 1446 2172 cap.
1463 2091 1508 2153 ll.

209 2199 250 2264 de
268 2204 469 2279 praesumpt,
484 2213 555 2277 cap.
571 2193 622 2256 21.
638 2194 679 2262 de
694 2193 844 2277 sponsal,
860 2211 928 2275 cap.
945 2193 974 2256 3.
991 2193 1201 2290 declaudest.
1220 2193 1368 2277 despons.
1399 2198 1508 2280 Equi·

209 2305 284 2370 dem
298 2303 516 2368 Lateralreuse
530 2301 714 2366 Concilium
729 2301 933 2384 disciplinam
950 2301 1150 2384 publicarum
1166 2301 1449 2370 denuntiationum
1465 2309 1507 2370 in·

208 2413 355 2493 duxeraq
382 2409 609 2492 sedquoniam
634 2411 799 2474 decretum
825 2409 953 2474 irritans
977 2429 1082 2473 norae
1105 2413 1325 2478 constitutioni
1351 2415 1508 2500 adjectum
1560 2427 1561 2486 t

207 2541 274 2590 nou
288 2519 401 2600 fuerat,
416 2521 537 2604 passim
555 2521 671 2602 negligi
688 2521 800 2602 coepit,
828 2519 1006 2602 iterumque
1022 2519 1231 2586 clandestinis
1246 2523 1403 2608 conjugiis
1417 2521 1508 2586 multi
1560 2535 1561 2618 ζ

206 2631 376 2697 vacabant.
421 2628 570 2696 Deducta
585 2648 634 2692 res
651 2627 710 2690 fnit
724 2627 766 2690 ad
781 2627 1010 2692 Tridentinum
1027 2629 1216 2710 Concilium,
1233 2633 1264 2694 in
1282 2651 1346 2712 quo
1361 2651 1438 2695 cnm
1454 2651 1506 2713 ag·
1560 2625 1561 2694 l

136 2775 142 2788 ·
206 2739 264 2804 niti
287 2737 426 2802 fuissent
450 2737 539 2814 varii,
555 2747 586 2798 et
608 2736 776 2818 perniciosi
802 2735 933 2814 abusus,
964 2735 1020 2817 qui
1046 2755 1087 2798 ex
1116 2735 1324 2800 clandestinis
1341 2737 1507 2823 'conjugiis

206 2849 419 2932 emergebant,
435 2845 620 2928 praesertim
634 2843 721 2924 qnod
734 2845 788 2925 qui
804 2843 1047 2924 contraxissent,
1060 2865 1099 2916 se
1114 2847 1313 2908 contraxisse
1327 2845 1507 2908 irrlieiaren·
1560 2837 1561 2916 l

206 2968 265 3034 tur,
281 2967 312 3021 et
327 2956 369 3020 ad
384 2955 553 3034 secundae,
578 2953 806 3034 ulterioresque
829 2953 960 3036 nuptias
977 2937 1040 3017 non
1057 2956 1126 3016 sino
1143 2956 1261 3036 insigni
1282 2955 1417 3036 perfidie
1435 2955 1507 3018 libe·

205 3083 238 3128 re
253 3083 288 3126 se
305 3082 397 3146 posse
422 3062 556 3126 transire
582 3060 787 3133 confiderent,
813 3062 968 3140 quoniam
992 3059 1032 3122 de
1059 3059 1214 3142 prioribus
1241 3079 1306 3123 non
1332 3062 1510 3140 constabat,

204 3172 291 3258 quod
306 3182 336 3235 et
352 3173 420 3234 suis
442 3169 640 3252 'temporibus
660 3170 730 3251 jam
756 3168 886 3250 lugebat
911 3169 1115 3232 lastinianus
1141 3170 1174 3234 in
1191 3169 1272 3233 Nou.
1299 3171 1349 3234 tt.
1378 3190 1451 3254 cap.
1472 3169 1509 3246 5,

203 3289 289 3350 certa
304 3276 519 3340 matrimoniis
534 3274 636 3338 sonna
649 3285 766 3338 statuta
784 3275 851 3354 suit,
870 3295 970 3357 quarn
984 3296 1097 3338 omncs
1109 3290 1325 3359 sequerentur,
1343 3297 1441 3342 nemo
1456 3297 1509 3342 ne·

203 3382 343 3466 gligeret,
360 3401 437 3443 sess.
454 3381 504 3442 at.
521 3380 564 3442 de
576 3380 646 3444 Res.
664 3385 801 3446 matrim.
818 3403 887 3466 cap.
908 3385 934 3446 l.

247 3491 390 3552 Primam
406 3490 502 3574 hujus
515 3489 632 3554 decreti
647 3491 927 3574 purtemsnperius
943 3492 1168 3575 interpretatus
1184 3514 1265 3574 sum,
1282 3513 1384 3577 quum
1396 3495 1437 3559 de
1454 3495 1509 3557 de·

202 3597 457 3662 nuntiationibus
472 3619 609 3682 agerem.
654 3600 751 3663 Nunc
766 3599 983 3682 expendenda
1008 3613 1054 3663 cst
1071 3603 1169 3664 altera
1187 3621 1268 3685 pam,
1292 3605 1325 3668 in
1342 3625 1406 3687 qua
1424 3623 1506 3686 nup·
1560 3597 1561 3670 l

204 3708 321 3771 tiorum
336 3709 564 3788 solemnitates,
581 3711 724 3792 ritusque
739 3712 927 3774 consistunt.
972 3713 1067 3775 Initio
1082 3713 1212 3795 professi
1230 3729 1305 3777 sunt
1320 3715 1506 3779 Tridentini
1560 3687 1561 3756 l

201 3817 377 3895 AntistiteS,
392 3819 614 3884 dtrbitondum
627 3841 693 3882 note
708 3841 783 3899 esse,
799 3821 1005 3886 clandestina
1019 3825 1242 3901 enutrimenta,
1268 3825 1367 3890 libero
1382 3834 1508 3888 connu-
1560 3863 1561 3870 κ

200 3927 350 3992 lucrativam
364 3933 633 4014 consensusocta,
650 3938 734 4008 rata,
752 3939 782 3994 et
797 3917 874 3994 nera
890 3951 958 3994 esse
972 3935 1196 4012 mntrt'nmuio,
1216 3939 1377 4018 qrmmdirr
1394 3935 1507 4000 E'csle

200 4038 254 4100 sio
268 4059 307 4102 eo
321 4039 422 4104 irritu
437 4039 608 4120 rrorrsecit,·
634 4055 675 4116 ex
691 4039 810 4118 quibus
827 4039 931 4101 verbis
946 4034 1054 4120 liquet,
1072 4051 1165 4102 cante
1181 4041 1323 4102 noluisse
1340 4041 1510 4114 Antistites

200 4144 272 4208 illas
287 4145 420 4210 definire
445 4146 674 4226 quaestionem,
701 4165 753 4222 an,
780 4156 811 4206 et
826 4165 891 4228 quo
907 4158 1054 4229 tempore,
1081 4157 1112 4208 et
1136 4147 1254 4228 quibus
1276 4149 1309 4210 in
1325 4147 1506 4212 l‘rorinciis

199 4252 376 4334 aliquando
389 4265 551 4336 receptum
567 4253 661 4316 fuerit
686 4253 719 4316 in
738 4253 892 4330 Ecclesia,
919 4265 955 4316 ut
970 4253 1168 4316 clandestina
1198 4257 1402 4319 matrimonia
1416 4256 1510 4318 irrita

198 4367 401 4444 haberentur,
417 4387 457 4430 ne
472 4379 628 4448 tanquam
651 4365 830 4446 legitimum
848 4365 965 4428 habere
980 4363 1164 4428 viderentur
1187 4377 1431 4428 monumentum
1449 4383 1509 4427 su—

198 4493 256 4558 pra
271 4481 291 4538 r‘r
305 4495 356 4540 me
379 4483 676 4558 commemoratum,
700 4483 732 4536 et
747 4471 1075 4551 Euaristotributum,
1093 4487 1198 4552 neque
1212 4491 1269 4555 pro
1284 4473 1508 4538 ecclesiastica
