3120 4980
181 350 222 420 to
448 377 538 426 reas
554 379 680 442 narni,
697 381 940 430 ntssnsrt'rro
957 385 1082 446 rrius,
1098 385 1175 432 ese.
1191 367 1217 431 1.

179 509 291 564 cotum
301 501 521 586 essesuetum,
536 503 669 584 fflrtrrm,
683 504 738 570 oei
747 507 957 592 omeeupitrrn
970 516 1084 573 omrtra
1094 508 1203 590 ugera
1214 516 1382 581 notoriam
1397 507 1470 576 Dei:
1553 491 1554 518 i

65 657 72 667 .
178 605 232 668 cui
247 623 429 670 consonans
445 609 635 674 Ambrosius
650 612 685 674 iu
699 611 779 676 libro
794 612 835 674 de
849 613 1004 691 l'aradiso
1018 631 1088 695 cap.
1104 616 1133 678 8.
1150 616 1205 678 ait:
1240 617 1335 701 Quid
1348 627 1396 682 est
1407 640 1473 702 pec·
1553 645 1554 668 t

178 721 298 795 cotenu,
314 716 382 780 nisi
392 720 638 800 praevaricatio
652 721 739 802 legis
751 721 895 800 'dininas
909 729 942 784 et
954 723 1140 786 coelestium
1154 724 1375 791 inobedientia
1385 747 1475 810 proe-
1553 757 1554 774 ¹

177 827 365 909 oqrtornrni
409 825 537 888 Clarius
553 826 663 892 adhuc
674 829 775 910 juvat
789 829 966 913 Augustini
989 842 1131 898 mentem
1157 829 1322 912 attingere,
1348 834 1473 898 curule·

175 951 256 1016 geor
270 943 439 1000 aeternam
450 935 511 999 Dei
527 936 716 1014 norniuarit,
733 916 777 998 ex'
789 933 962 1017 quostiam
978 937 1175 1020 intelligatur
1188 939 1388 1020 Ambrosius,
1403 960 1473 1006 cum
1553 927 1554 932 ἵ

178 1041 286 1126 tegern
300 1044 453 1107 divinam
466 1042 556 1121 dixit,
571 1053 605 1106 et
617 1045 765 1108 molestia
777 1055 965 1130 praecepto.
1009 1047 1059 1110 Eo
1075 1048 1108 1112 in
1126 1047 1195 1110 loco
1218 1049 1423 1130 Augustinus
1437 1049 1474 1112 la·

177 1149 227 1230 gis
242 1163 390 1212 aemonae
406 1151 536 1214 nomine
550 1151 656 1214 fassus
672 1161 727 1230 est,
744 1152 940 1218 intellexisse
956 1175 990 1218 so
1005 1159 1167 1222 rationem
1181 1159 1342 1240 divinum,
1365 1162 1416 1226 oei
1428 1183 1474 1226 oo·
1553 1147 1554 1232 i

176 1257 341 1323 irrntctern
358 1261 432 1338 Dei,
455 1259 606 1326 ordinem
619 1261 808 1326 ruminalem
833 1265 1204 1352 cornerqorijttientem,
1216 1261 1413 1351 perturbari
1430 1291 1474 1336 oe·

178 1377 312 1434 tontern.
356 1369 514 1450 Hineest,
537 1369 625 1457 quod
651 1367 885 1456 divitiaelegis
901 1375 1030 1465 nonime
1048 1391 1121 1451 ¹nou
1144 1393 1184 1438 ea
1211 1385 1338 1441 tantum
1361 1376 1473 1452 veniat,

174 1496 262 1558 qnae
277 1477 387 1540 divino
402 1477 532 1541 oraculo
546 1478 712 1560 perspicuo
728 1477 870 1540 revelata
885 1478 987 1558 suerit,
1003 1462 1108 1561 idest,
1125 1492 1182 1545 aut
1197 1484 1321 1565 scripto,
1344 1497 1404 1546 aut
1418 1495 1475 1546 tra·

177 1583 244 1644 dito
259 1584 355 1646 verbo
372 1584 441 1663 Dei,
469 1584 526 1648 sod
541 1586 638 1648 etiam
653 1605 752 1666 quam
779 1596 837 1648 ant
851 1587 1008 1650 naturalis
1034 1589 1148 1654 ratioa
1173 1591 1322 1654 Crantore
1339 1593 1409 1656 Deo
1424 1593 1474 1654 ho

176 1689 261 1762 nesti
275 1709 363 1770 sana,
378 1703 411 1754 ct
423 1689 588 1758 inhonesti
607 1691 783 1774 praeceptis
799 1693 1062 1776 imbutusuodet,
1078 1709 1140 1778 ortt,
1158 1695 1309 1775 lromiqaa
1323 1711 1475 1784 potmtpte
1553 1771 1554 1794 χ

178 1799 320 1884 legitima
336 1800 471 1881 praediti
486 1800 529 1862 ad
544 1800 692 1882 publicae
707 1821 763 1865 seu
780 1822 898 1882 sacrae,
915 1823 972 1867 seu
987 1805 1091 1870 civilis
1107 1809 1268 1872 societatis
1282 1811 1475 1876 emolumen-

177 1913 247 1968 tum
262 1917 452 1988 proponunt
480 1925 544 1970 non
559 1908 645 1970 enim
660 1919 708 1970 est
723 1920 872 1992 potestas,
889 1911 951 1974 nisi
967 1917 986 1976 tr
1003 1913 1080 1994 Deo,
1103 1927 1139 1978 ut
1154 1917 1199 1978 ait
1215 1919 1338 1983 Paulus
1358 1922 1392 1986 iu
1406 1941 1472 2004 cap.

176 2012 206 2076 3.
222 2013 375 2096 epistolae
389 2015 431 2076 ad
447 2016 619 2096 Romanos
636 2027 666 2080 et
681 2017 736 2100 qui
752 2019 901 2100 potestati
916 2021 1040 2100 resistit,
1068 2022 1129 2084 Dei
1144 2021 1338 2088 ordinationi
1354 2027 1474 2106 resistit,

78 2191 79 2194 Ἴ
176 2140 249 2186 can.
264 2123 314 2186 ta
332 2137 419 2220 couq.
434 2124 484 2187 23.
501 2125 676 2206 quaesti,
693 2145 766 2189 can.
780 2127 841 2206 st,
858 2137 888 2189 et
903 2128 954 2210 29.
970 2147 1057 2190 caris.
1073 2129 1124 2192 23.
1140 2139 1263 2210 quaest
1280 2132 1309 2194 5.

220 2231 391 2308 Generalis
416 2233 498 2296 hacc
513 2243 598 2313 suut,
627 2245 657 2321 et
672 2235 759 2298 omui
786 2231 976 2300 delictorum
1001 2238 1100 2303 etiam
1126 2238 1282 2304 leviorum
1304 2242 1414 2322 generi
1428 2259 1475 2304 ao

177 2339 390 2406 commodata
437 2341 555 2406 Verum
571 2341 776 2426 agnoscendo
791 2344 882 2408 initio
897 2355 946 2408 est
961 2345 1051 2406 varia
1066 2344 1253 2410 delictorum
1268 2347 1357 2427 ratio.
1402 2347 1474 2410 om-

177 2447 233 2512 nia
247 2449 378 2530 quidem
394 2449 510 2514 delicta
526 2462 635 2535 utpote
649 2450 805 2516 adversus
822 2453 930 2516 Deum
944 2452 1096 2532 admissa,
1120 2453 1228 2522 Deum
1243 2454 1397 2520 eumdem
1411 2456 1491 2518 rur.

177 2557 281 2642 dicem
296 2570 373 2630 suut
386 2561 546 2642 habitura,
561 2560 906 2654 ,quousqpe’le'gitimis
932 2561 1036 2637 modis
1051 2581 1119 2660 non
1132 2562 1473 2659 expienturtppmipde·

176 2683 241 2749 qun
255 2666 371 2758 delicto
383 2669 496 2736 omnia
511 2669 859 2758 subjacentEcclosiae
874 2668 1022 2734 clavibus
1037 2669 1071 2735 in
1085 2668 1163 2748 forn,
1178 2671 1326 2762 ”Udini
1338 2684 1475 2756 urteruo,

176 2779 245 2844 siro
258 2780 490 2866 poenitentiali,
513 2799 579 2864 quo
593 2801 667 2846 vere
681 2781 918 2864 poenitentibus
942 2781 1103 2870 absolutio
1118 2780 1220 2862 datur,
1236 2785 1474 2874 ethramlteo

176 2887 330 2980 indicitur
344 2887 675 2972 operumsatisiactio,
686 2948 690 2958 ‚
699 2890 826 2977 quoties
840 2887 984 2968 necdum
996 2887 1199 2976 satisfactum
1214 2888 1352 2980 siis-¹¹⁰⁰
1367 2901 1487 2972 tamen

175 2998 366 3080 generaliter
392 2997 432 3060 de
446 2999 769 3088 peccarisomuibas
785 2998 923 3080 sumitur
937 3001 971 3061 iu
997 2995 1064 3060 soro
1077 3007 1211 3071 externo
1226 2999 1356 3091 publiea
1375 2997 1474 3062 homi·

176 3126 255 3176 uum
274 3109 336 3178 Dei
360 3108 581 3174 monstrorum,
604 3108 792 3172 arroteritate
807 3091 959 3186 vindicta,
984 3103 1040 3168 sed
1057 3114 1185 3168 tautum
1210 3103 1250 3168 de
1276 3104 1474 3192 gravioribus

176 3220 353 3300 nonnullis,
368 3218 545 3305 etquidem
567 3217 697 3285 indietis
711 3217 807 3308 modo
820 3215 1044 3300 asperioribus,
1066 3211 1163 3296 modo
1176 3215 1351 3281 lenioribus
1366 3214 1475 3298 poenis

177 3347 233 3413 pro
247 3329 381 3394 admissi
396 3327 560 3412 qualitate.
598 3327 647 3390 lle
662 3325 833 3410 posteriore
847 3325 909 3391 hoc
924 3324 1113 3394 delictorum
1125 3342 1244 3406 genere
1262 3334 1389 3396 tautum
1402 3340 1475 3406 uge-

175 3454 218 3514 re,
235 3435 297 3498 mei
313 3445 362 3497 est
375 3434 522 3517 instituti;
538 3435 608 3498 sive
622 3433 663 3496 de
678 3433 805 3516 delictis
820 3433 893 3522 illis,
908 3452 993 3516 quae
1009 3433 1043 3496 iu
1058 3441 1190 3497 externo
1207 3430 1274 3497 soro
1289 3435 1473 3516 puniuntur,

174 3553 208 3606 et
222 3563 306 3626 quoe
319 3543 445 3627 proprie
466 3544 638 3626 criminum
653 3543 784 3609 nomine
799 3549 943 3612 roulant.
987 3541 1237 3608 Distiuctionem
1254 3541 1349 3604 istum
1370 3549 1474 3627 aperte

176 3650 307 3716 tradidit
322 3652 464 3716 Isidorus
479 3651 683 3736 Hispalensis
694 3651 739 3717 ita
754 3651 896 3726 scribens
911 3649 1035 3732 inlibro
1049 3651 1079 3714 2
1095 3649 1328 3734 sententiarum
1339 3668 1406 3732 cap.
1423 3647 1471 3710 18.

178 3758 285 3824 Multi
298 3762 402 3840 vitam
417 3761 488 3824 sine
500 3761 640 3824 otniae
656 3759 772 3824 habere
783 3766 934 3842 possunt,
950 3759 1022 3823 sine
1032 3765 1165 3842 peceato
1185 3778 1250 3822 non
1263 3765 1409 3848 possunt.
1421 3801 1428 3816 .
1440 3799 1448 3816 .
1462 3799 1471 3816 .

176 3866 304 3938 tunna
327 3871 480 3954 Apostdo
495 3877 680 3948 attestante,
694 3869 752 3954 qni
767 3870 829 3932 cit:
857 3865 1100 3950 Sidirerirrtus
1114 3867 1194 3952 qnia
1213 3873 1386 3950 peccatum
1408 3882 1471 3928 non

176 3983 342 4062 odenato,
360 3983 438 4067 ipsi
451 4001 511 4046 nos
532 3981 729 4060 seducimus,
755 3988 785 4046 et
800 3979 923 4066 veritos
938 3979 974 4045 in
997 3977 1091 4042 iretis
1111 3998 1177 4040 non
1191 3985 1252 4057 est,·
1277 3987 1310 4040 et
1323 3972 1473 4060 Synodus

177 4091 420 4159 Romanarum
438 4090 528 4154 1074.
543 4109 616 4154 carr.
633 4090 691 4168 15,
717 4085 798 4152 dum
812 4107 854 4168 or
869 4086 1054 4169 apostoliea
1069 4085 1213 4150 doctrina
1230 4085 1334 4150 voluit
1348 4085 1390 4156 ad
1405 4081 1471 4146 Cle·

177 4223 250 4270 rum
265 4202 481 4270 admittendos
506 4221 585 4284 esse,
611 4200 752 4282 quisine
775 4199 907 4265 crimino
933 4209 1047 4283 essem,
1074 4197 1228 4263 licetuon
1251 4198 1322 4279 sine
1337 4203 1471 4282 perenn,

174 4317 470 4401 quoniamcrimen
493 4324 543 4380 est
553 4323 726 4402 penetrem
737 4333 857 4396 grane,
878 4311 1095 4398 ooousotione,
1118 4317 1152 4374 ot
1169 4309 1380 4382 dornomiam
1402 4305 1473 4386 dig·
1553 4389 1554 4394 ἵ

177 4427 371 4500 mmunnmr
386 4423 472 4508 quod
486 4432 518 4506 qt
532 4422 697 4512 perspicue
712 4421 822 4494 docuit
835 4417 1041 4507 Augustinus
1056 4416 1089 4484 iu
1103 4433 1177 4484 cau.
1195 4415 1223 4479 1.
1242 4413 1314 4478 dist.
1330 4413 1379 4484 81.
1412 4409 1472 4476 Itu·
1553 4491 1554 4502 ἵ
