3168 4982
146 397 192 442 aa
215 391 409 454 conruens,
433 391 567 444 aursus
590 391 727 437 oasrar
752 387 1001 436 uacassrrooo
1022 383 1292 435 coenarronmr.
1347 363 1408 428 199

106 518 202 598 novit,
227 535 431 600 quamquam
457 533 530 580 reus
543 513 688 579 criminis
713 511 861 595 conjugio
883 519 996 594 sponte
1021 510 1069 574 uti
1084 527 1149 574 nou
1165 507 1266 590 possit
1289 506 1324 570 in
1338 524 1410 587 poe

106 649 180 694 nam
195 629 341 710 admissi,
364 629 443 694 data
456 627 662 708 caeteroquin
689 624 851 688 innocenti
879 622 1011 706 conjugi
1034 620 1189 686 facultate
1204 618 1411 684 matrimonio

106 734 224 812 utendi,
250 751 321 818 cap.
338 735 412 800 1.2.
437 733 568 816 penult,
595 742 629 796 ct
651 731 707 798 ult.
730 730 800 794 eod.
828 731 872 794 tit.
918 731 1066 814 idipsum
1089 739 1256 812 praeterea
1281 726 1412 809 publica

102 841 287 920 postulabat
312 841 442 920 utilitas,
455 842 551 924 juxta
575 857 674 920 quem
689 837 819 902 facilius
844 847 932 900 certa
946 837 1154 901 matrimonia
1180 833 1409 916 impediuntur,

102 969 143 1014 ae
163 953 407 1032 contrahantur,
423 971 523 1033 quam
549 949 767 1014 dissolvantur
794 949 851 1014 rite
877 959 1051 1028 conuscta,
1076 949 1262 1032 praesertim
1286 945 1412 1028 quoties
1530 1024 1533 1032 .

100 1056 183 1120 elias
205 1058 340 1122 daretur
362 1058 490 1122 occasio
515 1058 715 1141 conjugibus,
742 1055 943 1120 dissolvendi
967 1075 1023 1139 pro
1045 1056 1146 1120 lubito
1170 1056 1413 1120 sanctissimum

101 1153 299 1230 matrimonii
314 1167 485 1230 mucidum
500 1185 556 1249 per
570 1177 679 1250 turpes
694 1165 947 1250 conjunctiones,
963 1166 1052 1248 quod
1065 1185 1108 1230 ne
1122 1165 1196 1228 aliis
1210 1165 1343 1247 quidem
1358 1165 1415 1228 ho·

101 1278 200 1342 uestis
214 1278 326 1342 tausis
340 1277 517 1342 dissolvere
534 1295 681 1358 unquam
696 1289 841 1361 possunt.

139 1387 361 1470 Quamquam
375 1387 533 1452 naturalis
554 1386 632 1450 ordo
657 1386 726 1450 sola
747 1387 921 1452 hominum
946 1385 1123 1466 voluntate,
1147 1405 1186 1450 ao
1200 1387 1413 1450 consensione

98 1496 265 1562 immutari
281 1515 348 1564 non
369 1497 480 1580 possit,
494 1516 559 1570 non
582 1513 652 1558 raro
667 1505 777 1560 tamen
799 1496 916 1574 cronia
932 1506 969 1560 ut
990 1483 1061 1560 sola
1074 1495 1247 1560 bominum
1263 1495 1411 1560 volunta·

99 1617 136 1688 te,
151 1626 192 1672 ac
206 1607 421 1672 consensione
435 1604 535 1670 iidem
548 1603 614 1668 fere
629 1605 689 1687 ipsi
711 1602 845 1668 effectus
860 1613 1047 1686 sequantm,
1070 1621 1153 1684 quos
1174 1601 1293 1664 insuia
1314 1600 1417 1682 operi-

93 1712 158 1778 bus
173 1724 294 1778 natura
315 1712 386 1795 ipsa
399 1713 575 1779 constituit.
619 1711 780 1776 Naturam
805 1712 972 1776 imitamur
994 1710 1143 1776 nominos
1166 1721 1199 1776 st
1219 1720 1296 1789 arte,
1311 1720 1344 1774 et
1366 1711 1414 1774 in-

96 1821 232 1904 dustria,
247 1823 371 1888 fictioni
394 1824 492 1887 etism
520 1823 555 1886 in
581 1823 700 1888 similia
721 1822 886 1905 quaedam
911 1833 1081 1888 conantur.
1124 1823 1239 1903 Itaque
1264 1839 1342 1884 cum
1358 1841 1415 1886 na·

7 1951 9 2028 ᾗ
95 1943 169 1998 tura
182 1933 312 1998 obicem
330 1933 477 2016 posuerit
490 1931 660 2015 conjugiis,
681 1951 759 1996 eum
773 1931 1052 2016 consanguinitas,
1076 1931 1130 1996 vel
1145 1931 1300 1996 adfinitas
1321 1930 1417 1996 inter-

7 2029 9 2100 r
94 2044 234 2124 cederet,
256 2043 422 2108 naturales
437 2043 515 2106 istos
536 2061 643 2106 nexus
666 2041 793 2107 imitata
823 2040 960 2104 societas
974 2040 1148 2104 bominum
1170 2041 1295 2104 obicem
1310 2040 1417 2122 posuit

91 2153 255 2237 conjugiis
270 2151 485 2216 oslabmudiis
506 2152 651 2216 incertis
673 2149 952 2216 necessitudinum
974 2151 1152 2233 speciebus,
1175 2151 1209 2216 in
1225 2151 1345 2234 quibus
1358 2151 1416 2216 ali-

88 2263 151 2345 qui
166 2263 252 2328 inter
273 2281 310 2326 se
323 2280 389 2326 non
410 2259 545 2344 quidem
567 2277 641 2326 rere
662 2260 791 2326 adfines
804 2272 922 2342 emerit,
945 2261 998 2324 vel
1023 2264 1268 2346 consanguinei,
1285 2264 1342 2328 sed
1358 2263 1414 2330 lic·

93 2370 182 2434 dane
209 2369 358 2452 quadem
389 2378 446 2432 aut
474 2367 611 2450 adfines,
648 2378 707 2432 aut
733 2368 971 2450 consanguinei
1000 2367 1196 2450 videreutun
1229 2369 1413 2453 cujusmodi

88 2488 173 2560 sunt
194 2487 254 2542 aut
275 2475 490 2555 necessitudo,
512 2493 599 2558 quae
612 2475 793 2558 appellatur
809 2475 937 2558 justitia
957 2475 1109 2558 publicae
1137 2477 1324 2556 honestatis,
1355 2488 1413 2544 aut

87 2583 247 2667 ,cognatio
262 2581 378 2662 civilis,
405 2592 463 2646 aut
483 2581 625 2664 denique
645 2583 804 2664 cognatio
826 2583 1010 2666 spiritualis.
1054 2583 1108 2648 ad
1122 2584 1311 2668 exemplum
1333 2585 1413 2650 adti-

7 2703 9 2768 ξ
93 2693 205 2758 nitatis
227 2692 340 2775 agnita
368 2700 418 2756 est
438 2690 631 2756 nessituduc
646 2691 709 2771 illa,
733 2711 818 2774 quae
847 2693 947 2770 oritur
969 2711 1012 2756 ex
1027 2691 1234 2756 matrimonio
1256 2701 1325 2754 rato
1339 2711 1414 2758 uec-

89 2801 175 2868 dum
189 2811 429 2880 consummato,
444 2811 477 2864 et
490 2801 590 2864 simili
605 2801 838 2884 propemodum
854 2803 976 2864 ratione
991 2821 1033 2866 ex
1048 2801 1263 2883 sponsalibus.
1301 2802 1413 2874 Quae-

7 2893 8 2972 ῗ
91 2929 172 2978 tram
194 2912 262 2976 sint
289 2909 501 2990 observando,
526 2911 581 2978 ubi
610 2929 653 2974 ex
674 2909 882 2990 sponsalibus
904 2909 1057 2988 nascitur,
1082 2911 1155 2993 jam
1175 2929 1236 2974 suo
1265 2911 1336 2974 loco
1357 2931 1411 2978 su-

7 3013 8 3020 '
92 3023 202 3105 perissa
218 3018 549 3086 animadvertendum
570 3017 640 3084 suit
685 3019 751 3082 Ubi
772 2997 847 3094 vero
874 3029 1027 3097 nascatur
1051 3037 1093 3082 ex
1116 3018 1321 3084 matrimonio
1344 3029 1412 3084 rato

92 3131 494 3206 necdumcaneummato,
518 3125 619 3190 fateor
648 3127 789 3208 quidem,
812 3126 903 3210 apud
919 3135 1041 3188 veteres
1062 3143 1129 3190 nott
1157 3124 1280 3188 editam
1309 3124 1408 3190 fuisse

87 3255 281 3321 expressam
309 3235 424 3316 legem,
448 3255 515 3316 qua
538 3235 665 3319 justitio
686 3234 903 3302 intercedente
931 3233 1080 3318 publicae
1102 3234 1282 3314 honestatis
1296 3239 1408 3320 conju·

90 3349 146 3428 gia
176 3346 420 3411 damnarentur.
464 3344 503 3408 Id
524 3344 633 3408 evenit
662 3363 704 3409 oa
726 3363 772 3423 eo,
802 3343 890 3425 quod
911 3343 970 3406 vix
999 3343 1207 3426 emergebant
1227 3363 1334 3424 casus,
1349 3343 1406 3428 qui

83 3451 252 3535 singulari
268 3451 331 3532 legi
353 3451 538 3517 cessionem
553 3453 724 3534 praeberet,
747 3451 999 3534 infrequensqus
1014 3451 1194 3521 admodum
1216 3473 1314 3516 casus
1339 3467 1408 3520 erat

7 3553 9 3660 ζ
84 3563 153 3644 ‚rati
167 3559 367 3638 matrimonii
391 3545 520 3624 neodun
535 3563 727 3640 consummi,
750 3562 790 3624 iis
809 3563 978 3644 presertim
1001 3563 1207 3646 temporibus,
1231 3565 1407 3646 quibusin

7 3671 8 3680 ’
94 3672 300 3734 matrimonio
327 3683 395 3732 rato
416 3668 639 3733 contrahendo
666 3680 711 3732 tot
732 3689 798 3733 non
824 3670 1062 3734 adhibebantur
1085 3671 1314 3756 solemnitates,
1330 3686 1408 3756 quot

7 3791 8 3800 ’
93 3781 127 3846 in
141 3779 327 3863 praesentia
340 3779 443 3847 duat.
489 3781 610 3844 Verum
626 3779 735 3843 statim
761 3799 799 3842 ac
813 3779 941 3861 legibus
966 3799 1121 3862 expresse,
1143 3794 1279 3846 cautum
1294 3783 1406 3862 fuerat,

7 3959 8 3974 ,
84 3889 410 3970 ,utcensaaguineus
435 3889 545 3970 sponsi
572 3887 690 3954 ducere
706 3907 770 3952 non
794 3899 902 3972 posset
927 3907 1089 3970 sponsam,
1116 3888 1169 3955 vel
1195 3909 1334 3972 sponsus
1350 3891 1407 3952 du·

85 4017 164 4062 cere
176 4009 252 4064 nou'
274 4009 381 4078 posset
400 3997 683 4080 consanguineam
711 4016 850 4081 sponsae
875 3996 975 4060 etiam
1000 3994 1166 4063 dissolutis
1192 3996 1408 4078 sponsalibus,

94 4102 179 4168 [12.
198 4108 221 4172 l.
240 4107 327 4184 l.,‚et
338 4105 379 4184 2„
389 4105 415 4184 11.
429 4105 478 4168 14.
495 4107 530 4168 in
545 4105 610 4170 fine
636 4107 668 4172 ff.
685 4105 724 4170 dc
741 4107 803 4170 ritn
818 4105 968 4188 nuptias,
993 4104 1073 4169 satis
1087 4103 1120 4183 id
1136 4115 1212 4186 erat,
1228 4113 1264 4166 ut
1278 4105 1406 4168 conclu-

94 4211 197 4292 detur,
223 4213 320 4298 longe
336 4215 454 4296 potiore
480 4215 761 4298 ratiorre‘rdipsum
786 4215 963 4280 dicendum
989 4213 1064 4294 fore,
1093 4215 1153 4292 ubi,¹
1162 4201 1407 4290 matrimonium

95 4333 201 4390 tatum
217 4322 458 4409 intercessisses
485 4334 518 4398 et
532 4341 643 4400 revera
658 4325 702 4388 ite
716 4325 878 4408 rescripsit
896 4326 998 4408 ·Zeuo
1012 4325 1190 4406 Imperator
1204 4325 1236 4386 in
1254 4325 1273 4388 l.
1290 4325 1318 4389 8.
1335 4327 1405 4392 cod.

91 4427 133 4496 de
148 4431 280 4498 incestis
307 4433 509 4516 reputanti
534 4434 568 4498 in
585 4434 691 4518 spacia
715 4453 812 4532 ossus
837 4435 968 4500 emersit
992 4433 1159 4518 eJusmodi,
1179 4443 1213 4498 et
1226 4437 1407 4518 propositus
