3120 4980
210 447 256 516 30
459 471 549 518 ruas
566 473 692 534 rarus,
710 471 953 519 ursas-arturo
969 473 1095 535 eurus,
1111 475 1189 522 ear.
1204 453 1263 521 111.

210 605 276 658 nat.
293 595 348 660 int.
364 593 431 678 vir,
447 605 479 661 et
494 615 594 677 uxor,
611 595 697 661 unde
714 595 845 661 tandem
860 595 900 661 ad
918 595 1150 664 stabiliendam·
1169 597 1351 684 generalem
1368 601 1491 684 regulam

208 699 386 766 deventum
401 713 458 785 est,
484 721 552 787 qua
566 704 827 770 retrotraheretnr
852 706 1043 788 ratihabitio,
1068 720 1100 771 et
1114 707 1277 774 mandate
1291 711 1493 794 aequiparare·

208 819 268 890 tur,
284 810 305 873 l.
321 811 348 876 7.
365 811 435 876 eod.
463 811 627 877 deS‘enat.
654 813 750 878 (lons.
767 813 936 879 Macedoni
979 816 1073 881 Sacri
1085 837 1226 882 canones
1241 818 1323 884 haee
1345 820 1408 904 ipsa
1422 821 1490 904 prin·

189 915 292 1010 -ci'pia
307 930 494 1003 receperunt
519 920 552 984 in
568 921 679 1004 poenis
704 922 834 988 illorum
849 923 1055 1004 delictorum.
1074 925 1248 1010 inquibus
1266 937 1371 994 ratum
1387 929 1493 994 habens

206 1023 331 1109 aliquid
346 1025 602 1091 emolumentum
617 1029 755 1109 sentiret,
780 1030 882 1094 veluti
897 1049 935 1094 ιιι
947 1032 1224 1116 ερειὶοηιιιίμιίιι
1246 1035 1384 1116 pecunia
1398 1035 1435 1098 ab
1447 1053 1493 1100 er·

206 1149 317 1203 traneo
333 1119 453 1202 donata
476 1139 671 1204 beneficium
687 1151 944 1223 consequeretur,
970 1139 1088 1205 deiude
1103 1153 1208 1208 ratam
1225 1125 1396 1210 almaniam
1409 1144 1490 1216 lrabe-

189 1255 261 1332 ret,
277 1252 369 1336 cujus
377 1249 534 1314 'conscius
558 1259 659 1314 antea⁴
670 1267 734 1314 nen
749 1249 875 1329 suisset,
900 1269 971 1333 cept
986 1249 1038 1314 ὅθι
1054 1250 1095 1313 de
1110 1251 1208 1331 elect,
1230 1249 1315 1316 adde
1329 1252 1489 1336 capitulum

206 1359 256 1426 23.
273 1359 313 1423 de
329 1369 408 1423 rent
433 1377 598 1424 excomm.
611 1360 645 1423 in
669 1360 699 1424 6.
716 1359 771 1422 ttbi
786 1359 842 1441 qni
858 1371 964 1422 ratum
980 1358 1103 1440 habuit,
1118 1361 1205 1443 qnod
1220 1379 1281 1426 sue
1296 1361 1422 1428 nemine
1435 1379 1491 1442 ges·

204 1461 471 1548 temerantiam
487 1477 535 1532 est
549 1451 774 1549 deelaravisse,
790 1460 874 1550 quid
881 1463 946 1531 'stra
960 1455 1138 1546 interesset.
1180 1468 1331 1552 Denique
1346 1471 1373 1534 si
1388 1469 1426 1536 tle
1439 1469 1492 1532 tttn

184 1575 330 1664 agatur,
355 1577 501 1662 quicum
517 1578 639 1642 crimen
665 1573 1082 1662 impedirelacilepossent,
1108 1577 1242 1644 minime
1261 1579 1491 1662 impediverunt,

203 1688 277 1770 seio,
293 1687 414 1772 passim
440 1687 621 1771 generalem
638 1683 782 1770 regulam
799 1685 935 1769 proterii,
961 1705 1027 1768 qna
1043 1685 1186 1766 traditur,
1202 1703 1287 1766 enm,
1303 1690 1360 1769 qui
1377 1685 1490 1770 impedi·

203 1818 235 1864 rc
250 1799 392 1884 negligit,
417 1817 492 1862 eum
509 1799 617 1882 possit,
643 1797 777 1860 crimine
794 1796 900 1874 teneri,
917 1795 1011 1878 quasi
1026 1795 1055 1858 is
1068 1796 1247 1862 consentire
1259 1797 1487 1878 videatur,cau.

200 1909 231 1973 8.
247 1929 335 1972 cans.
351 1907 402 1972 23.
425 1919 549 1992 quaest.
565 1905 603 1986 3,
629 1923 699 1989 cap.
715 1905 744 1968 2.
761 1903 801 1968 de
827 1905 1004 1986 haereticis,
1027 1925 1098 1988 cap.
1113 1905 1164 1970 tr.
1180 1905 1222 1968 de
1246 1917 1487 1972 sentententia.

201 2017 328 2082 Verum·
336 2017 419 2080 haec
445 2015 556 2100 regula
571 2033 635 2078 non
652 2013 733 2077 adeo
748 2013 907 2096 &narniis
921 2023 979 2094 est,
996 2025 1032 2076 ut
1046 2011 1089 2078 ad
1103 2027 1214 2077 certes·
1229 2029 1327 2078 enarra
1355 2011 1484 2094 restringi

200 2141 265 2189 non
282 2125 405 2210 debeat
448 2123 613 2189 Obtinebit
628 2121 683 2186 illa
707 2121 939 2203 tautummodo,
966 2125 1092 2206 quoties
1107 2133 1223 2205 agatur
1246 2121 1288 2186 da
1302 2123 1377 2203 illis,
1398 2143 1447 2206 qm
1460 2122 1485 2186 iu

178 2235 441 2324 'delinquentem
466 2225 586 2302 certam
613 2245 800 2322 potestatem
823 2245 982 2315 exercent,
1008 2238 1066 2300 aut
1091 2233 1327 2298 necessitudine
1357 2233 1487 2318 quadan

197 2373 274 2419 eum
299 2351 507 2436 delinquente
518 2351 709 2436 junguntur,
735 2359 767 2412 et
782 2349 904 2412 ratione
928 2347 1093 2431 potestatis
1119 2347 1275 2430 imperare
1300 2343 1486 2430 delinquenti
1552 2377 1553 2414 ι

196 2471 412 2550 pessumam
438 2462 559 2525 ratione
574 2457 821 2523 necessitudinis
847 2457 982 2522 sundere
1008 2457 1224 2535 uehementer,
1247 2457 1414 2536 etneriter,
1429 2457 1487 2518 nti

196 2573 314 2640 delicte
339 2571 505 2653 abstineat,
531 2590 601 2634 ean.
619 2571 668 2634 122
694 2587 783 2633 enus.
806 2567 858 2632 23.
883 2566 1062 2650 (preaesse,
1088 2565 1292 2650 cap.17..de
1314 2562 1488 2662 homicidio,
1551 2647 1552 2660 ἶ

195 2705 266 2771 cap.
284 2686 332 2750 13.
349 2703 429 2748 vers.
446 2683 502 2747 ult.
515 2679 555 2745 de
569 2681 747 2754 haereticis,
763 2695 833 2762 cap.
849 2679 878 2740 d.
892 2695 972 2740 vers.
989 2687 1024 2739 et
1034 2677 1175 2762 putidam,
1190 2673 1231 2740 tle
1245 2685 1486 2740 sentexeemm.

196 2793 229 2860 in
245 2793 275 2858 6.
298 2793 468 2856 Caeterum
484 2791 608 2874 quoties
622 2788 724 2872 aliqui
741 2787 864 2852 nullum
881 2787 915 2850 in
940 2785 1190 2868 delinquentem
1199 2795 1351 2853 exercent
1367 2791 1487 2866 petuma·

195 2917 269 2985 tem,
285 2915 342 2968 aut
358 2903 413 2966 tali
430 2899 667 2968 necessitudine
682 2917 757 2965 cnm
772 2917 811 2962 ee
826 2915 890 2960 non
902 2895 1086 2980 junguntur
1111 2906 1148 2958 nt
1163 2892 1258 2958 facile
1273 2905 1402 2976 sperent
1415 2891 1487 2954 lutu-
1550 2915 1551 2920 ¹

196 3038 276 3098 rum,
292 3027 326 3106 ιιι
343 3023 361 3081 a
377 3013 493 3080 delicto
518 3013 723 3091 abstineatur,
742 3027 805 3074 non
833 3007 904 3073 iden
918 3007 978 3092 ipsi
993 3005 1136 3070 criminis
1153 3007 1195 3068 rei
1211 3015 1312 3082 erunt,
1328 3001 1414 3086 qtred
1430 3017 1484 3063 nou

195 3126 427 3212 impedirerint,
444 3136 517 3188 utut
542 3133 724 3206 praesentes
739 3117 877 3184 fuissent
903 3117 935 3180 in
952 3135 990 3176 eo
1005 3114 1083 3190 loco,
1099 3123 1197 3194 utque
1212 3131 1251 3178 ee
1266 3123 1415 3195 tempere,
1429 3123 1486 3190 quo

193 3240 313 3304 crimen
329 3233 564 3312 admittebatur,
580 3249 652 3294 cun.
669 3230 726 3294 ult.
743 3230 775 3294 iu
792 3227 857 3291 fine
872 3243 960 3290 caus.
975 3223 1026 3286 23.
1042 3219 1210 3306 quaest&

722 3597 873 3667 CAPUT
896 3593 951 3662 IV.

379 3804 562 3882 Demadis,
578 3799 695 3888 quibus
710 3795 852 3863 crintiua
866 3793 903 3856 in
909 3789 1082 3876 jrulieittm
1095 3785 1301 3868 deferuntur.

491 4029 567 4096 Huc
591 4021 775 4092 referendus
798 4029 847 4084 est
872 4013 986 4082 titulus
1009 4013 1038 4076 1.
1064 4009 1130 4076 libr.
1155 4010 1183 4073 5.

189 4221 317 4438 NON
331 4376 391 4442 ego
405 4351 537 4440 quidem
562 4369 604 4414 ex
620 4349 755 4427 lissum,
771 4341 826 4426 qui
842 4337 897 4403 toti
912 4335 1092 4402 consistunt
1114 4334 1147 4400 iu
1164 4293 1390 4416 investiganda
1405 4323 1480 4390 anti·
1544 4387 1545 4428 ἶ

186 4473 317 4558 quitata,
334 4487 382 4533 res
397 4485 472 4530 vero
487 4463 538 4528 sni
553 4457 704 4542 temporis
720 4455 864 4536 ignorare
880 4447 1027 4513 indecore
1041 4444 1252 4523 delectantem
1274 4449 1310 4503 ut
1324 4438 1412 4500 euim
1428 4451 1478 4496 ra

187 4582 212 4646 ti
226 4595 341 4644 sumus
353 4573 524 4660 praecipue
549 4563 788 4653 adjuvandum
802 4579 859 4645 pre
884 4557 968 4622 virili
982 4563 1072 4640 parte
1097 4572 1177 4634 eam,
1201 4552 1235 4615 iu
1251 4545 1476 4634 quesivimus,
