3216 4988
214 408 278 470 250
376 422 381 432 ·
462 429 693 491 eraserunt,
712 431 956 480 nrssnnnenro
971 437 1121 499 eurum,
1140 439 1215 484 cnr:
1233 422 1275 485 ΙΙ.

214 565 280 629 qua
290 566 349 611 nec
359 549 572 632 obreptitium,
589 571 649 615 nec
664 554 888 636 subreptitium
905 556 968 620 dici
984 569 1096 640 potest:
1112 533 1302 640 sialternm,
1319 563 1361 626 ed
1375 563 1494 632 officium

206 657 328 739 judicis
344 661 512 740 pertinebit
538 661 741 742 investigare,
758 681 796 724 ec
811 663 946 727 definire
970 683 1014 728 ex
1032 666 1170 732 formula
1193 673 1347 754 rescripti,
1373 693 1414 738 en
1433 675 1495 757 idip

212 783 286 828 sum
302 768 511 849 rescripturus
537 767 687 831 Pontifex
703 767 870 834 Maximus
885 770 1008 852 fuisset,
1035 793 1079 836 en
1101 777 1221 856 minus,
1250 779 1497 860 quotiescumque

211 873 251 936 de
267 875 309 937 rei
334 877 466 938 veritate
495 873 642 939 Pontifici
657 877 846 956 constitisse,
873 889 985 960 etque
1005 898 1085 944 casn
1111 881 1293 961 definiatur,
1323 883 1495 946 Pontificem

209 977 352 1059 idipsum
366 978 467 1042 fuisse
487 981 729 1076 rescripturum,
755 983 945 1066 rescriptum
961 986 1069 1067 ipsum
1094 991 1279 1052 executioni
1306 989 1496 1056 mandaresi

207 1093 416 1165 'postremum
432 1087 697 1169 investigandum
711 1089 779 1168 erit,
805 1085 847 1154 ari
863 1091 896 1154 in
912 1103 1003 1174 porte
1017 1095 1194 1176 principali,
1223 1115 1266 1158 en
1282 1097 1315 1158 in
1331 1117 1380 1176 ee,
1396 1107 1496 1180 quaet

210 1192 377 1288 principali
394 1191 520 1274 pendet,
547 1195 663 1257 vitium
685 1196 898 1280 subreptionis
913 1201 963 1280 sit,
987 1211 1044 1264 eut
1058 1201 1263 1283 obreptionis.
1308 1201 1495 1266 Nimirumsi

209 1301 325 1362 vitium
342 1311 468 1364 tontum
494 1301 616 1364 insitio
632 1314 731 1384 perte,
757 1307 976 1387 queependet
1000 1308 1216 1390 eprincipali,
1242 1309 1448 1392 principalem
1461 1313 1495 1392 ip

208 1413 279 1468 seni
295 1417 418 1488 partem
444 1407 578 1490 minime
593 1409 727 1490 vitiabit,
743 1431 946 1494 quemquem
972 1413 1259 1480 vitioretnr'eltere
1281 1434 1365 1499 pers,
1392 1427 1494 1502 quaes

162 1519 172 1610 ἰ
207 1515 376 1596 principali
391 1515 517 1597 pendet,
544 1517 571 1579 si
588 1518 704 1582 vitium
729 1521 848 1584 inesset
863 1521 897 1584 in
912 1522 1090 1604 principali,
1117 1515 1254 1604 cep.'20.
1281 1521 1325 1584 de
1341 1525 1492 1605 rescriptis.

208 1623 294 1688 Illud
311 1643 385 1688 vero
400 1627 510 1688 venire
525 1627 558 1688 in
573 1625 808 1690 dubitationem
824 1629 957 1693 minime
972 1640 1084 1711 potest,
1101 1647 1182 1694 num
1198 1631 1367 1711 delegatus
1383 1649 1435 1713 per
1447 1651 1496 1694 res

205 1736 352 1816 criptum,
379 1733 466 1815 quod
481 1735 695 1816 obreptitium,
723 1747 780 1797 ent
795 1736 1022 1817 subreptitium
1044 1755 1116 1799 esse
1137 1737 1332 1817 proponitur,
1359 1735 1497 1818 possitde

206 1840 284 1902 vitio
298 1841 441 1921 rescripti
454 1853 667 1928 ‚cognoscere
709 1843 926 1922 Quemquam
942 1843 1031 1907 enim
1045 1842 1214 1922 delegatus
1235 1843 1357 1905 interea
1371 1857 1495 1925 nequest

207 1948 415 2012 adulteriora
431 1947 592 2026 devenire,
620 1949 682 2012 nisi
698 1949 828 2030 liqueat,
845 1932 1033 2032 rescriptum
1047 1949 1136 2012 omni
1151 1947 1230 2010 vitio
1244 1965 1362 2025 carere,
1382 1950 1448 2030 jure
1460 1957 1495 2008 ts·

208 2075 284 2119 men
300 2057 414 2138 poterit
428 2056 469 2118 de
484 2057 626 2139 rescripti
642 2057 765 2120 viribus
776 2057 932 2141 judicare,
949 2057 1044 2139 quasi
1057 2058 1092 2120 in
1106 2057 1170 2120 hoc
1179 2054 1304 2139 judicio
1319 2072 1439 2137 puram,
1453 2055 1495 2118 ab

206 2165 412 2246 solutamque
437 2167 507 2228 sine
525 2165 593 2228 ulla
607 2165 791 2230 conditione
813 2167 1040 2231 erescribcute
1066 2163 1254 2232 facultatem
1279 2164 1442 2246 acceperis
1462 2179 1494 2224 ue

205 2277 287 2348 alies
302 2276 382 2340 forte
406 2279 449 2340 ob
462 2277 650 2362 hujusmodi
677 2278 890 2359 exceptiones,
916 2295 1002 2358 quae
1017 2287 1129 2338 contre
1154 2275 1336 2338 obtinentes
1360 2275 1495 2355 rescripte

205 2383 339 2465 allegari
355 2383 467 2463 solent,
490 2385 619 2448 Summi
635 2385 800 2448 Pontificis
816 2385 919 2466 gretie
935 2385 1025 2446 irrite
1043 2381 1176 2446 omnino
1191 2380 1357 2446 reddetur.
1401 2383 1494 2445 Ceste

204 2511 278 2558 rum
293 2495 326 2556 in
351 2495 511 2576 proposito
526 2494 694 2576 delegatus
719 2503 892 2576 cognoscet
912 2496 1009 2576 juxte
1033 2491 1190 2556 formulas
1212 2493 1294 2575 juris
1320 2491 1494 2567 communis,

203 2586 345 2696 insuper*
359 2607 471 2672 habite
496 2606 654 2689 singulari
683 2603 876 2687 procedendi
904 2603 1052 2683 formula,
1080 2604 1107 2666 si
1137 2621 1222 2683 quae
1252 2601 1331 2665 sorte
1361 2600 1495 2681 rescripto

203 2718 470 2802 praestituetetur,
492 2719 589 2800 juxto
603 2731 705 2798 quem
719 2713 848 2778 deberet
862 2711 986 2780 institui
1001 2731 1111 2791 cause,
1134 2719 1166 2774 et
1181 2711 1316 2790 absolvi,
1340 2710 1423 2776 dicto
1435 2726 1494 2788 cap.

205 2829 256 2893 20.
272 2827 313 2892 de
327 2827 497 2910 rescriptis.

742 3049 893 3114 OAPUT
916 3049 976 3112 111.

261 3257 315 3337 De
326 3255 443 3330 modis,
455 3252 575 3336 quibus
586 3246 765 3332 aliquando
776 3247 815 3308 in
826 3203 964 3308 occultos
970 3244 1079 3326 sures,
1096 3242 1146 3304 cel
1156 3239 1320 3304 damnent
1331 3240 1452 3324 injurio

586 3359 704 3424 dantes
719 3357 873 3422 Ecclesia
886 3353 1134 3418 animadvertit.

181 3564 186 3574 ¹
236 3543 238 3547 Ι
291 3593 368 3668 Huc
382 3588 538 3656 referendi
553 3597 630 3664 utut
645 3585 728 3651 tituli
744 3583 802 3662 18,
818 3593 850 3646 et
864 3581 915 3646 36.
932 3581 1003 3645 libr.
1016 3581 1056 3659 5,
1071 3587 1103 3641 et
1118 3575 1230 3640 titulus
1245 3577 1296 3641 21.
1313 3577 1381 3642 libr.
1394 3577 1423 3640 2

212 3825 300 4040 ⁰ss
322 3979 421 4045 greve
446 3957 606 4049 damnum
631 3953 746 4038 injuria
769 3951 906 4030 illatum,
927 3951 968 4013 ob
983 3968 1032 4011 res
1049 3947 1132 4010 furto
1158 3947 1333 4028 subreptas,
1348 3947 1389 4008 ob
1402 3941 1497 4007 debite

206 4097 273 4144 non
289 4076 404 4156 soluta,
426 4074 454 4136 si
469 4071 556 4134 dere
572 4067 664 4152 gravi
678 4076 801 4148 egetur,
817 4075 848 4144 et
864 4061 991 4146 publice
1006 4060 1159 4122 interesse
1170 4057 1324 4120 ,videatur
1339 4057 1380 4120 sd
1395 4067 1497 4117 tenen·

208 4190 266 4254 dos
281 4171 476 4252 facinerosos
500 4177 658 4254 homines,
683 4191 777 4258 posse
792 4171 890 4234 etiant
905 4165 1182 4232 excommunicari
1209 4181 1415 4244 quemqnam,
1428 4171 1500 4246 quq

208 4313 312 4378 usque
327 4310 395 4354 rem
421 4287 564 4352 ablatam
579 4281 734 4358 restituat,
763 4277 812 4340 vel
829 4263 951 4338 canina
978 4273 1137 4348 resarciat,
1162 4287 1266 4363 quum
1292 4267 1455 4338 restituere,
1470 4267 1499 4318 et

209 4401 361 4464 resarcire
375 4393 492 4470 valeat,
519 4407 615 4454 nemo
631 4385 777 4449 dubitare
802 4393 906 4468 potest
922 4383 955 4444 in
981 4388 1155 4462 conspectu
1170 4375 1303 4458 capituli
1329 4375 1358 4460 3„
1374 4374 1411 4436 de
1423 4367 1499 4432 solu-

211 4515 297 4591 tion,
322 4505 457 4591 capituli
480 4505 511 4570 2.
535 4499 691 4580 desertis,
719 4517 791 4580 cap.
807 4497 836 4560 7.
864 4493 904 4557 de
915 4493 1055 4576 jurejur,
1080 4501 1110 4552 et
1139 4505 1209 4570 cap.
1235 4487 1286 4549 et.
1303 4486 1343 4551 de
1365 4492 1434 4548 sent.
1451 4493 1513 4538 en·
