3210 4990
128 377 390 437 namnidans,
414 379 544 426 coraus
566 375 702 424 ons'ra'r
726 375 973 424 uaeassruuno
994 374 1262 424 ooour‘rrourru.
1321 353 1383 420 mr

88 511 206 577 quaest
222 499 260 576 2,
277 498 380 562 donec
396 501 429 564 in
445 499 590 564 Concilio
605 500 814 563 Lateranensi
839 499 929 563 initio
945 499 1072 563 deeimii
1087 497 1171 561 tertii
1186 497 1307 561 saeculi
1322 495 1385 560 sub

87 605 270 672 Innocentio
284 610 342 673 Ill.
358 609 516 674 celebrato
532 611 659 692 placuit,
677 621 714 672 ut
730 611 811 673 intra
827 625 980 690 quartum
995 609 1142 690 gradum,
1156 603 1384 687 consanguini-

86 713 156 774 tatis
164 717 240 797 jura
254 716 296 778 ad
313 717 637 782 finem'contrahendi
651 719 791 800 conjugii
817 702 1045 794 coercerentur,
1060 737 1130 800 cap.
1149 718 1178 780 8,
1195 716 1235 778 de
1250 731 1385 778 consan-

85 823 180 902 guin‚
196 835 230 886 et
243 826 353 905 adfin,
369 828 469 890 immo
484 829 581 889 etiam
593 837 757 908 receptum
784 825 854 906 suit,
870 837 906 890 ut
921 825 948 888 si
964 845 1051 888 unus
1066 845 1107 886 ex
1122 819 1386 886 contrahentibus

83 940 195 1018 quarto
210 941 338 996 tantum
365 933 467 1015 gradu
483 934 621 1014 distaret,
648 935 726 998 alter
756 953 832 996 vero
847 935 968 1016 quinto,
993 933 1046 996 vel
1063 933 1218 1010 ulteriore,
1233 941 1303 993 tum
1319 949 1387 992 ma·
1403 1009 1406 1020 .

83 1039 267 1104 trimonium
283 1043 340 1104 rite
355 1043 573 1122 celebraretur,
590 1063 659 1125 cap.
675 1044 732 1108 ult.
748 1043 817 1106 eod.
845 1043 900 1120 tit3
917 1050 1124 1104 cessaverant
1137 1040 1225 1102 enim
1241 1035 1386 1118 tempori·

83 1147 140 1210 bus
155 1149 337 1213 Innocentii
354 1152 411 1214 lll.
428 1159 547 1216 causae
562 1153 635 1214 illae
661 1153 881 1232 gravissimae,
897 1170 983 1232 quae
998 1149 1152 1214 Carolum
1169 1149 1330 1229 magnum
1344 1144 1388 1209 ad

82 1257 288 1320 extendenda
302 1249 522 1343 conjugiorum
549 1259 787 1342 impedimenta,
804 1269 836 1322 et
855 1261 929 1342 ju'ra
952 1255 1252 1339 consanguinitatis,
1268 1252 1387 1314 excita·

82 1378 202 1448 verant3
220 1367 320 1432 immo
334 1389 411 1432 cum
437 1362 667 1434 decimotertio
692 1369 822 1432 saeculo
838 1371 871 1432 in
898 1368 1074 1432 Occidente
1091 1382 1308 1448 unaquaeque
1323 1360 1388 1424 fere

83 1469 253 1535 Provincia
277 1475 495 1558 singularibus
519 1477 723 1560 Principibus
749 1479 934 1562 subjaceret,
964 1487 996 1538 et
1021 1466 1159 1558 legibus,
1177 1471 1389 1555 erepublica

81 1581 187 1643 risum
203 1595 261 1662 est,
278 1585 444 1648 comodins
459 1587 493 1648 in
507 1587 673 1669 provincia
688 1607 748 1651 sua
771 1589 947 1669 unicuique
962 1586 1208 1650 concedendum
1224 1605 1294 1648 esse
1309 1603 1389 1648 uxo-

81 1708 146 1751 rem
161 1691 290 1768 ducere,
306 1694 393 1756 stab
408 1685 627 1777 allegenarnm
642 1697 808 1774 consortio,
832 1715 871 1758 ac
887 1693 1031 1756 moribus
1047 1691 1214 1754 abstinere.
1258 1690 1388 1754 Latera-

79 1799 172 1861 nensi
187 1799 379 1884 disciplinae
393 1803 473 1866 nihil
489 1803 550 1868 suit
565 1804 598 1866 in
615 1803 760 1868 Concilio
775 1803 970 1867 Tridentino
985 1802 1174 1879 detractum,
1190 1799 1284 1880 eique
1299 1817 1388 1880 prop-

79 1915 163 1968 terea
178 1905 279 1969 etiam
293 1908 389 1971 hodie
410 1910 677 1992 obtemperamus.
721 1911 777 1973 Ex
791 1911 843 1974 his
869 1909 1020 1972 omuibus
1036 1907 1215 1985 deducitur,
1237 1906 1270 1967 in
1286 1903 1388 1986 primo

76 2010 314 2074 collateralium
329 2014 431 2094 gradu
443 2017 515 2099 jure
530 2027 665 2079 naturae
679 2018 922 2080 matrimonium
943 2016 1124 2098 improbari3
1137 2015 1191 2097 jus
1207 2022 1317 2074 autem
1332 2028 1388 2072 rra-

78 2129 167 2179 turae
183 2119 374 2198 generaliter
389 2120 521 2202 quidem
546 2122 716 2203 postulare,
735 2127 967 2206 exoptandum,
995 2133 1032 2183 ut
1046 2119 1176 2184 facilius
1192 2119 1274 2184 inter
1289 2134 1388 2180 remo-

78 2224 171 2288 tiores
186 2208 381 2308 propagines
405 2229 568 2292 connubia
594 2230 834 2309 contrahantur,
855 2246 1002 2311 quosque
1031 2225 1185 2290 nimirum
1201 2225 1234 2286 id
1250 2223 1390 2304 patiatur

76 2335 270 2400 societatum
292 2337 374 2400 inter
389 2337 523 2420 populos
550 2337 743 2402 luendarum
769 2337 899 2420 publica
913 2337 1004 2416 ratim
1031 2323 1153 2400 interea
1176 2342 1285 2400 tamen
1302 2329 1388 2392 hanc

71 2442 153 2525 juris
166 2445 310 2525 speciem
334 2443 507 2508 obnorriam
522 2465 592 2508 esse
617 2445 715 2508 variis
730 2445 895 2508 humanae
920 2442 1081 2508 societatis
1111 2439 1246 2521 vicibrts5
1263 2459 1305 2508 cx
1320 2437 1389 2520 qui·

76 2553 135 2617 bus
150 2555 306 2647 interesse
321 2565 432 2636 potest,
456 2556 553 2620 modo
568 2555 726 2640 ejusmodi
751 2555 986 2637 impedimenta
1014 2553 1218 2631 contrahere,
1229 2550 1326 2614 modo
1341 2550 1388 2612 la·

11 2723 12 2756 3
76 2669 139 2731 tius
154 2669 337 2756 extendere,
353 2689 392 2732 eo
417 2691 543 2754 semper
556 2691 632 2754 prae
647 2671 749 2734 oeulis
778 2670 898 2749 habito,
913 2687 979 2750 quo
995 2665 1162 2730 difficilius
1177 2664 1389 2732 admittantur

11 2761 12 2766 ἵ
75 2778 228 2860 conjugia
242 2778 277 2840 in
293 2779 436 2842 secundo
450 2779 561 2861 gradu,
588 2799 688 2860 quam
703 2780 737 2841 in
752 2779 853 2856 tertio,
868 2789 900 2840 et
924 2777 1136 2842 ulterioribus.
1180 2773 1332 2854 Eamque
1346 2772 1388 2840 ob

75 2905 142 2947 rem
156 2881 410 2967 prudentissime
435 2887 617 2950 Concilium
643 2887 876 2972 Tridentinum
891 2887 923 2950 in
945 2907 1021 2950 sess.
1037 2887 1090 2950 24.
1106 2885 1146 2948 ds
1162 2883 1302 2958 Reform.
1318 2903 1386 2954 mar

11 3027 12 3070 ς
75 2997 200 3057 trimon.
218 3013 288 3077 cap.
305 2997 334 3058 ὅ.
350 2997 468 3074 statuit,
481 3006 517 3064 ut
542 2999 579 3060 in
592 2997 733 3061 secundo
745 2997 861 3079 gradu
886 3017 1059 3082 nunqnam
1085 2995 1303 3079 dispensetur,
1318 2995 1388 3060 niet

11 3083 12 3136 3
77 3104 158 3166 inter
187 3103 339 3186 Magnos
362 3105 550 3188 Principes,
577 3113 608 3168 ct.
623 3105 659 3168 ob
681 3107 853 3189 publicam
879 3127 1029 3170 carosam:
1047 3105 1200 3170 nimirum
1216 3123 1387 3185 nunquam

11 3271 12 3292 ,
76 3207 135 3272 lere
150 3209 413 3290 dispensandum
439 3222 494 3307 est,
515 3222 642 3293 propter
667 3213 806 3293 gradum
832 3215 1079 3296 propinquitatis
1106 3212 1246 3276 fraterno
1272 3211 1387 3295 gradui

11 3317 12 3356 f
77 3321 224 3398 primum,
241 3317 329 3400 quod
344 3339 414 3381 raro
429 3339 483 3400 per
498 3339 602 3382 mores
614 3321 711 3383 etiam
727 3321 805 3383 olim
820 3321 927 3398 fiebat,
943 3321 1074 3403 quando
1087 3322 1156 3404 lege
1168 3321 1299 3404 publica
1314 3339 1387 3384 nec»

77 3426 151 3491 dum
166 3431 307 3490 'vetitum
322 3439 399 3508 erat3
416 3427 682 3511 dispensandum
698 3437 806 3492 autem
822 3443 871 3492 est
896 3431 938 3492 ob
952 3431 1116 3514 publicam
1131 3450 1276 3509 causam,
1292 3441 1324 3492 et
1338 3431 1386 3498 iu-

76 3548 118 3598 ter
130 3538 276 3617 Magnos
291 3536 464 3617 Principes,
481 3537 567 3617 quod
584 3555 690 3618 neque
706 3537 738 3600 id
766 3539 903 3600 vetitum
919 3539 960 3600 sit
974 3551 1062 3602 certa
1077 3537 1221 3602 naturali
1237 3537 1315 3618 lege,
1331 3555 1386 3600 ne—

76 3663 133 3736 que
148 3645 274 3724 divina,
290 3645 348 3707 sed
363 3645 395 3707 id
408 3627 549 3728 primum
563 3647 760 3728 prohibuerit
775 3646 828 3708 lex
843 3646 999 3724 humana,
1014 3645 1294 3728 quemadmodum
1309 3645 1383 3712 scri

77 3755 165 3820 bebat
177 3757 213 3820 S.
231 3755 436 3838 Augustinus
452 3777 548 3840 snpra
574 3757 738 3839 laudatus;
755 3767 903 3838 respectu
929 3767 1038 3820 autem
1053 3758 1239 3840 Principum
1256 3767 1292 3822 ut
1309 3757 1378 3839 plu-

78 3864 191 3930 rimum
207 3865 341 3927 subesse
356 3866 436 3927 solet
461 3867 657 3947 aequissima
671 3866 830 3948 generalis
860 3863 1070 3947 dispensandi
1085 3865 1165 3928 ratio
1178 3883 1222 3926 ex
1237 3883 1274 3926 eo
1289 3862 1382 3945 profic

11 4035 13 4048 ,
78 3973 207 4051 ciscens,
223 3971 313 4054 quod
337 3973 527 4055 populorum
542 3975 674 4052 intersit,
697 3972 887 4036 eorumdem
906 3973 1093 4055 Principum
1109 3973 1236 4036 animos
1251 3972 1332 4034 inter
1347 3989 1382 4034 se

11 4155 12 4164 ἵ
80 4075 255 4142 fortioribus
271 4079 305 4140 in
321 4077 389 4140 dies
415 4079 555 4142 vinculis
579 4079 744 4162 adstringi,
772 4079 844 4142 licet
868 4079 950 4144 alias
961 4081 1030 4163 jam
1045 4079 1203 4162 sanguine
1218 4077 1382 4160 conjuncti

11 4175 12 4198 l
79 4184 144 4264 sint,
159 4185 205 4248 ad
229 4184 406 4249 fovendam
427 4187 539 4270 magis,
564 4189 740 4270 magisque,
769 4187 1073 4270 conciliandamque
1098 4187 1202 4250 modis
1226 4185 1379 4258 omnibus

82 4311 207 4358 auream
223 4315 346 4378 pacem,
362 4315 401 4357 ae
416 4295 692 4378 tranquillitatem.

117 4406 189 4484 lilou
204 4405 445 4480 cotemnenda
459 4409 592 4495 elegans
607 4407 787 4500 disquisitio
802 4408 843 4479 de
869 4409 1039 4498 gradum,
1056 4421 1092 4483 ut
1108 4417 1232 4491 vocant,
1247 4423 1383 4502 compris
