3168 4982
143 429 560 491 uacoutuerrs,eu1aus
583 428 720 476 cessar·
744 428 992 476 uacassruuno
1013 428 1282 474 coautnronurr.
1310 413 1311 418 ’
1339 409 1400 474 193

101 553 153 620 tus
177 553 335 638 conjugiis
350 551 484 618 revelari
509 561 688 636 parentum,
714 550 763 614 vel
790 551 962 615 liberorum
987 549 1229 634 turpitudinem,
1255 549 1344 634 quod
1358 571 1406 614 es-

103 677 151 730 set
163 665 321 733 aduersus
346 665 451 748 ipsam
466 663 649 730 naturalem
674 663 887 742 honestatem,
898 663 994 746 juxta
1019 683 1067 743 ea,
1083 683 1167 746 quae
1186 664 1336 746 superius
1351 664 1407 728 ad·

101 773 262 838 notabam.
306 771 398 836 Haec
422 771 494 854 ipsa
508 770 629 854 potiore
638 771 711 854 jure
726 767 865 832 dicenda
890 781 968 832 sunt
982 768 1023 834 de
1038 769 1160 852 nuptiis
1175 770 1315 854 privigni
1330 789 1408 836 cum

101 903 247 962 nouerca,
274 895 332 948 ant
346 882 449 946 uitrici
474 901 550 946 cum
574 882 732 964 privigna,
753 882 851 965 juxta
865 891 963 964 caput
977 881 1028 944 20.
1051 880 1198 946 Levitici:
1223 881 1309 946 uude
1324 882 1408 946 Pau·

101 994 152 1060 las
165 995 351 1078 Apostolus,
366 1013 443 1058 cunr
457 991 609 1072 audisset,
624 993 705 1056 inter
720 991 903 1056 Corinthios
929 992 1073 1074 aliquem
1087 993 1239 1074 extitisse,
1255 993 1312 1076 qui
1327 1013 1406 1058 uxo

99 1125 165 1172 rem
181 1107 282 1188 patris
298 1107 349 1170 sui
364 1105 503 1184 haberet,
518 1123 591 1170 eam
607 1104 705 1168 talem
720 1121 791 1168 esse
820 1103 1064 1170 fornicationem
1078 1104 1169 1186 dixit,
1185 1107 1275 1190 epist
1293 1107 1321 1172 l.
1335 1127 1406 1192 cap.

99 1218 138 1295 6.,
153 1214 264 1298 qualis
277 1237 336 1284 nec
360 1216 446 1278 inter
457 1222 576 1297 gestes
601 1211 775 1294 audiretur;
792 1231 874 1294 quos
894 1212 977 1296 iuris
993 1211 1150 1276 naturalis
1173 1212 1321 1276 stimulos
1336 1231 1409 1276 sen-

98 1321 214 1384 tientes
229 1321 371 1384 Romani
396 1320 416 1384 J
419 1319 620 1400 urecousulti,
644 1318 802 1386 nefariam
827 1339 897 1384 esse
921 1317 1073 1408 dixerunt
1096 1319 1357 1404 conjuactionem
1371 1319 1408 1386 li·

98 1427 132 1493 lii
146 1447 224 1492 cum
239 1447 287 1508 ea,
302 1447 387 1510 quae
410 1429 469 1492 etsi
485 1445 550 1490 non
566 1446 656 1506 uxor,
672 1427 856 1490 concubina
878 1438 987 1492 tornea
1002 1428 1101 1510 patris
1116 1425 1239 1508 fuisset,
1254 1429 1274 1492 l.
1290 1431 1319 1494 2.
1338 1433 1362 1498 l.
1376 1429 1406 1496 3.

97 1537 130 1602 fl
145 1537 186 1602 de
211 1538 411 1604 concubinis.
454 1535 598 1608 Quodsi
618 1537 690 1619 jure
705 1537 853 1618 gentium
875 1535 919 1598 ad
934 1535 1091 1602 naturalis
1111 1537 1193 1622 Juris
1223 1538 1407 1622 interpreta-

99 1649 218 1714 u'ouem
244 1647 395 1730 agnitum
410 1656 466 1725 est,
487 1647 584 1728 juxta
598 1665 645 1724 ea,
662 1663 747 1726 quae
773 1643 921 1726 superius
936 1643 1023 1722 dicta
1051 1653 1138 1738 sunt,
1154 1643 1236 1708 iuter
1250 1643 1363 1708 fratres
1377 1656 1410 1710 et

97 1773 219 1834 sorores
248 1751 447 1836 prohibenda
461 1771 531 1815 esse
556 1752 717 1836 conjugia,
732 1771 812 1816 eove
838 1751 944 1834 magis
960 1751 1041 1816 inter
1062 1771 1127 1830 eos,
1142 1753 1199 1834 qui
1214 1752 1284 1816 loeo
1300 1774 1413 1836 pareu-

98 1869 168 1922 trrm
192 1869 279 1940 suut,
306 1879 345 1924 ac
361 1859 543 1940 liberorum,
569 1879 627 1924 cur
649 1879 716 1924 nou
741 1859 858 1927 iisdem
876 1880 919 1926 ex
944 1862 1054 1926 causis
1079 1861 1324 1946 agnoscendum
1339 1861 1409 1943 suit,

96 1979 133 2034 ut
157 1967 331 2052 improbari
354 1967 689 2052 oporteretconjugia
719 1987 839 2048 eorum,
866 1967 923 2052 qui
952 1967 1106 2033 ducerent
1135 1986 1270 2034 uxorem
1295 1969 1409 2052 patrui,

96 2076 148 2140 rel
173 2076 342 2156 ayuucrrli,
369 2055 422 2140 vel
446 2074 552 2140 fratris
578 2077 655 2154 item
680 2095 801 2156 earum,
819 2095 904 2160 quae
929 2077 1052 2140 maritis
1078 2087 1331 2158 materterarum,
1358 2078 1411 2142 vel

95 2188 281 2268 amitarum,
306 2169 359 2248 ¹vel
375 2205 520 2248 sororum
540 2185 771 2268 jungerenturl
815 2185 942 2268 AEque
963 2185 1045 2250 haec
1071 2185 1182 2248 omnia
1205 2185 1239 2250 iu
1255 2185 1335 2248 libro
1350 2185 1411 2250 Le·

96 2297 185 2360 sitici
200 2298 357 2364 damnata
372 2295 469 2374 fuere,
484 2295 671 2378 eisdemque
686 2293 833 2358 formulis
847 2293 890 2358 ad
906 2295 1090 2358 naturalem
1106 2295 1309 2358 honestatem
1324 2313 1411 2358 com·

94 2410 218 2492 positis,
244 2409 365 2492 quibus
392 2405 596 2484 indicaretur,
620 2423 685 2470 non
701 2404 867 2488 singulare
888 2406 945 2488 jus
959 2405 993 2470 iu
1015 2425 1053 2470 ea
1080 2417 1169 2490 parte
1183 2405 1317 2472 Judaeis
1332 2404 1411 2470 fuis

94 2535 128 2580 se
143 2495 353 2599 propositum
381 2515 474 2596 cujus
491 2513 535 2576 rei
561 2513 659 2576 etiam
685 2523 877 2596 argumento
901 2513 1062 2598 estquod
1088 2515 1230 2580 Joannes
1257 2515 1410 2580 Praecur-

94 2641 145 2684 sor
160 2620 282 2684 Herodi
305 2621 464 2702 objecerit,
481 2639 547 2684 non
572 2621 714 2702 potuisse
729 2640 806 2686 eum
836 2622 906 2689 siue
921 2623 1006 2706 turpi
1021 2623 1135 2706 probro
1150 2641 1286 2688 uxorem
1301 2623 1412 2692 fratris.

95 2730 222 2812 habere,
239 2732 287 2794 uti
313 2729 419 2810 retulit
433 2730 466 2794 in
495 2711 677 2812 Evangelio'
702 2730 891 2794 Matthaeus
906 2749 976 2818 cap.
1006 2731 1064 2816 14.,
1081 2743 1112 2794 et
1127 2731 1259 2796 Marcus
1284 2753 1351 2816 cap.
1368 2735 1407 2812 6.,

93 2839 227 2924 quaudo
251 2850 364 2904 contra
379 2837 540 2902 Herodem
566 2857 632 2902 non
647 2837 738 2902 aliud
748 2839 804 2921 jus
825 2838 919 2922 objici
934 2838 1099 2928 potuisset,
1114 2857 1217 2919 quam
1247 2839 1405 2922 naturale3

93 2962 191 3034 atque
206 2950 249 3014 ab
273 2950 336 3012 ieta
352 2948 521 3026 traditione
546 2966 612 3010 aon
636 2956 836 3012 recesserunt
861 2946 1001 3010 Romani
1026 2927 1252 3028 Jureconsutti,
1276 2951 1423 3030 natura-'3

94 3056 132 3120 lis
145 3035 380 3140 Philosophiae
404 3056 548 3138 apprime
563 3056 695 3136 conscii,
723 3033 816 3138 inter·
827 3049 909 3137 riuos
931 3055 1134 3138 Papinianus
1149 3057 1220 3120 iul.
1244 3057 1300 3120 ult.
1317 3039 1407 3120 ffsde

92 3167 230 3252 cpadict
256 3165 326 3230 siue
341 3183 451 3244 causa,
478 3175 535 3227 aut
558 3164 640 3226 inter
655 3181 831 3228 novercam
858 3163 889 3226 el
915 3162 1109 3254 priuignum,
1137 3181 1257 3226 nurum
1272 3173 1303 3225 et
1318 3181 1404 3224 soce·
1441 3169 1442 3174 ’

91 3298 162 3342 runs
187 3275 319 3341 admitti
333 3275 494 3340 incestum
508 3295 550 3338 ex
568 3277 640 3357 jure
666 3275 825 3358 gentium.
871 3274 972 3346 Quod
988 3273 1170 3358 sidereique
1185 3277 1257 3358 jure
1284 3275 1402 3340 Rotna-

91 3407 130 3454 no
147 3387 248 3452 latius
274 3397 413 3450 extensa
425 3384 559 3448 'suerunt
580 3385 655 3467 jura
676 3384 998 3470 consanguinitatum
1023 3384 1066 3446 ad
1081 3383 1182 3448 finem
1205 3385 1401 3470 impediendi

86 3496 240 3580 conjugii,
268 3495 366 3556 tacite
377 3513 506 3575 quoque
522 3493 593 3554 visa
619 3489 750 3554 suerunt
770 3494 845 3574 jura
860 3491 1068 3574 adfinitatum
1093 3504 1237 3574 extensa,
1258 3495 1357 3560 etiarn
1372 3496 1400 3558 si

86 3601 126 3673 de
140 3599 313 3666 adfinitate
338 3619 475 3682 expresa
490 3600 610 3664 mentio
627 3600 759 3678 minime
782 3600 882 3684 fieren
897 3600 981 3667 haec
996 3601 1085 3664 enirn
1107 3600 1315 3668 adfinitatum
1325 3607 1399 3696 jura

84 3706 210 3770 eisdem
236 3705 371 3768 omnino
395 3707 511 3786 causis,
536 3707 655 3788 quihus
676 3707 755 3792 jura·
775 3710 1104 3792 consanguinitatum¹
1137 3723 1288 3796 perpetuo
1317 3714 1398 3780 iuni·

87 3797 257 3882 labantur)
290 3814 462 3896 Quidquid
478 3799 566 3878 enirn
595 3817 761 3902 Ulpianus,
782 3836 860 3880 cum
885 3817 988 3896 sciret,
1004 3829 1140 3882 cautum
1155 3837 1305 3900 expresse
1319 3815 1398 3882 fuisss

84 3945 118 3988 se
131 3926 169 3990 in
189 3909 275 4008 jure,
293 3933 329 3984 ut
353 3923 427 4006 quis
442 3925 615 3988 abstineret
643 3931 665 3990 a
679 3927 801 4008 nuptiis
826 3944 903 3990 curn
916 4005 919 4014 .
931 3926 1090 4010 privigna,
1118 3937 1152 3990 et
1167 3927 1269 3991 filiam
1285 3927 1395 3990 rrxoris
1471 3913 1474 3920 ’

85 4045 155 4117 post
168 4031 346 4116 repudium
362 4031 515 4095 dimissae
529 4033 713 4116 privignam
729 4053 794 4096 non
809 4053 882 4122 esse
895 4032 1021 4112 diceret,
1038 4043 1146 4100 tamen
1162 4033 1252 4114 dixit,
1269 4035 1310 4096 ab
1325 4035 1393 4118 ejus

85 4144 208 4228 nuptiis
223 4159 295 4204 esse
321 4139 565 4206 abstinendumt
581 4141 602 4204 l.
630 4143 679 4206 12.
697 4145 718 4210 i.
735 4141 764 4205 3.
780 4141 870 4224 ffide
885 4143 948 4208 ritu
970 4130 1118 4226 nuptiae,
1128 4145 1243 4228 juncta
1266 4141 1285 4206 l.
1304 4143 1351 4206 14.
1369 4147 1391 4211 l.

83 4251 123 4330 t,
138 4251 205 4315 etl.
222 4251 274 4314 40.
290 4249 323 4314 ff.
339 4249 425 4312 eoa·
452 4251 539 4322 Hinc
554 4249 678 4314 sactum
702 4261 758 4332 est,
775 4261 818 4330 ut,
834 4253 1112 4336 quemadmodum
1137 4264 1288 4338 perpetuo
1303 4254 1392 4338 apud
1508 4343 1515 4360 ι

85 4363 249 4426 Romanos
264 4353 463 4442 improbatae
487 4371 578 4424 erant
593 4362 726 4445 nuptiae
741 4363 822 4428 inter
847 4363 1005 4436 natasset
1025 4384 1156 4444 sorores,
1171 4364 1215 4428 ita
1230 4375 1262 4428 et
1276 4365 1390 4448 impro

82 4473 176 4540 aeae
201 4472 321 4539 fuerint
336 4472 469 4556 nuptiae
493 4472 576 4538 inter
601 4471 731 4538 fratrem
756 4484 788 4540 et
801 4475 1079 4624 merff'statrffi'
1100 4476 1181 4624 iu3e7r
1203 4467 1344 4548 sororem
1358 4491 1393 4542 et·

948 4581 1005 4623 ore.
1079 4597 1130 4622 .—
1172 4604 1183 4628 .
1239 4593 1241 4598 v
