3134 4984
605 463 651 512 aa
667 463 832 514 arnosto„
963 493 966 500 .
1286 488 1290 496 f
1308 439 1370 512 trs

91 603 123 652 tc
136 586 237 657 morito
247 588 308 674 ajo,
335 603 456 672 magna
471 585 644 670 prudentia
666 606 749 669 opus
762 605 842 665 essa,
859 595 895 650 nt
909 595 1002 652 actos
1026 583 1369 662 emanataqua

92 695 228 764 noniacis
252 696 503 780 distinguentes
527 713 666 776 eamque
680 696 722 760 ob
744 713 811 760 rear
826 712 952 776 seraper
973 703 1103 776 optasse
1124 693 1317 772 Ecclesiam,
1333 701 1371 757 ut

88 801 192 883 quibus
206 805 236 869 in
261 805 392 870 casibus
405 803 539 869 suboriri
565 801 877 886 simoniaa’suspicio
903 811 1014 884 potest,
1039 797 1371 881 haecipm‘suspioio,
1454 881 1458 888 ι

90 909 183 988 qnmd
197 909 263 976 lieri
289 912 396 994 possit,
412 923 615 977 averteretur.
658 911 742 974 'Pras
757 929 816 993 ego
832 921 909 992 puto
924 929 1016 992 passa
1038 909 1191 978 constitui
1203 909 1373 992 generales

89 1019 343 1104 regulaqquthus
357 1023 435 1086 certi
449 1011 542 1086 actus
563 1028 583 1085 a
599 1022 738 1104 simopia
754 1019 1077 1104 penitusjudiceutur
1096 1022 1268 1086 immunes.
1306 1021 1374 1086 Pri-

91 1143 135 1188 ma
157 1129 265 1210 regala
290 1141 347 1210 est,
373 1151 458 1212 qaae
483 1129 734 1197 fundamentum
759 1132 856 1194 habet
871 1132 987 1214 injure
1002 1132 1307 1214 Romanosquoties
1323 1152 1372 1198 rea

89 1237 236 1314 quaedam
251 1258 344 1301 sacre
357 1240 508 1302 cohaeret
523 1240 616 1304 rebus
633 1239 863 1322 temporalibus
879 1250 1047 1326 tanlquam
1059 1238 1274 1324 accessorium
1289 1241 1373 1320 prin

89 1345 180 1427 cipali,
206 1368 271 1412 ττοττ
286 1349 420 1429 quidem
446 1348 543 1412 vendi
559 1367 685 1413 sacram
713 1367 777 1412 rem
795 1366 896 1430 posse,
922 1347 980 1410 sed
995 1347 1127 1410 vendita
1149 1367 1181 1410 ro
1199 1347 1373 1430 temporali,

89 1473 161 1534 quaa
174 1458 364 1522 commercio
375 1513 378 1524 ,
389 1459 508 1537 subest,
525 1477 591 1520 rem
607 1460 711 1538 ipsam
737 1477 862 1520 sacram
880 1457 911 1518 vi
937 1457 1132 1522 accessionis
1151 1458 1183 1520 iu
1199 1471 1375 1540 emptorem

90 1567 217 1630 tratrsire.
249 1568 288 1632 Id
303 1569 461 1648 contingit
476 1568 507 1630 in
539 1568 746 1630 universitate
761 1567 926 1644 bonorum,
953 1567 1006 1630 cui
1021 1567 1196 1630 adhaereat
1217 1569 1375 1650 jospetro-

89 1687 174 1738 natus
188 1678 221 1742 in
237 1678 347 1757 aliquo
362 1677 526 1754 beneficio,
543 1689 574 1738 et
589 1677 647 1738 cui
657 1675 832 1738 adhaereat
843 1678 896 1758 jus
912 1675 1085 1758 singrrlaris
1100 1676 1248 1758 sepulcra
1272 1695 1376 1758 noque

88 1781 165 1844 euim
181 1783 381 1862 universitas,
409 1795 466 1847 aut
480 1767 598 1866 pendet
613 1805 653 1846 ex
665 1785 736 1866 jure
751 1795 946 1874 patronatus¹
976 1785 1025 1846 vel
1041 1785 1189 1866 sepulcri,
1206 1803 1312 1866 neque
1323 1787 1377 1868 joa

89 1898 275 1968 potronatus,
302 1903 359 1954 aut
373 1891 512 1972 sepulcri
526 1891 619 1962 adso
645 1893 886 1956 universitatem
912 1893 1017 1973 trahit,
1044 1893 1194 1976 etureddit
1220 1897 1314 1976 quasi
1330 1915 1378 1960 sa-

88 2013 174 2076 cram,
191 2010 249 2062 atrt
263 2001 356 2080 quasi
371 1999 526 2078 divinam,
550 2001 716 2081 autquasi
737 2003 998 2064 ecclesiasticam.
1042 2001 1153 2066 Potius
1164 2004 1218 2084 jus
1235 2016 1378 2086 patrona-

88 2116 131 2170 tus
155 2124 213 2175 aut
241 2111 379 2193 sepulcri
404 2111 447 2174 ad
473 2113 715 2176 universitatem
741 2113 875 2192 accedit3
908 2095 1102 2196 proindeque
1129 2113 1282 2178 distracta
1311 2115 1378 2178 unt

88 2220 239 2299 versitate,
266 2221 415 2286 camdem
441 2221 684 2286 universitatem
700 2225 798 2303 sequi*
811 2225 885 2306 jura
901 2235 1096 2308 patronatus,
1118 2245 1157 2288 ec
1173 2225 1310 2308 sepulcri
1328 2244 1380 2288 us-

88 2343 169 2390 cesse
196 2341 252 2394 cst.
296 2329 443 2410 idipsum
469 2316 541 2392 dico
568 2331 608 2392 de
635 2331 784 2394 Ecclesia
807 2331 970 2414 praediali,
998 2351 1083 2412 quac
1109 2332 1239 2413 praedio
1265 2331 1381 2412 privati

88 2435 261 2520 ctrhaereau
287 2439 430 2518 seqnitur
445 2439 532 2504 enim
557 2440 653 2504 etiam
670 2441 731 2504 ista
748 2439 922 2522 praedium,
944 2451 976 2502 et
991 2453 1161 2522 patronum
1184 2459 1308 2522 semper·
1324 2441 1381 2504 ha—

88 2545 169 2608 bebit
194 2563 431 2626 quamcumque
456 2545 579 2628 praedii
603 2565 827 2630 possessorem,
854 2566 923 2628 cap.
939 2549 977 2625 7.,
994 2557 1025 2608 et
1050 2547 1098 2612 13.
1125 2546 1165 2608 de
1175 2548 1380 2630 jonaparam,

83 2651 193 2734 juncto
207 2667 397 2735 argumento
422 2653 442 2716 l.
458 2654 509 2718 at
526 2654 557 2718 ff.
574 2655 614 2718 de
639 2656 783 2718 contrait.
810 2656 978 2737 eruptione,
995 2664 1026 2718 et
1042 2653 1061 2716 l.
1088 2654 1138 2714 62.
1154 2651 1186 2714 ff.
1203 2651 1242 2714 da
1258 2653 1381 2732 adquir.

90 2783 142 2826 rer.
157 2765 241 2828 dom.
285 2765 349 2828 Sed
365 2765 446 2828 haec
471 2783 549 2828 vera
565 2777 633 2830 tum
660 2767 791 2832 demum
818 2779 902 2846 sunt,
919 2767 1044 2848 quoties
1067 2765 1189 2830 ratione
1203 2767 1247 2830 roi
1264 2784 1383 2844 sacrae,

91 2872 140 2936 vel
151 2874 326 2958 religiosae,
354 2874 405 2936 vel
419 2875 603 2956 spiritualis,
628 2878 763 2958 pretium
781 2878 824 2940 rei
841 2876 1024 2957 temporalis
1045 2876 1078 2941 in
1095 2877 1286 2940 commercio
1303 2873 1383 2956 posi-

91 2991 148 3062 tae,
162 3003 201 3051 ac
224 2985 376 3051 venditae
392 3003 457 3048 non
481 2998 647 3068 aegeatae
674 2997 742 3048 tnm
758 2986 844 3048 euim
872 3004 932 3048 uec
957 3005 1006 3048 res
1030 2985 1213 3066 temporalis
1235 2984 1384 3066 penditus

89 3105 162 3151 cum
175 3090 401 3170 ecclesiastica,
417 3092 573 3175 religiosa,
590 3093 641 3156 vel
657 3113 757 3174 sacra,
774 3113 833 3158 nec
847 3095 905 3174 qui
927 3081 1143 3158 venditionem
1159 3093 1244 3170 facit,
1260 3093 1385 3176 aliquid

90 3199 215 3282 peragit,
240 3218 307 3281 quo
322 3213 434 3282 putare
458 3201 726 3285 deprehendatur,
750 3224 785 3268 sc
801 3205 982 3270 dominium
998 3225 1105 3270 rerum
1130 3224 1304 3285 sacrarum,
1328 3213 1388 3272 ant

90 3307 307 3390 religiosarum
333 3329 564 3388 exasperasse
590 3313 634 3375 ita
650 3313 683 3376 in
698 3314 807 3392 sacris,
833 3333 874 3378 ac
887 3315 1043 3398 religiosis
1065 3316 1158 3380 rebus
1177 3328 1330 3395 versatur,
1346 3333 1386 3380 aa

91 3411 118 3474 si
132 3413 271 3494 profana
285 3433 436 3496 quaeque
452 3427 609 3482 tractaret:
628 3423 693 3484 uiro
709 3421 805 3486 verbo
830 3421 912 3486 nihil
927 3421 1074 3501 admittit,
1092 3424 1126 3486 in
1141 3441 1206 3505 quo
1223 3421 1387 3506 turpitudo

91 3517 265 3584 simoniaca
289 3521 417 3587 existat.
460 3523 571 3588 Altera
586 3528 698 3608 regula
722 3541 778 3608 est,
805 3530 968 3605 urraedam
990 3550 1063 3596 osse
1077 3531 1266 3616 temporalia
1293 3532 1386 3618 bona,

93 3641 387 3710 quaequamquam
413 3630 638 3722 ecclesiasticis
652 3633 854 3701 administris
873 3636 1167 3721 ltreriatconcessa,
1191 3645 1386 3732 proindeque

92 3734 318 3803 ictericorum
330 3736 612 3806 administratione
627 3741 800 3824 pendeant,
823 3747 868 3809 ita
884 3757 992 3812 tamen
1007 3768 1049 3814 ex
1075 3751 1241 3820 voluntate
1255 3756 1390 3827 offeren-⁴

64 3921 69 3930 q
94 3843 177 3928 tium,
191 3861 289 3934 atque
303 3869 346 3916 ex
363 3850 528 3916 voluntate
542 3851 710 3918 Ecclesiae
726 3856 905 3940 recipientis
920 3859 1042 3944 origine
1063 3863 1178 3930 ratam
1194 3866 1338 3950 inspecta
1352 3870 1386 3935 in

92 3961 277 4027 commercio
302 3975 555 4048 permanserunt,
581 3967 663 4030 acsi
687 3969 872 4050 temporalia
888 3970 999 4037 adhoc
1013 3987 1129 4058 essent,
1151 3997 1211 4042 nec
1226 3981 1326 4043 saeris
1342 4001 1387 4045 rs·

94 4059 149 4126 bus
173 4067 362 4134 necessario·
377 4070 558 4138 colraarent
602 4073 729 4140 Horum
753 4095 832 4140 sana
856 4079 1012 4146 bonorum
1039 4083 1109 4147 aine
1130 4086 1286 4151 simoniae
1310 4091 1387 4159 vitio

93 4175 307 4242 venditionem
320 4176 389 4242 lieri
414 4198 480 4246 noa
494 4193 660 4264 repugnat,
687 4195 814 4252 mutam
830 4200 966 4253 cautum
987 4192 1093 4256 estad
1115 4187 1308 4262 servandam
1325 4199 1387 4263 E*

92 4282 205 4352 alasiae
220 4289 473 4372 indemnitatem,
490 4310 531 4358 ne
547 4305 675 4374 temere,
689 4315 748 4360 seu
762 4299 833 4362 siae
845 4319 956 4381 carisa,
973 4303 1127 4386 statisque
1143 4307 1175 4370 in
1187 4308 1260 4390 jure
1274 4309 1387 4379 solera-

92 4393 243 4494 trilotilras
256 4397 446 4470 alienentur.
482 4401 694 4487 Idooatingit
708 4406 741 4470 in
757 4407 849 4472 bonis
864 4411 1104 4494 temporalibus,
1117 4433 1204 4500 ,quaa
1220 4417 1391 4486 Ecclesiae

92 4497 259 4586 donantur,
285 4505 354 4582 aire
366 4507 431 4573 ista
456 4509 587 4574 mobilia
603 4511 677 4593 sint,
704 4513 772 4578 rive
787 4497 983 4582 immobilia
1018 4502 1157 4586 Voadita
1171 4523 1248 4590 olim
1263 4526 1386 4600 scimea
