3134 4984
213 407 278 486 llll
454 439 545 488 ease
561 441 688 506 serua,
711 435 956 496 arsamosata
970 439 1118 512 saorra,
1136 451 1213 498 cae.
1229 429 1273 500 rt

210 562 332 645 templa
346 583 446 645 sacre,
467 565 524 629 sed
539 578 717 648 caementa,
743 589 782 632 ac
799 571 888 653 tigna
911 571 1072 652 universa,
1098 575 1275 658 exquibus
1296 585 1496 644 ereetaeaut

208 676 315 757 aedes,
333 695 397 740 riou
413 679 621 760 sepulturam,
645 679 699 741 seo
717 680 831 756 solum,
850 683 881 742 iu
899 675 963 762 quo
978 685 1165 774 sepulcrum
1179 701 1368 767 excoraurq
1388 707 1445 751 ooo
1458 689 1493 752 al·

207 787 288 850 tatia
304 807 404 862 sacra,
421 787 476 848 sed
495 786 628 870 lepides3
647 809 710 851 nou
727 790 856 852 ordines
871 809 987 870 sacros,
1004 803 1034 853 et
1050 811 1141 856 sarra
1157 796 1345 874 minislerio,
1360 795 1413 860 sed
1428 798 1494 860 lua·

206 915 260 964 tns
275 899 539 983 praebendarum,
563 922 601 962 ac
616 901 857 979 beneficiorum,
884 904 958 965 item
975 905 1153 986 pensiones
1171 917 1228 970 aut
1243 910 1358 970 saltem
1372 927 1493 971 commo-

204 1011 246 1074 da
262 1011 467 1094 pensionum3
486 1029 548 1072 uon
566 1013 777 1073 monasticam
797 1009 1034 1091 professionem,
1051 1011 1107 1098 sed
1119 1015 1174 1094 jus
1188 1012 1420 1087 alimentorum,
1436 1013 1494 1076 Mo·

203 1119 350 1181 nasteriis
377 1117 662 1199 percipiendoruuu
690 1117 869 1198 eademqne
896 1119 1018 1180 ratione
1047 1137 1111 1180 uon
1127 1117 1375 1201 adscriptionem
1396 1121 1426 1182 in
1442 1119 1493 1182 lic·

203 1224 301 1287 clesie
318 1225 534 1302 conventuali,
563 1224 619 1286 secl
631 1227 685 1308 jus
700 1225 927 1288 alimentorum
944 1223 1114 1289 abeodem
1136 1229 1344 1292 conventuali
1361 1229 1492 1292 Ecclesia

203 1330 522 1414 suppeditandoruut.
566 1333 780 1412 Auuunmm,
807 1336 922 1398 saltent
939 1335 1139 1398 admittenda
1161 1355 1233 1398 esse
1249 1351 1343 1419 pacta
1368 1355 1491 1402 enemo

203 1439 336 1514 tioutuu,
353 1459 437 1518 quae
454 1439 536 1501 finnt
551 1439 633 1502 iuter
650 1441 811 1522 litigantes
826 1442 867 1504 de
884 1443 1047 1518 bettelicio,
1065 1445 1241 1524 inquibus,
1271 1449 1316 1508 uti
1333 1446 1489 1528 loquuntur

203 1543 406 1626 Pragmatici,
436 1548 611 1612 redimitur
627 1571 724 1628 veem-
751 1550 837 1614 uude
852 1571 902 1614 ex.
919 1571 964 1633 gr.
981 1551 1047 1625 liat,
1064 1566 1099 1614 ut
1114 1571 1191 1615 cnm
1208 1554 1317 1634 piures
1332 1555 1374 1618 de
1387 1553 1489 1620 beoeli·

200 1656 258 1734 cio,
275 1657 388 1720 ortt-de
409 1657 481 1740 jure
496 1659 721 1740 praesentanei
737 1660 946 1738 contendunt,
973 1677 1061 1722 unns
1074 1661 1165 1723 alteri
1181 1671 1301 1726 certam
1318 1681 1383 1724 rem
1399 1681 1485 1744 praes·

200 1775 251 1842 tet,
270 1775 304 1826 ut
331 1765 398 1846 ipse
413 1763 582 1846 pacificam
599 1765 758 1846 beneficii,
786 1765 927 1849 reljuris
955 1778 1144 1848 patronatus
1169 1769 1401 1848 possessionem
1421 1787 1488 1830 tran·

198 1877 346 1939 ciscutur.
390 1875 584 1960 Adjecerunt
599 1879 708 1959 oquui,
736 1877 851 1940 saltem
878 1879 1050 1942 simoniam
1067 1897 1129 1941 uon
1157 1879 1285 1942 adunitti
1312 1881 1487 1958 iucocasu,

198 2009 264 2072 quo
279 1991 352 2072 quis
368 1991 490 2072 aliquid
509 2003 644 2072 praestet
660 2009 724 2052 non
740 2009 840 2053 carisa
851 1991 934 2072 juris
949 1989 1341 2074 adquirendi-spiritualis,
1356 1991 1409 2054 sed
1424 2009 1491 2053 carr·

198 2115 236 2158 sa
259 2095 480 2178 adquirendae
507 2097 724 2177 possessionis,
754 2109 862 2179 utpote
885 2115 970 2177 (puae
994 2095 1170 2180 corporalis
1191 2107 1250 2171 est,
1276 2111 1490 2180 proptereaque

198 2207 299 2290 pretio
313 2205 534 2270 aestimabilis.
578 2207 674 2271 Nunc
689 2227 749 2289 ego
775 2209 926 2289 intelligo,
954 2227 1056 2289 quare
1080 2206 1292 2271 Innocentius
1318 2209 1359 2272 ll.
1384 2211 1488 2289 incepi

197 2315 248 2379 32.
266 2313 306 2378 de
322 2318 460 2380 simonia
477 2319 613 2380 scribere
636 2337 699 2380 nou
715 2317 918 2395 dubitaverit,
936 2331 1147 2380 tautamesse
1174 2322 1414 2384 immimitotem
1427 2321 1490 2382 lroe
1552 2297 1553 2364 i

197 2426 281 2488 resis
294 2425 502 2490 sirrtoniocoe.
528 2433 567 2488 nt
581 2425 627 2490 od
641 2429 712 2512 eins
727 2430 1003 2510 eunapii-lotionem
1023 2435 1151 2496 coetero
1165 2427 1308 2492 crtnuna
1327 2431 1423 2514 qrtosi
1436 2447 1489 2512 pro

197 2536 300 2600 nihilo
314 2545 509 2619 repetentia·
551 2537 628 2600 Jure
645 2549 798 2598 mensurat
817 2555 878 2598 uon
895 2537 1052 2599 simoniae
1067 2553 1196 2613 cutuen,
1218 2538 1275 2598 sed
1290 2539 1488 2604 simoniacam

195 2643 364 2720 haeresim,
391 2645 431 2706 de
446 2665 510 2725 qua
527 2657 579 2722 tot,
607 2657 761 2725 tantaque
789 2644 992 2724 praedicaret.
1037 2643 1199 2706 Hiscnim
1223 2643 1389 2706 insinuare
1409 2642 1487 2704 vole·

194 2757 257 2834 bat,
276 2757 487 2818 simoniacam
504 2755 672 2830 haeresim,
695 2757 725 2818 id
742 2767 798 2830 est,
815 2758 902 2818 varia
920 2758 1130 2854 opinatnenta
1155 2755 1412 2830 simoniacorum,
1427 2753 1490 2834 qui·

194 2865 256 2928 bus
271 2865 441 2927 avaritiam
468 2883 562 2926 stram
579 2865 688 2926 turritis
716 2863 821 2945 palliis
837 2875 987 2948 tegerent,
1012 2866 1179 2927 universos
1202 2863 1433 2926 ecclesiasticos
1447 2879 1489 2923 or·

194 2977 296 3055 diues,
314 2997 352 3039 ac
369 2977 544 3040 ministeria
560 2978 670 3039 onmia
686 2995 778 3038 sacra
795 2977 929 3050 turbare,
946 2977 1137 3055 subvertere,
1160 2977 1246 3058 quod
1263 2977 1370 3038 scelus
1386 2978 1487 3038 imma·

193 3065 366 3148 nissinmm
392 3097 449 3161 est,
476 3096 638 3166 etcorpns
664 3081 831 3144 Ecclesiae
858 3083 1007 3163 inquinat
1027 3085 1225 3146 universum.
1270 3081 1433 3146 leeverasi
1449 3091 1488 3143 tot

192 3195 381 3277 opinionum
399 3211 541 3256 rnousua
557 3193 777 3270 admittantur,
794 3193 904 3274 ecquis
917 3211 969 3278 ges
984 3174 1209 3273 quaecamque
1230 3193 1377 3254 maxiem
1388 3205 1486 3254 sacrm

191 3303 310 3384 erupi
338 3301 532 3364 commercio
561 3301 723 3364 lilioralutl
767 3301 859 3382 Situ
876 3305 1085 3384 incorporeus
1110 3319 1204 3376 esses,
1232 3299 1338 3380 ajebat
1353 3297 1489 3360 Chrisos·
1550 3311 1551 3398 ,

192 3424 299 3476 toruus
315 3413 424 3474 homil.
452 3412 501 3474 83.
520 3413 551 3474 iu
570 3411 782 3488 llatthactrm,
810 3411 902 3472 orrida
928 3411 989 3472 libi
1007 3409 1109 3486 Deus,
1132 3417 1163 3472 et
1186 3409 1376 3491 incorporea
1391 3405 1486 3469 trodi-
1550 3405 1551 3450 l

190 3508 381 3604 dissetfsed
395 3525 554 3609 qrtorrimn
569 3524 697 3607 corpori
713 3523 907 3602 odjrmctnm
921 3519 1081 3604 spiritum
1095 3519 1201 3595 lobes,
1225 3519 1261 3579 in
1277 3519 1374 3580 reluts
1386 3533 1486 3598 corpo

190 3637 257 3700 reis
271 3637 469 3721 spiritualia
496 3635 556 3700 libi
571 3637 759 3700 traduntur.
806 3631 1016 3713 ericumque
1041 3649 1116 3713 ergo
1140 3631 1322 3719 spiritualia
1348 3629 1485 3704 vendere,

192 3759 248 3808 ant
263 3764 368 3808 coiere
384 3743 528 3824 voluerit,
555 3763 680 3827 semper
694 3743 835 3825 allegare
861 3741 981 3824 poterit,
1009 3749 1043 3802 se
1058 3757 1122 3802 non
1140 3737 1318 3820 spiritualia
1344 3739 1420 3819 ipsa,
1435 3732 1485 3796 sed

190 3875 306 3938 corpus
322 3855 541 3937 spiritualibus
557 3856 651 3918 rebus
667 3855 827 3936 adjectum
845 3852 877 3912 in
893 3849 1123 3914 commercium
1138 3847 1271 3910 adferre.
1294 3845 1385 3917 Quid
1398 3861 1485 3907 sanc·
1549 3869 1550 3926 ;

191 3959 1008 4046 tiusEucharistiaquaeipsumcontinetlienur'l
1052 3959 1268 4022 locatamen
1291 3954 1483 4023 venderetur,

190 4084 222 4136 et
236 4085 394 4136 erueretur
408 4083 439 4134 et
456 4073 557 4154 panis,
573 4085 604 4135 et
618 4073 729 4135 viuum
742 4070 941 4136 Sacramcuti
958 4069 1100 4146 materia,
1116 4065 1387 4162 suppellectilium
1398 4083 1482 4136 usus,
1549 4091 1550 4152 3

190 4182 343 4264 adjuncta
369 4201 518 4265 quaeque
542 4181 708 4258 Sacrifioii,
734 4201 818 4262 quae
843 4189 929 4243 certo
955 4178 1054 4260 pretio
1078 4187 1237 4252 constant,
1262 4177 1369 4256 ipsum
1389 4175 1481 4237 etiam

190 4291 373 4355 Sacerdotis
400 4291 622 4370 ministerium,
648 4291 735 4372 quod
751 4292 812 4352 snb
837 4309 951 4371 operae
967 4285 1139 4368 corporalis
1166 4287 1271 4367 specie
1288 4285 1424 4358 ventem,
1444 4281 1483 4343 ab

190 4400 297 4462 avaris
311 4401 498 4462 hominibus
513 4399 760 4464 aestimandum.
793 4396 878 4462 Hiuc
894 4397 978 4459 mua
994 4403 1103 4456 essem
1116 4394 1226 4455 ootnia
1240 4391 1408 4461 Ecclesiae
1423 4401 1482 4448 stu·

189 4503 254 4588 dia,
270 4505 358 4572 inita
381 4505 493 4574 divina
507 4507 671 4592 mandata,
685 4525 783 4592 quae
794 4507 970 4572 amoniaca
995 4502 1394 4591 pentheupoeemater,
1416 4497 1481 4564 hor·
