3210 4990
605 425 660 443 ,a
739 349 744 362 '
1341 383 1407 456 no·

311 548 849 794 itttltttttlt
896 545 1197 788 tltttt

123 991 237 1094 un
263 979 634 1146 murone
651 981 964 1094 eunoun
980 987 1309 1090 unumne

437 1223 513 1336 uu
538 1219 1077 1338 uununnmuronmus

111 1497 237 1710 NON
258 1649 310 1706 est
323 1641 420 1706 valde
434 1641 569 1725 antiqua
590 1641 626 1707 iu
640 1641 789 1706 Ecclesia
804 1642 1086 1707 denuntiationum
1111 1637 1315 1725 publicarum
1330 1647 1406 1704 ante

110 1749 353 1816 celebrationem
378 1750 522 1834 conjngli
538 1749 775 1831 faciendarum,
795 1769 878 1833 quas
900 1749 997 1814 modo
1022 1748 1296 1833 proclamationes,
1312 1747 1409 1811 modo
1501 1825 1508 1839 .

109 1871 356 1942 programmata,
382 1859 478 1923 modo
493 1857 634 1923 francico
656 1855 814 1921 vocabulo
834 1861 944 1922 banno
968 1865 1093 1936 vocant,
1109 1855 1288 1938 disciplina,
1314 1847 1409 1938 cujus¹
1520 1897 1524 1906 .

109 1965 238 2046 scilieet,
254 1985 296 2032 ne
321 1969 411 2032 initio
426 1967 557 2050 quidem
572 1967 756 2031 duodecimi
778 1965 910 2045 saeculi,
928 1965 1099 2047 uestigium
1124 1963 1253 2027 nullum
1267 1963 1408 2045 adparet,

108 2075 385 2158 quemadmodum
399 2077 569 2141 deducitur
582 2094 625 2139 ex
640 2085 705 2139 toto
720 2075 865 2140 Gratiani
878 2076 988 2140 codice
1005 2093 1046 2137 co
1061 2085 1200 2156 tempore
1214 2073 1408 2151 elucubrate,

107 2185 139 2249 iu
152 2205 220 2268 quo
242 2187 285 2250 de
299 2187 422 2252 eisdem
437 2187 540 2251 altum
560 2185 724 2250 silentium
739 2196 795 2266 est,
821 2195 858 2247 ut
873 2189 1069 2268 praeteream
1092 2181 1287 2264 antiquiores
1311 2199 1407 2244 cano-

108 2285 187 2360 num
212 2295 429 2360 collectiones.
472 2291 622 2362 Tantum
636 2295 775 2379 tegimus
799 2293 887 2378 apud
900 2293 1102 2372 Gratianum,
1116 2289 1323 2354 consuevisse
1337 2291 1408 2373 plu-

109 2400 166 2462 ries
180 2411 297 2464 contra
321 2387 472 2486 conjugia
487 2403 628 2484 dissolri,
652 2403 739 2486 quod
762 2403 846 2466 iuter
868 2401 1053 2484 illegitimas
1068 2416 1219 2482 personas
1244 2411 1409 2464 contracta

108 2508 253 2590 forment,
279 2509 495 2576 deserentibus
510 2497 552 2575 od
578 2506 778 2595 Episcopum
800 2508 876 2574 viris
899 2511 1005 2594 probis
1019 2511 1062 2574 de
1085 2509 1250 2574 calumnia
1275 2511 1409 2575 minime

107 2617 274 2699 suspectis,
288 2628 322 2680 et
330 2617 538 2703 jurejurando
553 2614 752 2698 nstaudb'us,
768 2631 853 2701 quae
875 2620 1027 2701 'superaret
1040 2616 1279 2700 impedimenta,
1296 2637 1337 2680 ue
1352 2627 1422 2682 aut·

8 2749 9 2760 ¹
108 2731 350 2794 matrimonium
374 2731 621 2809 contraheretur,
639 2741 695 2794 aut
720 2731 1091 2794 contractum‘adversus
1115 2730 1201 2812 leges
1214 2729 1408 2810 consisteret,

108 2833 204 2918 nque
228 2811 435 2919 potissimum
449 2837 616 2902 moesone
641 2837 934 2916 edormiscam
956 2835 1138 2922 episopus
1159 2835 1410 2901 clareamus.

108 2947 210 3020 tmret,
236 2951 271 3004 et
285 2943 320 3005 itt
344 2939 607 3008 dioecesanorum
621 2963 727 3009 mores
751 2947 926 3030 generatim
956 2946 1137 3028 inquireret,
1151 2962 1223 3010 can.
1248 2947 1287 3027 3,
1303 2959 1335 3011 et
1361 2967 1408 3010 se·

108 3054 284 3133 queuttbtts
307 3055 395 3116 caris.
410 3053 460 3118 35.
484 3057 607 3138 quaest.
623 3055 662 3136 o,
678 3055 734 3138 qui
749 3073 890 3120 canones
905 3062 924 3119 e
939 3056 1125 3119 collectione
1139 3053 1315 3139 Reginonis
1331 3055 1423 3120 Pru-⁴

110 3161 240 3224 ruiensis
255 3161 392 3226 derivati
416 3159 556 3243 suemrit,
572 3178 637 3228 non
653 3173 762 3228 umen
787 3179 902 3228 omnes
914 3165 1042 3229 illomm
1058 3175 1135 3230 sunt
1149 3175 1324 3245 auctomm,
1339 3167 1409 3250 qui·

109 3265 167 3329 bus
181 3268 336 3350 adscripti
360 3273 380 3334 d
395 3270 550 3332 Gratiano
565 3269 694 3334 suerunt
708 3271 984 3352 quemadmodum
1009 3273 1090 3335 mihi
1100 3273 1170 3356 lam
1184 3269 1408 3338 adnotandum

110 3373 168 3438 mit
192 3377 227 3440 iu
240 3381 323 3440 ‘meis
350 3377 625 3443 lucubrationibus
650 3379 683 3442 lu
709 3380 911 3444 Gratianum.
955 3381 1067 3465 Coepit
1091 3383 1173 3445 haec
1195 3381 1409 3446 denuntiatio·

112 3501 189 3548 uum
203 3481 374 3568 discipline
389 3486 562 3569 singularis
575 3504 647 3551 ease
662 3489 694 3552 ln
711 3489 874 3571 aliquibus
888 3491 1068 3574 provinciis,
1085 3477 1298 3556 sollicitudine
1314 3489 1407 3578 Epis-

111 3577 261 3672 oupcrom
285 3593 502 3674 quorumdam
518 3593 654 3675 inrecta,
679 3597 735 3680 qni
750 3599 853 3662 satius
868 3596 1040 3680 dttxeruut,
1070 3599 1179 3684 palam
1193 3619 1304 3664 omnes
1319 3619 1410 3688 roga·

114 3715 152 3776 re,
166 3699 207 3762 de
230 3699 419 3782 aperiendis,
445 3701 472 3765 si
494 3719 578 3785 quae
599 3705 775 3788 subessent,
799 3706 939 3792 conjugii
962 3707 1207 3794 impedimentis,
1234 3708 1409 3795 antequam

113 3811 357 3890 muncheretur,
383 3828 542 3894 suspenso
563 3795 683 3878 interea
708 3817 864 3900 conjugio,
889 3835 989 3900 quam
1015 3819 1144 3901 passim,
1160 3829 1192 3883 et
1217 3823 1286 3885 sine
1302 3823 1409 3886 discri-

113 3938 153 3984 ue
166 3941 389 4018 quoscumque
404 3920 446 3984 ad
472 3922 730 3988 contrahendum
745 3925 921 4006 admittere,
948 3925 1073 4004 deinde,
1090 3927 1117 3988 si
1144 3927 1410 4010 impedimentum

114 4032 556 4115 proderetur,·dlssociandos.
600 4035 639 4102 Id
652 4015 797 4122 riguisse
822 4039 856 4102 in
885 4031 1090 4103 Bcllnacensi
1115 4039 1286 4105 Provincia
1301 4043 1361 4106 sub
1376 4043 1410 4107 fi-

8 4179 9 4192 t
114 4159 185 4206 uem
201 4143 392 4224 duodecimi,
417 4155 475 4209 aut
489 4145 550 4209 snb
575 4145 704 4212 initium
718 4148 835 4212 decimi
861 4149 943 4212 tertii
959 4147 1088 4229 saeculi,
1110 4159 1243 4212 testatur
1257 4149 1412 4214 Innocen-

112 4251 174 4315 tius
197 4237 255 4317 ΠΙ.
271 4253 305 4317 in
332 4270 402 4338 cap.
416 4255 468 4320 27.
495 4253 535 4319 de
550 4231 734 4341 sponsalib,
760 4233 815 4324 ubi
838 4261 1022 4326 bannorum
1046 4278 1164 4325 nomen
1189 4263 1331 4345 occurrit,
1347 4283 1412 4348 quo

110 4359 370 4428 denuntiationes
396 4365 629 4452 significantur.
673 4370 770 4433 Auno
784 4371 935 4460 ¹primum
959 4371 1049 4434 1215.
1066 4372 1099 4435 in
1126 4371 1268 4434 Concilio
1283 4371 1422 4437 Latera·-

113 4473 206 4538 ususi
219 4471 281 4539 rub
306 4472 494 4540 innocentio
508 4473 567 4542 tn
591 4475 749 4542 celebrato
764 4479 936 4563 singularis
965 4477 1020 4542 ille
1035 4477 1157 4561 aliquot
1171 4475 1413 4544 Provinciorum
