3168 4982
169 358 234 427 200
453 369 457 376 ’
526 383 768 431 nrssssrsrro
789 385 945 448 aornar,
967 387 1047 449 cur,
1066 365 1123 434 tt.

165 503 272 568 eidem
297 503 483 588 Imperatori
498 506 569 572 suit.
613 509 705 572 Haec
726 509 852 592 justitia
877 510 1025 594 publicae
1051 511 1229 574 honestatis
1253 511 1388 594 probata
1408 511 1478 576 rtur

166 617 264 680 variis
290 617 487 684 Pontificum
502 621 722 685 MaxImorum
748 623 915 704 rescriptis,
937 621 1018 686 adeo
1043 633 1080 686 ut
1094 623 1137 685 ad
1152 641 1207 684 cos
1233 641 1336 705 usque
1351 623 1477 706 gradus

164 725 376 805 protrahatur,
404 727 445 788 ad
461 745 542 808 quos
567 729 721 792 adfinitas
744 741 902 813 protracta
927 730 997 810 fuit,
1020 733 1231 814 quamobrem
1256 731 1477 814 bodicusque

165 831 208 894 ad
234 845 385 914 quartum
412 835 551 918 gradum
577 839 819 902 matrimonium
844 838 985 922 impedit,
1012 859 1221 923 quamquam,
1253 842 1299 904 uti
1323 841 1478 924 superius

165 963 224 1009 suo
239 945 310 1008 loco
335 947 529 1024 dictumest,
546 967 612 1012 non
638 949 722 1012 adeo
735 931 933 1013 extendatur
957 971 1004 1030 ea,
1027 971 1111 1034 quae
1126 973 1168 1014 ex
1194 953 1398 1036 sponsalibus
1414 951 1477 1014 ori-

165 1065 216 1119 tur
225 1057 325 1139 juxta
340 1055 477 1119 Ooncilii
493 1057 678 1120 Tridentini
693 1059 947 1122 constitutiones.
991 1059 1092 1128 Quod
1109 1059 1135 1120 si
1150 1077 1297 1140 quaeras,
1313 1077 1356 1120 an
1372 1057 1475 1120 etiam

164 1181 207 1224 ex
222 1163 427 1225 matrimonio
453 1163 546 1243 irrito,
561 1163 613 1225 rel
639 1163 797 1228 dissoluto
811 1185 862 1228 ex.
889 1185 934 1248 gr.
950 1185 1006 1249 per
1021 1167 1202 1248 ingressum
1225 1165 1257 1228 iu
1274 1153 1474 1246 religionem,

166 1271 229 1334 hoc
254 1272 524 1354 impedimentum
539 1273 647 1336 locum
672 1273 799 1353 habeat,
827 1273 1065 1336 admfirrnative
1087 1271 1273 1357 respondeo,
1287 1267 1351 1332 nisi
1366 1267 1479 1332 matri·

165 1381 312 1443 monium
337 1381 463 1444 irritum
476 1379 580 1460 fuerit,
608 1398 652 1443 ex
667 1381 795 1444 defectu
820 1399 1006 1460 consensus,
1023 1391 1110 1464 puta,
1128 1381 1272 1463 quievi,
1302 1391 1360 1443 aut
1374 1389 1485 1470 metu,

164 1497 222 1549 out
237 1505 339 1550 errore
354 1497 564 1570 contractum3
581 1491 659 1570 qula
674 1501 705 1552 et
720 1489 754 1552 id
769 1491 803 1552 iu
830 1491 1035 1573 sponsalibus
1050 1490 1128 1578 olim
1143 1487 1314 1570 obtinebat,
1330 1509 1399 1572 cap.
1416 1505 1482 1555 un.

164 1595 205 1660 de
231 1597 371 1678 sponsal.
388 1597 422 1660 in
442 1599 476 1660 ’6.
521 1597 565 1660 Et
580 1617 783 1680 quamquam
808 1601 841 1662 in
867 1601 1072 1683 sponsalibus
1098 1601 1190 1664 aliter
1207 1603 1304 1664 bodie
1330 1614 1480 1665 servetur

163 1727 205 1771 ex
220 1727 307 1770 nova
331 1707 516 1772 Tridentini
543 1709 681 1772 Consilii
705 1711 941 1791 constitutione,
969 1731 1045 1774 sess.
1071 1711 1124 1775 24.
1150 1711 1191 1775 tle
1206 1713 1348 1776 Reform.
1363 1713 1477 1776 matri-

163 1835 249 1881 mon.
266 1837 336 1901 cap.
352 1819 392 1898 3.,
408 1819 622 1882 nihilominus
638 1820 769 1884 firmum
796 1831 906 1884 monet
916 1823 970 1904 jus
985 1831 1080 1884 vetus
1095 1822 1129 1884 in
1145 1821 1193 1903 iis,
1208 1841 1293 1904 quae
1309 1821 1351 1886 ad
1366 1822 1480 1885 matri·

163 1929 273 1991 monia
288 1927 457 2010 pertinent,
471 1929 549 2010 quia
564 1929 598 1990 in
613 1930 682 2012 ejus
693 1929 775 2014 juris
791 1930 1033 2010 abrogationem
1048 1929 1235 1995 Tridentini
1261 1931 1372 1994 Patres
1386 1949 1483 1995 men·

163 2035 285 2101 tionem
311 2047 439 2100 tantum
454 2036 495 2100 de
522 2035 733 2119 sponsalibus,
750 2057 816 2100 nou
843 2037 883 2100 de
898 2038 1103 2101 matrimonio
1118 2049 1185 2102 rato
1215 2037 1367 2102 feceruut.
1411 2038 1483 2102 No·

164 2141 342 2225 querimus,
369 2143 498 2206 trullam
520 2143 598 2207 olim
627 2143 728 2206 luisse
757 2160 945 2227 expressam
970 2145 1234 2207 constitutionem
1257 2145 1300 2208 de
1324 2145 1481 2208 irritando

165 2245 377 2333 matrimonio,
404 2253 458 2316 cui
472 2253 607 2316 'obicem
632 2261 764 2334 poneret
783 2251 909 2336 justitia
938 2251 1087 2334 publicae
1113 2253 1291 2316 honestatis
1312 2271 1353 2316 ex
1367 2254 1483 2337 conju-

165 2365 218 2448 gio
234 2365 320 2427 irrito
346 2375 437 2428 extra
452 2383 589 2427 causam
615 2361 760 2426 desectus
775 2381 962 2443 consensus,
990 2363 1048 2426 sed
1064 2363 1126 2426 hoc
1142 2363 1312 2428 indoctum
1328 2363 1485 2446 exemplo

165 2475 314 2560 publicae
329 2473 508 2538 honestatis
524 2493 565 2537 ex
581 2473 787 2557 sponsalibus
802 2471 1042 2555 proficiscentis;
1060 2481 1290 2555 proptereaque
1305 2473 1383 2536 satis
1398 2471 1483 2542 fuis-

165 2605 200 2648 se
225 2583 429 2648 Tridentinis
452 2583 603 2647 Patribus
628 2581 836 2665 abrogssisse
862 2579 945 2644 illud
974 2581 1245 2664 impedimentum
1271 2585 1304 2646 ln
1319 2582 1484 2664 sponsali·

164 2691 235 2771 bus,
264 2703 299 2754 ut
313 2702 496 2754 censeretur
522 2690 713 2772 abrogatum
739 2691 773 2752 in
800 2675 1022 2752 matrimoniis.
1067 2689 1201 2753 Etenim
1227 2690 1369 2754 multum
1392 2692 1481 2756 baec

165 2796 296 2861 distant:
324 2815 402 2861 nam
417 2797 559 2861 validius
583 2809 632 2861 est
646 2797 816 2862 vinculum
839 2798 1035 2862 matrimonii
1065 2799 1134 2879 rati,
1147 2816 1248 2890 quam
1262 2801 1479 2884 sponsaliunn

166 2907 378 2989 quamobrem
404 2907 513 2971 statim
528 2925 567 2970 ac
592 2925 699 2971 nexus
714 2905 848 2988 quidam
875 2907 1079 2990 sponsalibus
1102 2909 1267 2988 adseritur,
1294 2908 1407 2973 fortius
1422 2907 1486 2975 ad-

168 3017 282 3080 seritur
306 3018 511 3081 matrlmonio
527 3027 605 3096 rato,
631 3017 729 3079 etiam
754 3015 841 3080 facta
866 3017 1188 3098 argumentationes
1214 3016 1420 3098 sponsalibus
1434 3017 1483 3082 ad

168 3127 381 3205 matrimonia,
408 3125 480 3208 lege
494 3125 648 3190 nimirum
672 3143 825 3208 expressa
840 3135 987 3205 respectu
1001 3125 1280 3188 matrimoniorum
1296 3124 1481 3209 deficiente3

169 3235 327 3299 utstatim
352 3254 391 3297 ac
406 3233 523 3298 deinde
538 3253 644 3298 nexus
666 3233 801 3316 quidam
826 3231 1005 3314 denegatur
1030 3235 1243 3317 sponsalibus,
1270 3253 1335 3298 non
1359 3233 1484 3300 exinde

170 3343 271 3409 veluti
287 3363 342 3427 per
356 3343 621 3426 consequentiam
637 3341 834 3424 denegatum
857 3343 1046 3424 intelligitur
1061 3345 1358 3408 matrimoniorum.
1402 3345 1483 3412 Non

169 3471 251 3533 opus
277 3448 525 3533 probationibus,
541 3449 673 3532 quando
699 3449 829 3527 scimus,
846 3447 878 3510 id
894 3447 1061 3530 perspicue
1081 3447 1253 3540 definitum
1267 3449 1404 3515 suissed
1421 3451 1488 3516 Pio

170 3561 208 3628 V.
225 3563 259 3625 in
281 3561 517 3641 constitutione,
533 3580 618 3644 quae
644 3559 765 3642 incipit:
789 3559 1052 3624 reuomentes
1071 3559 1216 3624 62.'anni
1233 3562 1324 3626 1568.
1341 3563 1487 3636 Colend.

172 3671 260 3737 Julii.

212 3781 537 3866 Consanguinitatem
565 3797 694 3862 quoque
720 3797 762 3843 ex
787 3777 943 3861 figmento
968 3777 1110 3842 Romani
1135 3778 1221 3842 Juris
1247 3779 1391 3844 imitatur
1413 3781 1485 3848 alia

171 3887 384 3966 necessitudo,
404 3887 597 3950 confirmata
622 3885 763 3968 primum
777 3875 1011 3970 Imperatorum
1036 3887 1172 3969 legibus,
1188 3883 1304 3950 deinde
1320 3889 1418 3952 etiarn
1428 3891 1487 3975 ju-

172 4017 206 4061 re
221 3995 451 4060 Ecclesiastico
476 3995 692 4078 comprobata3
709 3996 863 4060 nimirum
892 4015 939 4076 ea,
955 4015 1040 4078 quae
1054 4015 1095 4059 ex
1122 3995 1293 4079 adoptione
1308 3989 1486 4080 proficisci·

172 4119 232 4186 tur,
248 4119 360 4188 estque
375 4107 416 4170 ob
431 4125 504 4168 eam
519 4125 653 4168 causam
670 4105 792 4189 nuptiis
805 4105 1043 4188 impedimento,
1058 4127 1129 4170 can.
1143 4107 1172 4169 6.
1187 4125 1276 4170 caus.
1293 4109 1343 4172 30.
1354 4123 1485 4191 quaest.

172 4213 212 4294 3,
228 4233 298 4296 cap.
315 4233 370 4278 un.
394 4211 435 4275 de
460 4213 651 4295 cognatione
666 4213 771 4296 legati,
788 4213 808 4276 l.
837 4213 885 4276 14.
903 4215 952 4276 17.
969 4215 1019 4277 55.
1035 4213 1067 4276 ff.
1084 4212 1124 4276 de
1140 4213 1202 4276 ritu
1217 4213 1366 4296 nuptiae,
1381 4215 1402 4278 l.
1418 4215 1487 4298 23,

172 4335 204 4386 et
218 4323 269 4386 44.
285 4321 317 4385 ff.
345 4321 385 4384 de
401 4319 573 4404 adoption,
603 4324 624 4388 l.
645 4321 685 4402 2.,
701 4333 732 4384 et
747 4321 777 4386 3.
794 4323 894 4385 instit.
917 4319 958 4382 de
973 4329 1072 4403 nupt,
1098 4321 1210 4403 juncta
1224 4319 1244 4382 l.
1260 4319 1289 4384 4.
1308 4323 1329 4387 1.
1346 4321 1375 4383 2.
1390 4319 1423 4383 ff.
1439 4321 1488 4385 do

173 4431 274 4516 grad,
297 4441 330 4494 et
343 4429 442 4494 adfin.
487 4429 593 4494 Nemo
608 4429 742 4514 dubitat,
769 4431 850 4515 quin
877 4441 953 4494 unte
978 4447 1080 4494 noras
1095 4429 1115 4494 J
1118 4429 1272 4496 ustiniani
1298 4429 1386 4512 leges
1400 4415 1494 4497 haee
