3146 4980
324 358 372 403 ne
388 323 649 404 ersmeorreue
665 343 828 402 conseerr
843 355 964 404 erote
978 353 1175 400 vincemur.
1336 327 1400 398 ild

28 459 30 468 ’
115 489 359 546 consummatum
386 491 453 543 rato
472 475 622 564 conjugio
648 478 864 562 praetulerint,
890 477 977 560 quod
1001 475 1166 540 crederent
1191 473 1225 537 in
1250 458 1403 559 eerrjugte

117 597 231 650 tanturn
244 573 311 650 rate
323 602 393 650 esse
408 587 598 670 mysterium
610 586 845 670 conjunctionis
860 584 987 662 Christi,
1003 594 1033 645 et
1047 581 1223 660 Ecclesiae,
1239 581 1401 646 atrocen,

110 697 189 779 jugie
203 691 424 760 consummato
439 717 508 759 esse
524 697 714 779 mysterium
730 693 964 778 conjunctionis
978 693 1117 756 duorum
1139 700 1337 771 naturarum,
1353 690 1400 754 di·

114 801 198 864 rinae
213 811 241 864 et
264 803 430 866 humanae
444 805 479 866 in
497 823 561 866 une
584 803 703 866 Christi
719 795 874 866 Persona:
914 799 1140 863 condonanda
1151 811 1237 864 esset
1250 800 1332 863 haee
1346 800 1400 867 ob·

113 913 237 976 serratio
250 915 406 978 Aseee‘ets
422 915 616 994 hominibus,
642 916 698 996 qui
715 915 907 996 plastaeque
928 913 1139 996 proveherent
1153 927 1259 975 terum
1274 911 1402 976 divine-

112 1037 174 1088 mm
188 1025 417 1104 meditationes,
445 1043 528 1107 quas
543 1026 651 1088 minus
667 1035 739 1106 epte
766 1025 860 1086 certis
874 1024 1045 1085 hominum
1059 1022 1184 1085 actibus
1200 1022 1302 1086 veluti
1318 1021 1411 1103 ligre

28 1121 29 1124 '
112 1131 147 1193 ris
161 1132 411 1214 adcunrodarentp
428 1150 465 1195 ae
478 1132 785 1197 iurisconsultorum
797 1131 992 1214 'prudentiae
1005 1149 1119 1212 parum
1134 1141 1211 1213 apta
1226 1149 1296 1194 enee
1311 1132 1398 1194 vido-

110 1249 161 1303 ltu.
177 1249 182 1255 '
201 1241 505 1324 (laeternmepinio
519 1242 609 1320 haee,
635 1259 701 1322 qua
716 1240 871 1317 credatur,
900 1243 1051 1322 majorem
1068 1257 1137 1300 esse
1162 1239 1230 1300 uim
1248 1255 1399 1300 eonsum-

110 1351 179 1412 mati
192 1351 393 1430 matrimonii,
422 1368 522 1432 quam
538 1352 605 1430 rati,
631 1367 857 1430 quaecumque
871 1367 980 1426 cause,
997 1358 1053 1410 aut
1068 1348 1147 1412 ratio
1163 1347 1311 1430 fingetur,
1330 1366 1398 1429 per·

109 1459 384 1523 vesitduedeoimo
409 1459 538 1522 saeculo
563 1459 704 1541 plurium
720 1459 856 1536 animes,
881 1459 1090 1520 immoetiam
1117 1455 1317 1540 recepte-suit
1334 1460 1414 1540 eina*¹

108 1564 260 1644 gularibus
284 1564 468 1646 eliquatum
485 1565 728 1630 Provinciarum
744 1566 1041 1646 consuetudinibus,
1065 1569 1159 1650 juxta
1174 1586 1258 1648 ques
1273 1567 1396 1649 aliquot

107 1670 266 1735 Pontifices
290 1673 453 1766 Maximos
478 1675 689 1756 respondisse,
718 1681 850 1736 testetur
875 1673 1059 1736 Alexander
1085 1675 1142 1736 ΙΙΙ.
1160 1675 1191 1738 iu
1216 1694 1284 1756 eap.
1308 1675 1337 1736 3.
1355 1675 1396 1740 de

107 1797 210 1862 sponsa
224 1781 374 1861 duorum,
401 1792 433 1844 et
447 1781 614 1845 eieriusiu
630 1799 699 1863 cep.
728 1781 757 1844 3.
773 1781 843 1844 eod.
871 1783 917 1846 tit.
933 1781 966 1844 in
984 1783 1010 1843 1.
1037 1780 1224 1844 eolieetiene
1247 1781 1278 1844 D
1290 1791 1396 1846 erote-

107 1881 220 1951 littm'in
234 1888 297 1952 iliis
308 1889 423 1951 verbis:
445 1888 614 1961 Qtremois
629 1889 768 1973 quidem
782 1889 843 1952 etti
855 1889 953 1950 aliter
968 1889 1121 1966 sentient,
1137 1896 1168 1951 el
1182 1889 1279 1952 allier
1295 1891 1396 1954 etiam

107 1995 327 2077 equitandum
351 1995 666 2060 Praedonesaert'dus
681 1995 803 2059 trusione
824 1996 870 2057 sit
896 1995 1075 2078 aliquando
1096 1995 1290 2073 indicatum.
1335 1999 1395 2066 Ve.

104 2115 165 2164 tum
178 2113 349 2185 postquam
365 2104 496 2168 reniam
522 2103 706 2169 dederimus
721 2106 765 2167 ita
791 2105 1006 2186 opinantibus,
1033 2105 1120 2187 quod
1146 2117 1225 2172 turre
1241 2113 1395 2195 temporis

103 2208 339 2291 vulgetis'esset
366 2211 650 2291 clandestinorum,
677 2223 708 2276 et
723 2233 806 2295 quae
833 2235 876 2277 err
901 2217 1161 2300 praesumptione
1186 2233 1393 2304 emergerent,

90 2319 321 2384 -munubiorum
336 2321 545 2401 consuetudo,
562 2338 621 2384 neo
637 2321 730 2384 tacite
745 2332 828 2384 esset
843 2323 1018 2404 estendere,
1036 2341 1234 2392 eonsensum
1249 2327 1290 2392 de
1304 2349 1392 2412 prae-

103 2429 174 2492 senti
186 2427 430 2498 interfuissem
445 2430 548 2510 primo
573 2431 730 2515 oetrjugio,
759 2431 813 2494 ubi
828 2430 918 2494 aliud
943 2432 1131 2514 eonjugium
1156 2435 1300 2498 seeundo
1322 2435 1391 2500 loeo

104 2535 216 2619 initum,
231 2549 264 2602 et
278 2552 542 2604 consummatum
558 2539 732 2621 adpareret,
759 2540 998 2618 eonuludemur,
1013 2551 1046 2603 et
1062 2543 1253 2624 opinionem,
1269 2553 1300 2606 at
1314 2563 1392 2609 cen·

90 2645 362 2708 ¹suetudinesilles
377 2645 558 2726 singulares
572 2647 707 2710 omnine
719 2645 819 2709 fuisse
841 2643 1022 2726 damnatas,
1039 2665 1098 2714 nee
1114 2649 1303 2730 generaliter
1317 2671 1390 2716 tna·-

95 2751 307 2832 joremdatarn
322 2753 421 2818 fuisse
436 2767 668 2832 consummate,
685 2773 783 2835 qurum
801 2765 868 2818 rato
883 2765 1010 2818 tautum
1026 2759 1173 2839 cunjugio
1189 2757 1382 2841 firmitatem,

99 2853 173 2920 tiioto
185 2876 255 2944 cap.
268 2861 311 2938 n,
328 2869 359 2922 et
372 2861 432 2924 ttltt
447 2863 490 2924 de
503 2863 784 2945 sperrsefduorum.
827 2863 891 2925 Alit
907 2864 1129 2928 Jusuntenum
1155 2870 1258 2934 secuti
1273 2871 1307 2932 iu
1322 2871 1386 2934 die÷
1401 2843 1402 2848 ἵ

97 2973 124 3026 ta
138 2966 156 3027 Ι.
171 2967 218 3030 53.
234 2969 305 3032 eod:
332 2969 372 3032 de
387 2969 507 3053 Epioe,
523 2981 554 3034 et
568 2971 662 3050 oter,
689 2983 721 3033 et
735 2971 820 3036 dieta
836 2969 917 3033 Neu.
933 2973 984 3034 22.
1001 2971 1207 3053 tradiderunt,
1235 2974 1310 3038 ideo
1320 2976 1390 3045 dis·
1412 3031 1434 3075 ἱ

97 3073 171 3138 mlvi
183 3079 369 3162 eonjugium
392 3091 498 3142 retum
511 3083 762 3163 perlegi-essum
778 3081 960 3146 alterutrius
980 3085 1174 3166 coniugis-in
1191 3085 1386 3170 religionem,

94 3181 162 3261 quia
175 3183 340 3266 religiosus
356 3197 481 3248 mortue
496 3189 730 3270 aequiparatur,
746 3200 936 3271 argumento
951 3195 1084 3256 canonis
1106 3195 1168 3274 53,
1181 3205 1214 3257 et
1228 3196 1275 3262 tt
1293 3217 1382 3264 caus.

94 3289 120 3351 2.
133 3301 250 3372 quaest.
267 3295 297 3356 7.
341 3293 405 3356 Sed
416 3311 517 3360 nemo
533 3298 639 3358 statim
664 3315 728 3359 non
746 3299 839 3376 ridet,
867 3299 928 3362 irae
944 3317 976 3360 rn
993 3319 1027 3361 re
1051 3299 1173 3367 fietieui
1199 3303 1383 3383 praevalere

92 3401 394 3482 renutemvdenere,
422 3417 520 3486 etque
542 3404 690 3468 eamdem
717 3406 889 3486 fictionem,
904 3409 1040 3490 -quoties
1066 3409 1263 3490 admittatur,
1286 3412 1380 3477 facile

89 3519 279 3590 operaturam
301 3512 453 3576 eumdem
468 3512 619 3576 effectum
645 3515 677 3576 in
694 3516 898 3578 matrimonio
917 3530 1150 3582 consummato.
1193 3522 1258 3584 Alii
1274 3527 1388 3589 secuti·

88 3627 115 3678 et
127 3614 310 3702 Gregorium
327 3621 486 3702 Magnum
502 3623 536 3686 in
551 3639 622 3684 eun.
641 3623 700 3699 19,
715 3634 746 3686 et
760 3623 810 3688 tt.
828 3643 915 3686 caus.
931 3619 980 3692 27.
998 3636 1121 3706 quaest.
1137 3627 1175 3707 2,
1192 3637 1223 3690 et
1237 3629 1379 3694 Alexan·
1474 3689 1479 3704 ,

89 3724 170 3792 dmm
184 3731 242 3794 ili.
258 3729 292 3792 in
319 3749 388 3811 cap.
404 3730 439 3792 2:
450 3729 491 3791 de
516 3747 660 3792 convers.
676 3733 846 3814 eeujrrgat,
874 3731 1078 3812 tradiderunt,
1099 3744 1168 3796 tum
1184 3734 1315 3800 demum
1332 3755 1378 3800 re·

88 3853 227 3920 pugnare,
254 3837 576 3920 alterum-conjugem
603 3838 814 3902 ntenostieatit
841 3838 979 3923 profiteri
1005 3840 1116 3918 vitam,
1141 3840 1273 3922 quando
1297 3841 1376 3906 iacti

87 3957 150 4009 sunt
163 3967 230 4011 nno
243 3965 327 4026 care,
354 3967 395 4010 ne
411 3947 490 4010 illud
507 3947 684 4010 absurdum
711 3947 847 4026 eveniet,
875 3958 991 4010 rit-ture
1017 3947 1195 4030 eademque
1220 3968 1293 4012 earo
1309 3967 1384 4034 uno¹

85 4049 246 4136 eodemque
272 4065 413 4136 tempore
439 4054 471 4116 in
502 4053 695 4118 illoneeterio
720 4056 770 4136 sit,
796 4067 826 4116 et
850 4067 942 4118 extre
965 4057 1205 4121 Mouastetium.
1251 4058 1374 4125 Verum

85 4148 236 4242 quousque
260 4163 324 4226 ieta
338 4163 418 4226 ratio
441 4163 532 4226 nobis
547 4161 678 4242 indicat,
701 4175 732 4226 et
747 4163 931 4245 Alexandri,
959 4177 989 4228 et
1016 4167 1158 4249 Gregorii
1181 4187 1256 4230 eem
1270 4165 1372 4234 fuisse

85 4271 270 4352 seutentiam,
286 4279 323 4333 ut
338 4271 524 4354 eonjugium
535 4282 798 4336 consummatum
813 4291 878 4336 nen
891 4271 1093 4352 dissolvetur,
1110 4272 1244 4356 quando
1257 4272 1369 4338 dissol-

84 4369 155 4438 titur
168 4387 272 4442 retum
298 4375 447 4460 religiose
462 4387 572 4443 secute
599 4379 801 4464 professione,
827 4379 923 4446 iaeile
938 4383 1135 4467 admittetur,
1162 4383 1220 4448 ned
1240 4385 1267 4449 si
1282 4371 1369 4470 quit-
