3216 4988
70 375 75 385 ι
188 347 279 414 ‘2⁰0
448 370 538 418 eras
556 371 680 434 rarus,
703 337 949 423 'praesensere
964 375 1114 440 essert,
1141 380 1218 426 cnr.
1234 360 1293 426 ΙΙΙ.

214 487 462 574 nederusen,
487 497 543 580 qui
560 497 704 562 Felicem
719 507 893 582 martyrem
920 513 1050 565 secutus
1064 513 1113 566 est
1128 513 1250 586 sponte,
1271 503 1348 568 etin
1364 504 1495 587 martyrio

214 601 359 664 accessit.
402 603 457 666 Sic
471 605 569 667 etiam
595 603 691 668 hodie
706 617 763 670 aut
778 593 914 686 Latinis,
940 619 998 672 aut
1010 610 1143 674 Graecis
1158 609 1360 693 appellativis
1379 611 1494 672 nomint·

213 709 275 774 bus
291 711 418 788 utimur,
445 713 487 775 ad
503 712 750 796 distinguendos
766 728 888 778 veteres
909 717 1046 780 Sarrctos
1061 717 1164 782 veluti
1179 737 1256 783 cum
1271 720 1351 797 illos,
1372 719 1492 796 lustum,

190 819 368 902 recusem,
397 822 502 900 Pium,
526 823 752 902 Fortunatum,
784 811 947 904 Victorem,
963 825 1184 905 Theodorum,
1211 825 1495 908 Theoph'ylumno

201 930 389 994 retinemus.
433 932 534 1002 Qnod
550 932 689 1015 denique
714 935 901 1032 spectat³ad
926 935 1169 1000 translationem
1192 937 1406 1019 reliquiarum,
1426 943 1496 1010 sunt,

190 1041 270 1122 qui
287 1051 409 1122 putant,
426 1041 570 1123 insignes
585 1035 779 1105 Sanctorum
796 1028 970 1125 reliquies'
963 1061 994 1106 ru
1013 1063 1078 1108 ntra
1105 1043 1254 1106 Ecclesia
1268 1042 1368 1106 semel
1382 1041 1495 1104 colloca

150 1219 152 1224 ,
193 1161 272 1230 tas,
288 1169 330 1212 ue
349 1149 499 1232 Episcopi
524 1151 656 1232 quidem
673 1153 866 1216 enormitate
887 1171 979 1234 posse
994 1137 1035 1215 rio
1061 1153 1391 1234 donationisqnidem
1412 1167 1495 1214 causa

190 1271 304 1324 lextra
320 1259 409 1322 illam
436 1259 617 1322 Ecclesiam
634 1259 820 1343 adsportarr,
846 1261 956 1322 etalio
971 1259 1140 1332 transferri,
1157 1260 1251 1342 qnasi
1274 1259 1307 1321 id
1325 1259 1449 1321 vetitum
1462 1257 1495 1318 sit

212 1370 429 1452 inextravag
458 1385 511 1432 un.
527 1370 646 1432 derob.
665 1369 789 1432 Eccles
816 1377 881 1432 non
898 1369 993 1432 alren
1008 1371 1065 1433 int
1081 1389 1209 1448 comm,
1233 1369 1370 1449 ideoque
1383 1365 1494 1450 Episco

204 1499 270 1564 pos
286 1480 317 1542 id
335 1480 490 1544 facientes
506 1482 615 1564 poenis
627 1482 666 1544 iu
679 1481 792 1544 eadem
809 1465 1042 1564 extravagante
1057 1483 1217 1564 expressis
1232 1483 1407 1565 subjacere
1429 1477 1496 1542 Pon·

211 1593 242 1657 lo
258 1594 351 1656 aliter
365 1591 498 1656 definire
524 1592 627 1670 solent
643 1591 881 1673 prudentissimi
900 1592 968 1669 viri,
994 1609 1130 1673 quorum
1142 1591 1263 1676 judicio
1286 1591 1496 1672 improbaretur

211 1699 343 1782 quidem
365 1701 513 1782 Episcopi
530 1700 650 1762 sactrnn
668 1699 818 1780 reliquias
840 1699 882 1761 dc
898 1719 962 1764 una
980 1700 1012 1762 in
1029 1699 1161 1779 alteram
1181 1699 1365 1762 Ecclesiam
1386 1695 1497 1760 ιιιιιιιίιιἼ

191 1811 316 1888 tronus,
334 1813 500 1872 nonenim
517 1810 614 1872 tantis
631 1809 824 1890 pignoribus,
840 1824 879 1870 ac
896 1810 1114 1871 monumentis
1135 1809 1358 1890 locupletatae,
1373 1821 1497 1870 onratae·

210 1941 275 2003 que
306 1921 471 1984 Ecclesiae
495 1919 682 2002 spoliandae
709 1933 795 1998 suun
821 1915 982 1982 caeterum
1007 1939 1071 1983 non
1087 1907 1296 1984 damnaretur
1324 1921 1494 2003 Episcopus,

192 2029 273 2092 misi
289 2027 551 2090 extraordinariis
567 2027 812 2111 poeuisjudicio
827 2029 998 2109 superioris
1013 2026 1215 2100 deliniarrdis,
1240 2049 1303 2092 non
1323 2033 1429 2111 poenis
1443 2029 1498 2092 lau·
1570 2051 1571 2126 j

190 2135 308 2199 ¹datae
333 2139 584 2218 extravagantes,
614 2149 721 2218 utpote
747 2157 831 2218 qnae
857 2137 899 2200 ad
927 2139 1014 2200 hana
1040 2139 1244 2204 alienationis
1259 2144 1400 2224 speciem
1423 2141 1498 2204 nullo

194 2245 308 2310 'modo
324 2259 478 2328 pertrnerc
494 2245 628 2309 videtur.
674 2247 723 2309 De
740 2245 890 2327 eliquils,
906 2265 990 2327 quae
1007 2248 1037 2308 in
1067 2245 1221 2309 Ecclesiis
1237 2267 1301 2311 uon
1328 2249 1497 2311 custodiun-

211 2369 272 2436 tur,
287 2357 345 2418 sed
362 2361 557 2438 privatorum
583 2355 745 2420 devotioni
761 2371 932 2417 concessae
956 2353 1129 2436 asirrgnlis
1144 2353 1293 2416 fidelibus
1320 2354 1495 2430 detinentur,

193 2465 341 2530 .libertas
357 2467 532 2546 unicnique
547 2467 637 2544 inest,
656 2478 690 2527 nt
708 2467 739 2528 in
755 2445 978 2546 quoscumnne
995 2463 1155 2528 transferri
1178 2471 1197 2528 a
1213 2464 1429 2530 detinentibus
1443 2483 1499 2546 pos·

211 2580 285 2658 siut,
302 2579 513 2642 dnmnrodoa
534 2579 721 2656 venditione,
738 2593 794 2640 aut
808 2595 1016 2658 quocumque
1030 2577 1222 2653 commercii,
1247 2590 1279 2639 et
1293 2589 1444 2659 quaestus
1457 2595 1498 2660 ge-

181 2705 288 2798 ·nere
303 2687 510 2765 abstineatur,
536 2685 813 2767 quemadmodum
829 2697 936 2767 aperte
952 2686 1050 2748 sacris
1075 2685 1255 2748 canonibus
1270 2685 1438 2750 definitum
1451 2695 1498 2762 est,

113 2863 116 2870 ,
212 2814 284 2877 cap.
298 2795 329 2858 2.
345 2797 386 2858 do
401 2795 498 2877 reliq,
514 2807 545 2858 ct
562 2813 668 2858 vener.
684 2795 839 2872 sanctor,
855 2793 965 2876 etjam
982 2805 1104 2857 veteres
1128 2797 1362 2860 constituerant
1377 2795 1500 2880 religiosi
1569 2869 1570 2882 ,

198 2905 425 2991 desperatores
441 2907 475 2969 iu
491 2903 511 2966 l.
526 2903 556 2968 3.
570 2903 643 2967 cod.
658 2903 699 2966 dc
713 2904 926 2967 sacrosanctis
945 2902 1107 2968 Ecclesiis.
1189 2953 1193 2960 .

753 3421 904 3492 cneus
926 3417 992 3494 tv..

566 3675 621 3742 De
634 3685 749 3763 spreta
763 3677 854 3744 uelut
868 3676 1170 3744 emmeram.

201 3916 217 3950 (r

216 3953 388 4178 ΜΕΝ
403 4099 486 4166 milri
497 4115 565 4166 noa
589 4097 763 4166 estio-boo
773 4095 1036 4185 capterrtigotn
1050 4098 1207 4202 ριιιιιιιί,
1227 4097 1350 4183 quau·
1363 4089 1495 4196 potestis

210 4207 435 4276 amomum
448 4227 508 4274 neu
520 4205 763 4289 cominatu,
747 4219 819 4272 ιιιι
826 4205 1052 4292 nreclplndia
1046 4207 1214 4292 pascui
1235 4191 1387 4272 Tantum
1401 4199 1496 4281 mgr·

202 4315 308 4408 luia.
311 4315 692 4402 numentanorum,
710 4335 815 4402 qnae
817 4317 851 4384 in
876 4315 1113 4467 sotlec&
1038 4309 1265 4382 Daemon
1274 4309 1497 4390 timitem

216 4427 681 4514 autumnum
875 4449 971 4504 ·,=
