3216 4988
381 401 519 448 sorrr.
537 401 583 446 ue
598 397 879 470 cmssnarroua
903 391 1096 441 armenon.
1142 397 1154 406 ·
1326 370 1396 436 atu

22 601 23 608 ἵ
145 525 262 594 Quarta
276 523 457 588 observatio
468 535 593 606 spectat
607 523 793 600 oblationes,
817 539 901 600 quac
916 518 1144 584 Sacerdotibus
1160 517 1280 580 Missae
1295 515 1403 588 sacri<

22 615 24 694 ῗ
111 632 205 696 belum
229 633 431 698 celebraturis
456 632 686 710 conceduntur,
711 649 795 712 qtrae
813 629 986 692 Missurum
1002 627 1235 706 eleemosynas,
1261 639 1317 686 seu
1336 621 1392 684 hu·

22 785 24 830 χ
110 743 219 804 notaris
235 741 542 825 passimappellant.
576 743 662 806 Sunt
676 743 756 806 istac
771 740 910 821 duplicis
925 738 1058 821 generis,
1075 735 1245 798 manuales
1261 734 1395 814 scilicet,
1412 727 1426 744 ⁸

22 847 24 910 ἓ
109 861 135 912 et
147 864 317 932 perpetuae.
362 851 407 914 Ut
420 851 461 913 de
475 851 685 915 manualibus
710 851 851 932 primaru
867 847 983 924 dicam,
1008 845 1127 930 harum
1140 843 1230 924 origo
1253 842 1294 904 ab
1309 823 1397 904 auti--

107 960 256 1040 qrrissirnis
283 959 448 1022 Ecclesiae
464 960 601 1023 saeculis
624 971 672 1022 est
686 957 868 1040 repetenda.
913 955 1083 1038 Siquidem
1097 951 1175 1016 alim
1200 971 1276 1016 cum
1292 970 1391 1014 uuus·

106 1073 231 1154 quisque
242 1073 284 1136 de
297 1072 385 1136 fidoli
402 1072 520 1155 pupulo
535 1073 634 1136 sacris
649 1071 783 1134 adstans
797 1071 1040 1144 cummunicare
1064 1066 1105 1130 de
1120 1064 1329 1128 Ericharistia
1343 1083 1396 1128 so·¹

106 1183 178 1260 leret,
191 1183 251 1248 cair
269 1186 317 1248 10.
343 1185 384 1248 de
398 1203 540 1248 corrsecr.
555 1185 628 1247 dist.
654 1185 694 1259 2,
712 1184 937 1264 uuusquisque
964 1180 1063 1245 etiam
1078 1195 1207 1262 panem,
1229 1187 1260 1239 et
1278 1177 1395 1241 viuum

22 1291 23 1328 ³
105 1283 253 1358 Sacerdoti
268 1305 492 1358 consecratum
503 1293 661 1372 afferebat,
678 1292 827 1356 Concilio
840 1291 1069 1356 Matisceneusi
1083 1289 1124 1353 ll.
1141 1289 1218 1351 antri
1231 1288 1302 1352 585.
1319 1305 1398 1352 cun.

104 1401 227 1482 l.,quae
253 1417 334 1466 retro
350 1403 417 1480 luit,
443 1422 502 1466 cnr
527 1401 752 1466 Tertullianus
778 1403 810 1464 in
828 1402 908 1463 libro
932 1398 1210 1462 denxhortatiuuc
1235 1393 1394 1457 castitatis

22 1583 23 1586 Ἴ
102 1523 161 1587 cap.
177 1509 214 1585 7.,
240 1509 354 1572 fideles
367 1529 480 1574 omnes
505 1512 634 1575 nemine
649 1509 861 1574 sacerdotum
886 1508 1108 1590 appellaverit.
1151 1505 1257 1586 Atque
1273 1521 1314 1566 ex
1339 1522 1395 1586 pa·

102 1633 142 1694 ne,
156 1628 185 1680 ct
199 1618 275 1682 rino
289 1611 407 1684 oblatis
429 1639 502 1702 pars
518 1617 747 1682 detrahebatur
761 1619 802 1682 ad
818 1615 1055 1682 conficiendam
1080 1613 1331 1689 Erreuarrsriarn,
1346 1627 1406 1672 rev

101 1725 190 1790 siduis
206 1727 404 1810 portionibus
419 1729 450 1792 in
468 1731 674 1810 clericerum,
696 1740 729 1792 et
744 1747 922 1814 pauperum
939 1726 1093 1790 alimenta
1108 1723 1242 1786 collaris.
1277 1723 1392 1792 ereu·

101 1827 193 1911 doque
208 1836 307 1900 etiarn
335 1855 400 1900 una
414 1855 490 1900 cum
508 1857 597 1920 panc,
613 1851 646 1902 et
662 1857 739 1902 rino
753 1845 773 1904 a
789 1839 909 1922 populo
934 1837 1027 1900 certis
1043 1837 1119 1898 anui
1136 1833 1331 1915 temporibus
1347 1830 1390 1894 ul-

101 1933 269 2008 lerebautur
284 1944 402 2026 spicas,
428 1959 486 2008 eut
503 1965 595 2022 uvae,
623 1967 688 2012 non
705 1967 784 2010 sane
809 1948 977 2030 inquibus
1001 1935 1196 2008 sacrificium
1220 1944 1317 2020 fieret,
1333 1941 1391 2004 sed

98 2065 170 2128 qrrac
185 2052 457 2128 benedicerentur,
485 2069 642 2138 tauquam
658 2057 815 2139 primitiae
830 2059 908 2132 vini,
924 2067 956 2118 et
971 2055 1073 2131 tritici,
1097 2055 1128 2116 iu
1144 2053 1263 2138 quibus
1278 2051 1391 2114 Sacra·

99 2163 187 2224 merul
203 2169 338 2228 materia
353 2169 508 2247 consistit3
533 2168 692 2250 adquam
708 2170 964 2233 benedictionem
979 2168 1135 2251 pertinere
1160 2165 1309 2228 ridentur
1324 2183 1392 2226 rer·

97 2269 130 2332 bn
145 2275 198 2338 ula
211 2281 358 2352 canonis,
373 2299 458 2360 quae
472 2281 570 2343 etlam
586 2281 681 2343 hodie
696 2283 880 2369 recitantur:
897 2283 966 2343 Per
981 2301 1076 2365 quem
1091 2282 1169 2343 hoec
1184 2280 1296 2341 narnia
1310 2285 1396 2342 sm

93 2386 358 2464 perhorrescens,
375 2389 571 2473 obtuliſse-os,
594 2389 750 2474 vivifices,
766 2389 934 2463 benedicis,
952 2397 982 2450 et
994 2395 1149 2471 praestus
1164 2387 1264 2449 rrubr's.
1310 2383 1392 2447 Erat

94 2507 246 2574 praetcrea
261 2501 296 2562 in
313 2498 433 2580 templo
459 2519 540 2561 urna
555 2499 726 2580 quaedam,
754 2517 810 2560 seu
828 2497 1109 2580 gazophylacium,
1136 2497 1228 2578 cujus
1243 2494 1401 2558 meminit

94 2599 312 2670 Tertullianus
326 2609 361 2670 in
375 2623 445 2686 cap.
462 2607 511 2670 39.
528 2606 725 2689 apologetici,
743 2609 795 2685 ubi
815 2611 950 2688 periuria
973 2613 993 2670 d
1009 2603 1159 2668 fidelibus
1174 2603 1392 2668 convenienti-

93 2709 266 2780 bueablsts
295 2717 527 2780 recondebatur
542 2717 584 2779 ad
611 2717 757 2780 subsidia
784 2720 900 2800 pariter
915 2719 1121 2794 (doricorum,
1148 2728 1179 2778 et
1202 2735 1391 2800 pauperum.

93 2821 331 2891 llecerrtioribus
356 2826 503 2892 saeculis,
519 2827 588 2888 sive
602 2839 726 2904 octavo,
753 2839 787 2891 at
804 2827 950 2890 nonnulli
976 2837 1099 2908 putant,
1122 2826 1191 2888 sire
1208 2821 1389 2904 undecimo,
1418 2803 1421 2808 ¹

92 2943 122 2990 ut
136 2932 205 2995 aliis
221 2936 333 2997 risum
348 2947 405 3011 cst,
431 2935 549 2998 abusu
568 2947 765 2998 recesserunt
791 2937 969 2998 oblationes
985 2953 1087 3017 parus,
1104 2933 1227 3007 etvini,
1250 2949 1392 3013 quorum

89 3033 151 3100 loco
165 3059 354 3104 successere
377 3043 555 3106 oblationes
571 3041 793 3128 pecuniarum
817 3057 886 3108 tum
903 3063 977 3106 vero
993 3043 1119 3106 nummi
1142 3043 1182 3106 ad
1200 3061 1318 3106 manus
1333 3041 1400 3106 Sa·

24 3159 25 3162 ’
88 3145 248 3212 cardetum
265 3149 401 3232 porrecti
416 3150 579 3214 desierunt
596 3153 629 3214 iu
645 3171 718 3214 arca
736 3152 852 3234 reponi,
869 3163 899 3212 ct
915 3151 1112 3229 Sacerdotes,
1127 3153 1247 3231 quibus
1264 3151 1390 3216 nummi

86 3256 248 3338 cedebant,
276 3281 396 3344 panem
412 3263 481 3345 ipsi,
506 3275 537 3326 et
553 3265 666 3326 riuum
693 3264 734 3326 ad
750 3265 850 3326 altare
874 3263 1071 3343 auferemur
1101 3265 1200 3328 immo
1216 3277 1251 3326 ut
1275 3265 1392 3328 veteris

86 3363 273 3462 disciplinae
291 3371 463 3454 vestigium
479 3373 647 3455 quoddam
664 3389 850 3452 remaneret,
866 3393 985 3457 panem
1001 3373 1107 3454 ipsum
1126 3373 1390 3435 Eucharisticum

87 3471 114 3534 lu
129 3475 253 3541 denarii
271 3479 413 3562 figuram
438 3493 622 3566 exegerunt,
639 3499 704 3563 quo
719 3483 898 3544 indicarent
914 3497 1030 3562 panem
1053 3499 1160 3563 rpsum
1175 3499 1216 3543 ex
1241 3479 1388 3542 fidelium

84 3583 300 3652 oblationibus
315 3588 357 3651 ad
374 3609 462 3651 aram
479 3590 625 3666 allatum,
643 3592 689 3653 uti
704 3591 886 3654 olnervavit
902 3587 1065 3653 Honorius
1081 3588 1388 3672 Augustudunensie

85 3691 114 3754 in
129 3697 270 3760 Gemma
284 3692 418 3760 animae
445 3698 514 3760 libr.
532 3700 559 3760 l.
574 3717 644 3781 cap.
660 3699 711 3762 66.
756 3698 918 3761 Paulatim
935 3697 1129 3772 factumest,
1155 3709 1191 3760 ut
1205 3711 1295 3760 extra
1311 3697 1389 3760 Mn-

84 3819 186 3870 sarum
204 3821 354 3890 ternpore
369 3807 482 3870 fierent
506 3807 663 3891 cuiusmodi
679 3808 866 3886 oblationes,
894 3805 1079 3890 praesertim
1094 3817 1266 3889 postquam
1281 3821 1389 3868 extre·

84 3913 126 3978 rit
139 3917 358 3982 sacerdotum
374 3935 538 3994 uumerus,
554 3928 585 3980 et
599 3918 631 3980 in
650 3935 717 3980 una
734 3917 879 3980 Ecclesia
906 3913 1026 3998 pluries
1040 3913 1234 3976 sacrificium
1251 3912 1388 3974 celebra·

83 4027 231 4113 neseph,
260 4047 330 4093 non
346 4032 444 4115 quusi
466 4033 615 4116 pretinm
631 4029 767 4110 Missae,
794 4030 890 4093 nteit
914 4029 947 4092 S.
963 4025 1110 4093 Thomas
1135 4028 1167 4089 in
1183 4027 1214 4090 l.
1239 4025 1312 4088 dist.
1335 4025 1398 4093 2ss

81 4155 199 4220 qtraest.
215 4145 247 4208 3.
265 4152 327 4206 art.
343 4144 373 4206 2.
389 4155 511 4225 quaest.
529 4145 566 4222 1.,
578 4153 614 4206 et
629 4144 667 4222 4.,
684 4145 745 4207 hoo
759 4144 849 4208 eninr
863 4155 946 4206 esset
962 4137 1153 4226 pudendum
1169 4139 1327 4202 simoniae
1340 4138 1388 4203 vl*

81 4249 165 4329 tlum,
182 4265 218 4318 ut
235 4253 357 4316 iterum
381 4253 491 4316 scribit
505 4253 682 4335 hugelinus
698 4254 730 4316 ln
752 4252 898 4317 sectanda
913 4247 1078 4315 secundae
1099 4259 1224 4332 quaest.
1242 4247 1313 4311 100.
1329 4259 1386 4312 art.

79 4357 107 4419 2.
133 4360 175 4422 ad
202 4359 402 4438 secuudum,
429 4359 485 4422 sed
513 4363 610 4446 quusi
636 4365 934 4426 sersterrtumeuturn
960 4363 1054 4424 vitoe.
1098 4358 1142 4421 m
1166 4358 1319 4440 qusrnris
1342 4355 1388 4418 ita

79 4485 147 4532 sese
160 4487 212 4535 res
228 4470 356 4534 habeat
380 4472 484 4556 (uoltu
499 4471 695 4544 Benedictus
710 4471 801 4541 xit.
827 4472 861 4535 in
876 4469 946 4535 libr.
961 4473 991 4535 6.
1007 4469 1047 4533 de
1061 4467 1196 4552 Synudu
1219 4467 1386 4531 Diocaesa-
