3120 4980
162 375 207 450 dii
414 395 647 475 asseratur,
672 402 914 466 nrssaara'rto
937 417 1061 488 earne,
1081 425 1158 474 css.
1174 403 1211 475 V.

1547 443 1548 484 i

160 523 295 590 muliere
320 525 470 593 adulterii
486 545 643 616 suspecta,
670 555 754 619 quae
769 537 812 602 ad
827 541 1017 608 Sacerdotes
1042 545 1270 630 adducebatur,
1294 553 1457 638 peraquat'

160 633 399 720 amaritudinis,
425 647 457 702 ct
479 640 711 710 maledictam
733 645 772 709 iis
797 661 951 734 congesta
966 671 1001 715 se
1027 666 1212 738 purgatura.
1256 657 1410 726 Etenim
1403 675 1457 727 rsta
1547 669 1548 724 l

159 749 308 831 purgatio
324 753 636 836 praeterquamquod
653 757 827 841 singularis
842 761 957 826 eratin
972 766 1155 850 suspicione
1177 767 1336 849 adulterii¹
1351 783 1383 836 et
1395 771 1457 857 qui·

158 855 292 924 demad
307 863 468 945 privatam
494 867 600 930 mariti
615 869 790 952 quereiam,
816 871 947 955 longao
971 893 1179 962 quocumque
1194 881 1273 945 vitio
1296 863 1457 966 eratapod
1547 877 1548 916 i

157 969 307 1050 iudaeos,
334 991 394 1036 nec
408 973 504 1038 debet
519 974 590 1039 ulio
611 976 708 1040 modo
723 991 798 1042 cum
823 981 951 1064 vulgari
976 986 1167 1068 purgatione
1190 1007 1296 1072 aquae
1321 991 1454 1074 trigidae,

158 1087 217 1145 aut
241 1079 392 1161 fervidae,
419 1093 477 1147 aut
501 1085 599 1149 simili
624 1087 813 1169 comparari.
858 1089 961 1154 Erat'
953 1108 1003 1155 ιιι
1013 1093 1140 1180 vulgari
1167 1100 1359 1181 purgatione
1378 1097 1457 1183 apud
1547 1097 1548 1120 ³

159 1183 392 1268 langobardos
408 1202 533 1273 recepta
548 1192 664 1256 veteris
675 1195 872 1262 Graecorum
883 1197 1081 1266 idololatriae
1096 1205 1271 1289 iestiginm
1286 1226 1367 1274 sane
1378 1207 1457 1273 dam·

159 1289 320 1375 aandutm
336 1295 423 1377 quod
439 1296 472 1360 in
487 1313 527 1362 ca
542 1300 742 1384 purgatione,
755 1315 813 1368 aut
826 1305 922 1386 Jnno,
946 1318 1004 1373 ant
1018 1309 1144 1394 Jupiter
1158 1313 1221 1378 sub
1234 1315 1321 1380 Solis
1335 1317 1458 1382 nomina

158 1399 193 1466 in
208 1399 429 1468 testimonium
445 1405 648 1471 innocentiae
662 1409 882 1478 advocaretur.
898 1425 933 1478 at
947 1415 980 1478 iti
993 1415 1026 1480 in
1042 1419 1232 1500 purgatione
1246 1419 1386 1486 Iudaica
1399 1439 1457 1486 nou

157 1511 235 1571 ctat
270 1506 481 1576 Emtdeinde
491 1513 525 1578 in
540 1511 669 1598 vulgari
681 1519 871 1602 purgatione
885 1521 1174 1606 lorrgobardorum
1185 1527 1294 1608 gravis
1307 1527 1341 1593 ln
1357 1529 1460 1594 Deum

159 1616 329 1698 amenus,
356 1631 520 1704 propterea
535 1623 624 1706 quod
639 1635 706 1690 non
720 1626 790 1692 sina
804 1624 963 1694 miraculo
985 1633 1170 1698 innocentia
1185 1634 1398 1702 demonstiari
1412 1645 1459 1722 po

159 1724 287 1810 mirrea
302 1727 335 1792 id
360 1739 471 1796 sutem
486 1743 556 1796 erat
570 1743 693 1798 tentare
708 1733 826 1817 Deum,
849 1747 881 1800 et
895 1737 956 1804 sibi
971 1738 1127 1804 audacter
1139 1744 1342 1826 persuadere,
1359 1747 1460 1812 Deum

158 1831 245 1899 illico
259 1836 427 1902 miraculis
440 1839 678 1924 cujuscumque
693 1841 913 1912 innocentiam
927 1845 1232 1916 darmnstraturum.
1274 1853 1320 1917 m
1333 1863 1367 1918 et
1380 1851 1460 1920 lact

159 1939 278 2004 vitium
290 1943 400 2008 aberat
414 1951 436 2012 ι
450 1947 641 2030 purgatione
665 1949 814 2034 Judsiaaq
830 1970 907 2018 cum
922 1955 989 2020 non
1010 1955 1166 2038 bumana,
1182 1959 1239 2023 sed
1254 1957 1370 2028 diviua
1383 1972 1461 2028 erra

158 2048 316 2116 iudaicae
343 2055 542 2138 purgationis
557 2057 725 2140 institutio,
750 2061 857 2143 neqde
870 2059 989 2127 Judssi
1004 2061 1066 2146 ipsi
1092 2063 1201 2130 Deum
1216 2067 1395 2149 tentabant,
1408 2065 1460 2134 nrt

158 2153 363 2228 Dour'idem
388 2183 423 2228 se
449 2167 668 2234 innocentiam
694 2171 887 2236 testaturam
911 2169 1137 2256 spoponderat.
1180 2173 1363 2257 Postquam
1390 2186 1461 2240 rac

158 2287 263 2354 quum
289 2275 440 2340 universa
461 2275 659 2361 judiciorum
674 2277 855 2362 disciplina,
883 2277 965 2344 irasc
982 2283 1114 2364 quoqne
1127 2279 1320 2366 disciplinae
1342 2281 1461 2369 panta

158 2397 245 2446 nora
261 2383 488 2469 legecessarit,
503 2390 750 2454 cessaritetiam
765 2387 879 2454 divina
888 2391 1063 2474 promissio,
1076 2401 1108 2456 et
1121 2392 1210 2476 quod
1224 2393 1303 2458 oiim
1318 2383 1461 2460 duecils

159 2493 335 2558 temeritate
358 2493 463 2576 tiebat,
480 2515 545 2561 non
560 2507 680 2562 temera
693 2495 812 2562 deinde
827 2497 895 2562 lieri
910 2515 975 2561 non
994 2498 1103 2580 potuit

200 2601 297 2667 Nova
311 2605 417 2686 potius
433 2605 588 2669 successit
614 2605 648 2670 in
664 2599 823 2685 Ecclesia,
838 2615 870 2669 et
884 2603 1061 2688 simplicior
1075 2605 1318 2690 purgandorum
1339 2605 1461 2672 reortni

161 2713 252 2792 ratio,
269 2715 323 2778 ubi
339 2715 449 2797 gravis
464 2725 550 2778 esset
563 2715 707 2779 criminis
721 2713 834 2799 objecti
849 2713 998 2797 suspicio,
1014 2723 1191 2797 quaecum
1205 2715 1389 2780 canonibus
1405 2713 1462 2778 ue

159 2816 349 2884 ciesiasticis
363 2821 572 2904 comprobata
585 2820 690 2902 inerit,
714 2821 862 2904 purgatio
876 2822 1036 2886 canonica
1053 2822 1218 2904 appellata
1231 2833 1287 2886 cst
1331 2821 1408 2888 Non
1422 2832 1463 2886 ta-

161 2947 237 2994 men
252 2931 367 2996 eadam
382 2951 508 3014 semper
521 2931 583 2996 iuit
597 2931 696 3016 hujus
713 2929 913 3015 purgationis
927 2930 1017 2994 ratio.
1060 2929 1207 3020 Primum
1223 2931 1292 2995 fieri
1307 2933 1412 3015 coepit
1424 2925 1462 2994 ad

160 3038 310 3122 sepulcra
325 3039 515 3122 Martyrum,
543 3039 596 3103 rel
611 3037 654 3104 ed
670 3039 821 3122 reliquias
846 3037 1043 3117 eorumdem,
1061 3037 1113 3100 rei
1139 3037 1182 3100 ad
1197 3036 1337 3101 Crucem
1358 3054 1464 3100 conse·

160 3157 294 3226 oratam,
310 3147 422 3211 autad
442 3147 671 3231 Evangeiitrm.
713 3147 878 3212 Successit
893 3145 1018 3225 deinde,
1041 3165 1243 3230 quamquam
1257 3165 1318 3209 nec
1337 3145 1463 3228 ubique,

162 3273 223 3320 nec
238 3255 296 3320 din
321 3268 449 3341 recepta
464 3255 559 3321 inerit
583 3257 733 3335 moribus,
762 3255 910 3338 purgatio
931 3255 978 3318 ‘ad
1001 3255 1136 3320 Sacram
1157 3255 1411 3318 Eucharistiam:
1432 3263 1464 3316 ut

130 3366 137 3377 “
163 3365 338 3450 plurimum
354 3377 464 3432 autern
488 3365 598 3429 media
612 3363 781 3428 Ecclesiae
796 3373 908 3441 aetate,
936 3382 976 3424 ac
991 3361 1176 3445 pracsertim
1191 3359 1390 3444 temporibus
1405 3357 1462 3420 De·

163 3473 331 3538 cretaiium
346 3472 494 3552 invainit,
512 3483 548 3536 ut
561 3471 652 3534 lieret
665 3469 818 3536 adhibitis
832 3469 978 3552 pluribus
994 3467 1198 3532 innocentiae
1219 3465 1354 3529 testibus
1368 3466 1402 3528 in
1416 3480 1465 3525 eo·

162 3573 237 3646 ciem
253 3579 364 3663 gradu,
392 3589 424 3642 et
437 3579 548 3643 ordine
563 3579 753 3656 constitutis,
769 3577 1077 3661 puta-Coepiscopis,
1093 3587 1150 3639 aut
1164 3573 1462 3650 Consacerdotibus3

163 3709 202 3754 aa
227 3689 291 3752 iere
317 3709 442 3772 semper
456 3690 490 3752 in
515 3689 603 3752 omui
631 3687 829 3772 purgationis
855 3705 971 3770 genere
987 3685 1217 3770 jusjurandum
1240 3681 1464 3748 intercedebat.

163 3797 400 3880 Antiquissima
414 3798 475 3860 init
490 3798 646 3881 purgatio
661 3795 703 3860 ad
719 3795 871 3878 reliquias
888 3795 1078 3880 Martyrum,
1104 3811 1205 3876 quam
1221 3793 1386 3856 noscimus
1395 3793 1462 3874 jam

164 3903 353 3970 indictante
369 3905 403 3970 S.
427 3907 612 3988 Augustino
627 3907 660 3970 in
686 3904 820 3986 epistola
846 3903 887 3968 ad
903 3901 1034 3983 ciarum,
1060 3913 1091 3966 et
1106 3900 1264 3986 populum
1278 3899 1462 3983 Hipponen-

164 4033 242 4095 sem,
259 4035 301 4079 ex
326 4035 394 4098 qua
418 4019 625 4099 depromptus
651 4027 818 4080 estcanon
846 4015 895 4080 12.
910 4033 999 4078 caus.
1023 4013 1053 4078 2.
1080 4023 1205 4096 quaest.
1224 4013 1251 4076 l.
1296 4011 1418 4076 Fuerat
1429 4013 1462 4072 in

165 4125 366 4208 Hipponensi
384 4125 531 4189 Ecclesia
552 4129 572 4190 a
589 4123 755 4188 Boniiacio
770 4124 959 4208 Presbytero
984 4121 1024 4186 de
1039 4119 1130 4203 graui
1145 4119 1280 4182 crimine
1293 4126 1462 4196 accusatus

163 4230 301 4314 quidam
317 4231 460 4296 Clericus
486 4233 616 4296 nomine
630 4234 720 4316 Spes,
736 4233 794 4314 qui
818 4232 940 4296 crimen
956 4230 1063 4312 ipsum
1079 4227 1113 4292 in
1137 4235 1354 4292 accusatorem
1371 4237 1462 4288 rotor·

166 4349 259 4402 serat.
303 4339 367 4403 Ubi
384 4357 433 4402 res
458 4337 557 4402 dubia
571 4349 647 4418 erat,
667 4338 765 4422 jussit
778 4357 833 4400 eos
861 4337 1071 4420 Arrgustinns,
1095 4347 1131 4398 nt
1145 4346 1280 4418 uterque
1304 4333 1345 4398 ad
1359 4327 1462 4414 sepui-

165 4463 256 4510 crum
272 4446 306 4510 S.
322 4445 442 4510 Felicis
456 4445 576 4510 Nolani
590 4444 769 4528 frequentia
784 4443 1013 4508 miraculorum
1039 4441 1281 4506 celebratissimi
1294 4435 1462 4522 antigrada
