3216 4988
199 337 266 404 ate
447 361 537 408 arua
554 356 680 424 rarus,
696 363 1097 428 ormasrmoseasrs,
1114 369 1192 415 ors.
1207 347 1262 416 tv.

199 501 245 548 aa
259 501 330 566 cap.
345 483 376 548 8.
392 485 542 568 sumti.)
564 485 777 552 abremissa
792 487 964 554 smecdme
977 499 1033 567 est,
1049 493 1267 575 quorumdam
1286 487 1485 577 improborum

199 588 412 654 Sacerdotem
438 591 601 655 sordidam
616 595 787 658 avaritiam
812 595 1056 680 deirorrestesse,
1077 601 1166 681 (prod
1189 603 1390 685 caeteroquin
1414 603 1488 668 inse·

182 697 334 778 'licitum
361 711 393 764 et
407 711 559 764 sanctturr
573 715 653 784 eran
668 705 817 768 normrdli
839 709 958 791 quippe
972 709 1034 772 risi
1060 723 1138 773 sum
1153 711 1276 775 Missas
1293 714 1486 796 qrtodernrun·

106 819 110 827 “
198 803 243 870 dc
259 790 432 886 venditare,
458 821 490 870 et
504 811 728 899 turpissimum
753 814 983 892 qaaesmnrde
1009 815 1205 881 illis-iacere.
1248 819 1408 902 Imprimis
1422 839 1485 886 cure

34 4539 165 4912 l.

200 913 325 976 iteratio
340 913 461 978 Missae
486 917 633 980 nondum
649 933 733 982 esset
758 940 870 986 severa
885 922 956 1007 loge
971 926 1144 1007 prohibita,
1165 927 1308 1008 quidam
1323 929 1431 994 eodem
1444 931 1488 996 die

199 1023 320 1107 pluries
346 1045 438 1090 sacra
465 1028 670 1110 celebrabant
692 1045 849 1112 quaestus
879 1037 976 1099 unius
1001 1039 1116 1118 gratie,
1143 1039 1355 1128 deindepost
1369 1048 1487 1108 setium

199 1134 380 1198 Alexandri
404 1137 456 1215 11,
472 1157 531 1202 seu
553 1141 698 1223 crrjusvis
724 1142 864 1222 uarias,
890 1147 947 1227 qui
964 1153 1079 1212 auctm
1101 1145 1378 1216 dteermeeuonis
1397 1126 1490 1218 mle

200 1257 374 1320 consecrat.
392 1245 466 1310 dist.
495 1250 532 1324 1.,
548 1262 580 1310 et
606 1250 785 1314 Innoceutli
813 1253 869 1316 lli.
898 1255 933 1318 in
946 1273 1016 1338 cap
1043 1255 1292 1322 &decelebret
1320 1259 1490 1338 blissamru,

202 1351 373 1432 nequiores
389 1365 474 1418 artes
489 1357 762 1438 excogitaverunt,
778 1362 895 1442 quibus
911 1363 1018 1444 plures
1032 1365 1257 1449 eleemosynas
1274 1370 1371 1432 unitis
1388 1369 1490 1432 Missae

201 1463 414 1530 celebratione
430 1467 636 1548 luetmeutur,
664 1472 762 1536 morlo
776 1485 821 1536 tot
835 1473 957 1538 hostias
972 1476 1135 1542 iraeadem
1162 1480 1264 1542 lliissa
1279 1481 1489 1558 consecrando,

198 1584 280 1652 quet
296 1571 341 1635 uti
357 1572 492 1655 luserant,
518 1579 674 1659 aquibus
686 1579 910 1664 eleemosynas
927 1597 1126 1667 acceperant,
1151 1585 1251 1650 modo
1264 1589 1372 1672 plcres
1388 1591 1494 1654 ltlisses

202 1679 237 1747 in
255 1699 352 1744 unam
368 1684 580 1766 congerendo,
603 1707 654 1752 ex.
671 1708 716 1771 gr.
734 1688 875 1772 legentes
891 1692 1033 1755 Missam
1041 1693 1105 1757 diei
1122 1713 1225 1776 usque
1242 1690 1288 1758 ¹ed
1302 1697 1490 1774 offertorium,

194 1802 275 1874 tum
291 1793 390 1856 aliam
406 1795 596 1877 incipientes
612 1815 715 1878 usque
730 1799 773 1862 ad
787 1800 939 1864 eumdem
955 1801 1071 1881 lucum,
1087 1803 1204 1866 deinde
1221 1805 1354 1882 tertiam,
1370 1816 1400 1866 et
1413 1823 1492 1885 quar·

204 1914 273 1966 tam
287 1903 443 1983 similiter,
471 1919 581 1987 postea
597 1917 642 1970 tot
658 1919 796 1972 secretas
810 1911 970 1972 orationes
981 1910 1135 1990 dieentes,
1159 1925 1237 1992 quot
1253 1909 1493 1991 Missas'incepe

204 2023 288 2093 rent,
305 2013 447 2094 deniquo
457 2014 519 2086 surb
536 2035 603 2079 erro
622 2035 747 2080 canone
761 2036 891 2080 ,sacrum
908 2017 1120 2100 perficientes,
1142 2017 1276 2080 totidem
1290 2017 1406 2080 additis
1420 2018 1451 2078 in
1466 2013 1492 2076 ti·

204 2141 247 2186 ue
261 2123 411 2203 collectis,
426 2137 505 2206 quot
520 2127 613 2188 initio
626 2130 846 2206 recitaverant,
872 2147 955 2210 qrras
971 2139 1134 2212 propterea
1159 2131 1346 2212 bifariam
1361 2139 1391 2192 et
1411 2127 1494 2212 triste

205 2235 312 2300 ciclos
337 2235 456 2298 Missas
482 2236 697 2317 appellabant,
722 2237 830 2316 aptius
851 2238 971 2302 dixeris
997 2247 1139 2300 mortstra
1165 2238 1349 2332 blisserurn.
1388 2234 1449 2296 llis
1462 2231 1501 2294 ab

205 2341 356 2408 Ecclesia
378 2344 562 2414 eliminatis
589 2363 657 2408 non
671 2343 790 2408 idcirco
814 2345 958 2427 improba
971 2347 1189 2427 quorumdem
1214 2345 1375 2427 cupiditas
1395 2343 1496 2406 redul-

206 2465 259 2521 tns
275 2453 335 2516 fuit
360 2455 484 2534 evulsa3
512 2453 621 2518 adbuc
642 2455 732 2518 enirn
756 2445 855 2518 iidem
870 2455 914 2516 de
937 2456 1054 2534 rrrnjore
1080 2455 1306 2536 eleemosynae
1328 2453 1498 2538 quantitate

207 2563 461 2646 paciscebantur,
477 2561 559 2624 altas
575 2579 638 2624 nou
654 2561 853 2650 celebraturi,
868 2572 900 2623 et
914 2561 1075 2627 similibus
1100 2562 1223 2624 artibus
1239 2561 1410 2638 Ecclesiae,
1424 2572 1457 2622 et
1468 2557 1497 2620 li·

207 2675 330 2742 delium
358 2689 433 2738 vora
457 2673 622 2738 fallebant.
666 2675 889 2746 desomnem
915 2675 1100 2738 Concilium
1127 2673 1359 2738 Tridentiuum
1384 2693 1412 2736 ru
1427 2689 1495 2734 sesa

190 2775 259 2848 ¹22.
276 2785 309 2846 in
325 2783 451 2848 decreto
474 2781 514 2846 de
529 2783 750 2861 observandis,
773 2795 805 2846 ct
820 2782 981 2844 evitandis
1002 2782 1038 2845 iu
1053 2781 1265 2845 celebratione
1285 2781 1404 2848 Missae·
1423 2779 1497 2840 salu

207 2891 345 2955 berrime
357 2891 453 2969 cavit,
481 2903 516 2953 ut
536 2889 685 2972 Episcopi
701 2891 742 2952 de
758 2890 863 2952 medio
888 2887 1044 2966 tollerent,
1065 2890 1226 2970 quidquid
1249 2890 1386 2952 avaritia
1399 2901 1496 2950 contre

208 3003 287 3064 tanti
303 2999 465 3066 sacrificii
489 3000 699 3064 reverentiam
724 2999 906 3077 arnamar,
934 3011 968 3061 ut
983 3011 1014 3060 et
1029 2998 1206 3062 simoniaca
1234 2997 1330 3077 labes,
1354 3011 1385 3062 et
1409 2994 1499 3078 turpis

209 3123 366 3194 qtraestus
391 3111 524 3173 ornuiuc
539 3110 765 3191 prohiberetur,
791 3109 832 3172 ad
848 3111 942 3191 cujus
957 3107 1073 3172 decreti
1089 3109 1315 3174 ‹execrrtioncru
1339 3123 1496 3172 consuere

210 3235 286 3286 runt
300 3221 453 3302 deinceps
480 3220 632 3302 Episcopi
648 3233 706 3282 atu
721 3221 752 3283 iu
779 3219 932 3302 Synodis,
947 3233 1004 3282 aut
1018 3231 1109 3282 extre
1134 3219 1285 3302 Synodes
1298 3231 1419 3281 certam
1431 3217 1499 3278 elec

211 3347 371 3410 mosynae
384 3327 599 3408 quantitatem
625 3324 769 3406 delinire,
783 3325 867 3389 iufra
889 3345 991 3408 quaro
1006 3323 1234 3390 Sacerdotibus
1257 3327 1378 3407 pacisci
1399 3344 1455 3420 pou
1469 3323 1499 3384 li·

212 3451 306 3519 ceret,
324 3439 407 3502 ultra
422 3459 522 3522 quam
539 3437 620 3504 nihil
645 3440 787 3521 amplius
803 3439 964 3521 postulare
979 3439 1171 3526 Sacerdotes
1184 3439 1282 3510 iidem
1300 3451 1434 3521 possent3
1452 3432 1497 3497 ubi

211 3547 294 3612 alias
309 3547 426 3612 cedern
449 3548 614 3630 quantitas
629 3566 671 3613 ex
686 3547 842 3610 dioecesis
866 3545 1108 3615 cnsuetuetne,
1124 3545 1265 3610 necdum
1285 3545 1421 3610 defirnu
1434 3543 1498 3606 elim

212 3655 335 3724 ftdsset.
381 3657 471 3722 Haec
485 3656 765 3740 eleemosynarum
791 3657 959 3738 quarrtitaa
974 3657 1018 3720 ita
1042 3635 1327 3718 hodiecelelrreoti
1352 3645 1498 3716 Sacerdoti

214 3766 328 3832 cedere
352 3767 477 3852 integra
492 3766 594 3846 debet,
624 3779 658 3830 ut
674 3785 715 3830 ne
729 3765 773 3829 ab
796 3765 946 3830 Ecclesia
961 3762 1104 3847 quidem,
1130 3761 1164 3826 iu
1178 3779 1244 3844 que
1258 3779 1386 3824 sacrum
1402 3756 1498 3840 agitur,

214 3880 340 3944 retineri
355 3877 534 3960 quidquem
550 3877 651 3961 possit
676 3885 844 3960 praetextu
858 3891 1022 3940 sacrorum
1039 3871 1313 3948 indumentorum,
1334 3881 1367 3934 et
1380 3867 1499 3937 illorum,

214 4002 393 4075 quaesunt
416 3989 460 4052 ad
473 3987 720 4054 celebrationem
746 3985 867 4052 Missae
880 3983 1072 4060 necessaria,
1097 3995 1301 4063 qrraarquem
1323 3976 1428 4045 sarcre
1447 3969 1500 4034 ilc·

215 4103 333 4170 clasiae
347 4102 472 4184 aliquid
495 4098 699 4176 concedatur,
725 4093 966 4179 ubi-ageturde
992 4092 1102 4156 Missis
1127 4089 1288 4174 perpetuis
1311 4107 1354 4157 ex
1378 4081 1498 4164 alicujus

217 4213 407 4280 luridatloue
435 4210 564 4291 relictis,
589 4209 617 4274 si
635 4207 780 4274 Ecclesia
803 4207 874 4290 ipsa
887 4204 991 4284 alios,
1017 4213 1049 4266 et
1062 4199 1264 4270 sufficientes
1286 4195 1426 4264 redditus
1442 4203 1498 4254 acu

218 4321 360 4388 liaberet.
1089 4369 1093 4384 .
1181 4406 1186 4416 Ι

262 4433 366 4500 Paulo
382 4433 473 4498 aliter
487 4451 559 4498 sese
573 4431 672 4496 habet
686 4429 862 4496 lllcsaruru
876 4436 1103 4511 perpetrarunt
1119 4421 1218 4505 origo,
1231 4428 1265 4484 et
1278 4413 1428 4504 paulatim
1439 4421 1499 4492 ΡΝ·
