3210 4990
203 306 252 350 DE
276 305 467 366 CONJUGIIS‚
492 305 622 355 QUIBUS
643 307 781 355 onem
805 304 1050 356 nncnssmbno
1070 301 1337 349 COGNATIONUM·
1396 281 1452 346 183

149 426 286 510 singula
300 429 467 494 commode
482 429 695 508 conciliarent,
712 428 917 507 tradiderunt,
934 429 967 492 in
979 427 1065 492 dicta
1080 427 1099 490 l.
1127 429 1175 490 19.
1197 425 1266 488 cod.
1293 423 1333 486 de
1359 433 1448 506 nupt.

151 553 223 599 non
252 538 384 618 quidem
412 539 600 619 generaliter
628 557 818 602 concessum
847 537 951 614 luisse,
984 546 1020 598 ut
1047 534 1235 608 consebrini,
1266 541 1297 592 et
1327 541 1452 612 patrue

156 644 208 707 les
223 648 352 727 nuptias
368 648 447 710 inter
462 667 496 708 se
520 647 614 726 quasi
639 646 729 708 nullo
747 649 818 730 jure
844 645 1028 726 prohibente
1051 640 1281 714 contraherent,
1308 637 1365 698 sed
1387 647 1454 698 tan-

159 767 234 820 tum
251 759 415 820 remissam
432 759 508 840 ipsis
531 759 714 840 Principem
735 755 899 834 exorandi,
925 751 1172 837 dispensationis
1195 748 1386 814 obtinendae
1409 767 1455 808 er·

157 883 211 945 go,
228 867 451 928 necessitatem
466 871 488 930 a
501 863 686 928 Theodosio
702 864 822 946 Magno
835 863 957 945 pridem
978 862 1161 943 impositam
1177 860 1210 923 iu
1225 860 1317 922 certis
1332 859 1366 920 in
1381 875 1455 920 cau·

154 971 325 1050 sis,quasi
354 990 439 1032 nova
467 969 605 1049 Arcadii,
635 981 667 1031 et
696 970 827 1032 Houorii
856 969 935 1050 lege,
958 969 1062 1052 pratia
1088 968 1224 1050 singulis
1250 965 1346 1043 fieret,
1377 964 1456 1045 quin

156 1097 243 1159 opus
271 1089 355 1142 esset
383 1078 489 1168 libello
519 1078 655 1161 supplici
684 1077 881 1161 porrigendo,
905 1077 944 1140 ad
975 1079 1162 1161 exemplum
1187 1078 1320 1142 remisse
1350 1092 1457 1138 ncces·

155 1186 264 1248 sitatis
279 1187 461 1269 suplicandi
486 1187 529 1250 ad
544 1187 716 1251 obtinenda
728 1188 800 1270 jura
826 1188 1020 1250 annulorum
1036 1207 1215 1265 aureorum,
1229 1190 1300 1272 Jura
1315 1186 1457 1268 plurium

157 1297 339 1378 liberorum,
362 1302 436 1384 jura
452 1301 600 1364 Civitatis
622 1301 798 1379 Romanae,
815 1301 890 1362 item
913 1301 986 1382 Jura
999 1299 1228 1380 codicillorum,
1250 1309 1280 1360 et
1297 1299 1457 1382 fideicom-

158 1408 342 1488 missorum,
370 1409 416 1472 uti
430 1409 506 1472 olim
522 1410 555 1472 in
571 1429 657 1471 more
671 1419 747 1470 erat.
795 1408 921 1472 Prolixa
937 1408 1040 1486 nimis,
1063 1417 1094 1469 et
1109 1405 1338 1490 propemodum
1353 1405 1458 1468 infini-

158 1527 193 1578 ta
207 1515 384 1597 disputatio
409 1516 506 1594 fieret,
522 1517 550 1579 si
575 1517 719 1599 singulas
735 1515 920 1601 hujusmodi
944 1517 1108 1598 opiniones
1129 1515 1329 1578 conficiendo
1354 1535 1461 1598 perse,

156 1645 283 1706 quercu
300 1635 358 1688 aut
382 1627 595 1690 enimomnes
611 1646 724 1708 parum
748 1617 944 1688 'verosimiles
959 1643 1029 1686 esse
1051 1625 1208 1704 videntur,
1224 1637 1281 1690 aut
1295 1624 1456 1708 quaedam

152 1731 351 1800 manifestae
377 1733 525 1798 falsitatis
540 1733 634 1798 facile
658 1733 873 1796 revincuntur.
918 1732 1066 1796 Tantum
1081 1731 1196 1812 dicam,
1223 1733 1343 1796 bonurn
1359 1733 1457 1795 Inter-

158 1853 285 1926 pretum
300 1863 395 1924 aegre
406 1861 444 1904 eo
458 1841 578 1904 adduci
593 1841 714 1920 debere,
732 1861 791 1904 uec
805 1841 868 1904 nisi
882 1839 1085 1904 evidentibus
1096 1839 1301 1922 argumentis,
1318 1849 1353 1901 ut
1367 1859 1459 1902 sauc-

150 1953 352 2020 tissrmorum
366 1949 515 2014 codicum
531 1949 750 2027 fieumeleret,
767 1959 862 2030 atque
874 1951 1105 2028 auctoritatem,
1123 1947 1328 2028 nequeenim
1343 1965 1452 2028 quem-

155 2077 259 2140 quam
275 2058 308 2122 iu
333 2057 531 2120 contrarium
545 2075 673 2120 movere
696 2056 792 2120 debet
807 2069 864 2120 aut
888 2057 1072 2140 Theophili,
1088 2066 1145 2119 aut
1160 2055 1269 2118 lvonis
1284 2057 1457 2118 auctoritas

152 2155 307 2249 superins
333 2177 592 2229 commemorata.
635 2165 768 2228 Etenim
782 2167 987 2248 Theophilus
1010 2187 1086 2230 cum
1102 2167 1260 2248 scripserit
1275 2177 1346 2250 post
1360 2165 1458 2230 Trul-

152 2269 273 2334 lanum
289 2271 479 2352 Concilium,
496 2273 529 2336 in
544 2273 636 2355 cujus
651 2291 774 2336 canone
790 2274 839 2336 52.
854 2275 951 2338 vetita
965 2273 1096 2338 fuerunt
1107 2276 1367 2340 consobrinorum
1382 2295 1456 2340 cou-

149 2377 255 2460 jugia,
271 2375 366 2440 facilc
382 2378 415 2440 in
430 2380 497 2444 suis
513 2379 766 2444 institutionibus
781 2382 883 2464 potuit
909 2381 1043 2465 adjicere
1058 2383 1247 2466 particulam
1263 2385 1455 2466 negativam,

153 2495 255 2566 atque
271 2486 323 2564 ita,
339 2506 416 2550 cum
431 2486 556 2550 doceret
565 2490 662 2571 juxta
677 2487 764 2570 leges
776 2489 846 2552 suis
869 2491 1063 2572 temporibus
1077 2501 1228 2572 receptas,
1245 2501 1370 2554 textum
1383 2491 1404 2554 J
1407 2511 1456 2556 us·

151 2595 336 2658 tinianeum
352 2596 482 2676 insuper
497 2595 622 2678 habere,
639 2606 670 2660 et
685 2597 742 2662 lvo
757 2597 859 2679 potuit
874 2599 980 2678 potius
1002 2597 1224 2680 Theophilum
1240 2597 1338 2678 sequi,
1355 2615 1455 2678 quam

150 2703 174 2768 J
178 2705 379 2780 nstiuianum
394 2705 427 2768 in
441 2724 481 2769 ea
495 2725 535 2783 rc,
551 2707 585 2768 in
599 2725 665 2786 qua
681 2715 788 2768 textus
803 2704 979 2786 Theophili
995 2707 1099 2786 magis
1114 2715 1181 2768 erat
1196 2705 1360 2768 lvonianis
1376 2715 1454 2768 tem·

151 2817 285 2900 poribus
309 2814 580 2890 accommodatus.
624 2815 728 2893 Addo,
745 2827 938 2897 postremam
962 2817 1234 2898 opinionemque
1260 2815 1401 2896 traditur,
1418 2818 1452 2882 in

149 2927 238 2990 dicta
254 2927 275 2988 l.
292 2925 341 2992 49.
358 2925 426 2988 cod.
443 2925 483 2988 de
509 2937 597 3008 nupt.
614 2927 781 2989 remissam
796 2936 922 2990 tantum
948 2925 1047 2990 fuisse
1062 2927 1266 3010 supplicandi
1282 2931 1451 2994 necessita·

150 3046 229 3116 tem,
257 3045 480 3118 praeterquam
506 3035 593 3116 quod
616 3045 773 3116 repugnat
798 3033 877 3115 legis
892 3033 1037 3118 ejusdem
1053 3037 1164 3116 verbis,
1180 3038 1208 3100 si
1223 3057 1288 3102 uon
1302 3037 1449 3106 funditus

149 3147 269 3208 evertit
279 3165 324 3208 ex
339 3145 452 3206 eadem
468 3143 486 3206 1.
505 3144 551 3206 19.
566 3155 704 3206 veterem
714 3142 818 3223 legem
830 3141 1103 3220 Theodosianam,
1116 3162 1188 3206 eam
1200 3155 1308 3208 tamen
1324 3146 1368 3208 ita
1384 3147 1451 3210 red·

153 3257 230 3320 dere
245 3258 388 3334 inanem,
403 3267 438 3318 ut
452 3255 566 3318 cortice
582 3265 675 3316 tenus
689 3254 860 3316 consistere
887 3251 1043 3336 videatur;
1061 3253 1192 3336 fingitur
1213 3258 1309 3334 enim,
1325 3259 1448 3322 unicui-

153 3381 218 3444 que
232 3361 329 3424 libere
344 3381 383 3424 ea
398 3361 600 3424 matrimonia
613 3361 799 3424 contrahere
824 3361 928 3441 libere,
954 3361 1129 3426 dummodo
1154 3367 1346 3430 contrahens
1361 3368 1450 3432 intel·

149 3475 238 3556 ligat,
254 3475 351 3536 etiam
367 3473 436 3536 sine
451 3473 599 3554 rescripto
614 3471 779 3554 singulari,
802 3471 834 3534 'nl
856 3493 899 3536 ex
924 3474 1126 3555 Imperatoris
1143 3480 1244 3556 gratia
1260 3483 1447 3559 generaliter

146 3582 338 3646 obtinuisse:
353 3599 458 3662 neque
474 3599 547 3642 vero
562 3581 667 3661 agitur
681 3579 714 3642 in
729 3581 791 3644 hac
817 3601 849 3643 re
873 3580 1108 3646 decredenda
1133 3605 1220 3648 mera
1241 3588 1321 3669 juris
1348 3591 1445 3652 subti-

156 3687 246 3762 litati,
265 3687 311 3749 uti
337 3687 370 3748 iu
390 3689 461 3770 jure
484 3707 654 3751 aureorum
677 3688 878 3768 annulorum,
902 3701 934 3752 et
960 3691 1125 3771 similibus,
1156 3713 1230 3758 cum
1254 3699 1359 3778 potius
1378 3719 1452 3782 aga·

153 3805 206 3858 tur
220 3793 261 3857 de
276 3793 346 3876 lege
361 3793 403 3856 ad
419 3794 598 3856 naturalem
621 3795 798 3876 quamdam
811 3815 814 3820 ’
825 3796 1026 3862 honestatem
1052 3802 1235 3881 composita,
1264 3823 1328 3868 non
1354 3805 1447 3870 facile

156 3915 319 3988 propterea
334 3905 463 3985 insuper
477 3903 634 3983 habenda,
650 3925 751 3966 causa
766 3925 831 3968 non
856 3908 993 3988 cognita.
1037 3908 1203 3972 Adversus
1228 3930 1290 3989 eos,
1316 3915 1372 3993 qui
1388 3914 1453 3978 die-

154 4023 220 4078 tam
236 4014 339 4094 legem
357 4015 404 4076 19.
419 4013 488 4076 cod.
505 4013 544 4075 de
559 4013 668 4094 nuptis
681 4014 901 4097 apocrypham
924 4027 1046 4096 putant,
1070 4016 1206 4080 adferre
1227 4039 1350 4100 possem
1367 4023 1448 4102 cpis-

155 4119 249 4184 tulrm
288 4121 401 4204 Magni
438 4122 579 4203 Gregorii
609 4121 651 4184 ad
680 4123 901 4204 Augustinum
930 4123 1083 4207 Anglum,
1112 4129 1204 4211 cnjus
1233 4127 1448 4210 fragmentum

156 4231 247 4293 estin
263 4250 335 4294 can.
347 4231 396 4294 20.
413 4249 499 4292 caus.
516 4229 566 4304 35.
582 4241 704 4311 quaest.
721 4231 750 4294 2.
769 4232 822 4294 nbi
838 4231 960 4310 dicitur,
977 4233 1154 4314 quamdam
1170 4233 1274 4315 legem
1287 4236 1319 4298 iu
1335 4236 1451 4300 Ruma-

149 4356 198 4418 με
222 4339 353 4424 publica
382 4340 568 4423 permittere,
593 4349 628 4402 ut
652 4338 710 4402 filii
733 4338 877 4416 fratrum,
906 4351 939 4406 et
964 4359 1107 4406 sororum
1136 4343 1275 4406 invicem
1303 4345 1451 4429 conjugio
