3210 4990
163 387 227 486 154
520 409 761 455 nrsssnraaro
783 407 939 470 ausari,
963 409 1041 454 car.
1063 389 1105 454 11.

157 529 193 592 ni
207 529 355 594 obnoxia.
379 529 475 594 Porro
490 531 523 594 in
538 531 707 614 posteriore
722 531 785 593 hae
800 541 889 614 parte
904 529 985 594 illud
1002 531 1060 594 erit
1075 529 1216 594 officium
1234 529 1409 612 publicum,
1423 537 1464 592 ut

156 651 252 704 nemo
266 641 309 704 ad
322 643 510 725 conjugium
526 642 610 705 inira
625 642 829 724 designatam
844 651 983 706 aetatem
998 643 1196 722 admittatur,
1210 642 1298 725 quod
1304 643 1332 705 si
1338 641 1380 705 ad
1387 660 1464 705 oon-

150 745 280 827 jugium
289 748 359 830 Jam
374 749 551 827 accesserit,
568 749 610 811 ad
624 749 870 812 dissolutionem
885 749 1029 832 conjugii
1044 749 1243 830 deveniatnr,
1258 752 1352 833 quasi
1368 769 1465 815 num-

153 873 255 938 quam
269 857 449 938 constiterit,
462 861 524 924 nisi
538 871 655 924 natura
669 859 739 943 ipsa
753 858 846 940 t'aoto,
863 860 963 924 veluti
977 859 1064 942 prole
1079 873 1237 944 suscepta,
1260 861 1463 926 demonstra-

153 964 235 1027 verit
259 967 484 1029 contrahentes
510 987 583 1030 vere
605 967 738 1031 idoneos
761 967 869 1031 luisse.
913 969 1093 1051 Nunquam
1119 989 1194 1034 vero
1214 971 1461 1056 'indulgepdum

151 1079 209 1149 ost,
226 1080 263 1132 ut
276 1073 481 1136 matrimonia
504 1075 743 1154 contrahantur,
759 1075 840 1138 inter
868 1076 1019 1159 pupillos,
1036 1079 1134 1141 etiam
1150 1079 1176 1141 si
1192 1079 1408 1161 profiteantur,
1424 1097 1463 1142 se

153 1179 285 1244 idoneos
300 1203 377 1263 esse,
393 1194 425 1246 et
438 1196 566 1268 paratos
581 1185 624 1248 ad
639 1186 782 1269 conjugii
797 1184 889 1266 fines3
914 1187 1087 1269 siquidem,
1104 1193 1226 1253 ut'utar
1241 1191 1350 1275 phrasi
1365 1189 1474 1253 luno--

85 1329 88 1337 ·
151 1291 248 1356 centii
265 1289 322 1357 111.
338 1293 372 1361 in
387 1313 457 1378 cap.
473 1295 502 1360 6.
519 1296 553 1359 in
568 1295 633 1359 fine
649 1295 689 1358 de
705 1295 775 1377 frig.
792 1307 824 1358 et
838 1297 948 1360 males.
964 1299 1004 1362 de
1021 1301 1144 1364 talibus
1157 1321 1224 1365 reon
1238 1303 1466 1388 estfacileju-

152 1399 342 1482 dr‘oondum,
355 1403 720 1488 eumfiraolejudieium
730 1404 875 1488 paroeat
889 1406 1066 1488 eastum-o.

194 1511 277 1591 Non,
301 1513 579 1594 quemadmodum
593 1513 634 1577 de
659 1499 881 1598 impuberibus
908 1515 1032 1581 dictum
1058 1497 1117 1598 e'st,
1140 1517 1185 1580 de
1212 1519 1337 1582 sasibus
1361 1521 1462 1586 etiam

152 1629 226 1684 utut
240 1621 498 1703 provectissimae
513 1622 626 1685 aetatis
641 1633 768 1706 recepta
781 1622 842 1687 fuit
858 1621 1042 1707 disciplina,
1055 1643 1256 1706 quamquam
1267 1627 1354 1688 enim
1370 1625 1462 1708 apud

153 1737 276 1792 vetares
300 1729 370 1811 lege
385 1729 480 1808 Julia,
506 1739 538 1793 et
553 1731 656 1812 Papia
669 1732 860 1814 conjugium
887 1730 1094 1794 interdictum
1121 1729 1216 1793 suerit
1230 1731 1307 1794 viris
1327 1747 1463 1813 sexage-

152 1837 250 1916 nario,
274 1849 306 1900 et
319 1837 448 1901 feminis
470 1839 750 1922 quinquagenario
776 1841 963 1924 majoribus,
993 1859 1032 1904 ea
1046 1849 1155 1903 tamen
1181 1839 1235 1904 lex
1250 1859 1315 1908 non
1341 1841 1397 1904 diu
1414 1842 1462 1906 vi·

152 1941 232 2022 guit,
248 1943 399 2024 abrogata
414 1944 554 2026 primum
569 1951 590 2010 a
604 1945 744 2019 Claudio
762 1947 907 2026 Caesare,
940 1949 988 2011 uti
1003 1959 1139 2012 testatrr
1153 1949 1327 2013 Suetonius
1342 1933 1375 2014 in
1390 1951 1463 2035 ejus

153 2049 222 2113 rita
235 2069 305 2133 cap.
323 2052 381 2129 13,
397 2051 513 2117 deinde
528 2055 586 2118 abs
602 2055 786 2119 Justiniano
809 2057 842 2121 in
858 2057 879 2120 l.
896 2057 947 2120 27.
964 2059 1035 2120 cod.
1051 2057 1092 2121 de
1107 2059 1240 2140 nuptiis:
1256 2059 1408 2124 nimirum
1423 2060 1464 2124 li-

151 2169 203 2223 cet
218 2163 274 2223 vix
289 2181 331 2225 ex
355 2163 420 2226 illis
432 2164 557 2246 nuptiis
582 2166 703 2247 sperari
718 2165 844 2228 soboles
869 2166 977 2248 possit,
995 2167 1191 2249 experientia
1215 2179 1322 2232 tamen
1338 2170 1462 2234 consis-

153 2269 199 2348 tit,
215 2269 389 2352 aliquando
403 2269 520 2335 frustra
535 2283 668 2335 naturae
683 2273 806 2336 viribus
821 2273 1006 2355 generalem
1022 2275 1064 2336 ab
1078 2273 1265 2338 hominibus
1280 2275 1385 2357 legem
1400 2275 1462 2340 im.

152 2379 238 2462 poni,
263 2380 538 2461 quemadmodum
563 2379 694 2444 tradidit
722 2381 931 2444 Justinianua
949 2381 1038 2444 idem
1072 2381 1105 2445 in
1120 2381 1141 2444 l.
1167 2383 1217 2446 12.
1233 2383 1302 2446 cod.
1328 2383 1368 2446 de
1383 2383 1466 2466 legit

152 2485 291 2566 haered,
316 2488 525 2570 quamobrem
538 2489 634 2552 sicuti
661 2489 886 2552 Romanorum
899 2488 972 2570 jure
996 2486 1216 2570 recipiendum
1240 2487 1309 2568 suit,
1326 2499 1362 2552 ut
1376 2489 1463 2553 seni-

153 2596 193 2661 lis
207 2611 296 2662 aetas
321 2599 441 2683 nuptiis
466 2599 697 2682 impedimento
722 2617 789 2662 nen
804 2607 898 2678 esset,
916 2597 936 2660 l.
960 2597 989 2660 6.
1005 2595 1038 2659 ff.
1053 2595 1094 2659 de
1119 2597 1207 2662 liber.
1230 2609 1262 2661 at
1284 2601 1397 2682 posth,
1412 2601 1462 2665 ita

152 2705 302 2772 Ecclesia
316 2695 406 2769 nullo
421 2721 568 2788 unquam
590 2717 733 2788 temporo
747 2723 842 2768 senas
857 2711 879 2770 a
893 2703 1014 2788 nuptiis
1036 2705 1146 2796 arpuit.
1190 2707 1291 2777 Quod
1306 2707 1334 2770 si
1349 2707 1462 2773 adhue

148 2825 332 2899 quaeratur,
357 2835 417 2878 our
440 2814 528 2897 legas
551 2815 798 2897 temperaverint
828 2820 849 2879 a
875 2797 1070 2876 definienda
1092 2823 1314 2895 provectorum
1344 2823 1460 2895 aetate,

151 2921 283 3004 quando
298 2932 436 2985 aetatem
459 2922 617 3002 puberum
632 2919 860 3002 definiverunt,
890 2918 973 2982 alias
987 2929 1097 2982 autern
1112 2929 1247 3000 utroque
1268 2919 1302 2981 in
1316 2937 1396 2982 casu
1406 2921 1461 3003 ju·

151 3045 232 3111 gum
246 3027 484 3110 quodammodo
501 3038 634 3092 naturae
656 3029 778 3092 viribus
794 3030 989 3110 imponatur;
1016 3044 1077 3108 ego
1091 3023 1185 3088 facile
1207 3026 1329 3106 dixero,
1346 3027 1478 3112 legum¹

150 3146 299 3200 auctores
313 3137 346 3200 in
361 3137 518 3220 conjugiis
532 3119 736 3219 potissimum
751 3135 932 3218 respexisse
943 3135 986 3198 ad
1001 3137 1162 3218 integrum
1173 3133 1274 3200 ariimi
1285 3136 1462 3221 judicium,

151 3251 261 3324 utpote
275 3241 361 3324 quod
377 3243 547 3326 praecipue
563 3244 808 3308 matrimonium
834 3243 920 3324 facit,
935 3242 1023 3307 istud
1048 3244 1137 3306 enim
1151 3244 1203 3308 rel
1219 3245 1252 3308 in
1267 3245 1338 3327 ipsa
1352 3248 1462 3330 ingra-

151 3365 301 3416 vescente
316 3371 432 3416 senum
446 3353 666 3435 aetatevigere
681 3351 770 3432 solet,
784 3352 862 3415 licet
871 3353 1010 3435 corporis
1020 3355 1103 3415 vires
1118 3353 1275 3435 paulatim
1290 3355 1458 3440 deficiant;

151 3471 186 3525 at
199 3472 344 3544 respectu
359 3460 555 3544 pupillorum
569 3470 601 3524 et
614 3479 730 3544 corpus
746 3479 858 3542 aeque,
880 3469 912 3523 et
922 3445 1057 3524 'animus
1072 3459 1194 3524 sensim
1209 3459 1400 3541 adolescere,
1423 3471 1460 3528 et

150 3569 261 3653 perfici
276 3561 437 3634 videntur.
1349 3555 1353 3566 ⁸

193 3673 326 3756 Natura,
342 3695 401 3740 rau
426 3675 567 3740 naturali
581 3675 667 3752 vitio,
683 3673 782 3738 etiam
801 3673 1007 3754 prohibentur
1029 3673 1159 3756 nuptias
1182 3673 1379 3756 contrahere,
1396 3677 1458 3758 qui

149 3792 311 3868 perpetua,
328 3793 360 3846 et
374 3783 548 3858 insanabili
564 3781 702 3846 coeundi
716 3781 904 3864 impotentia
917 3782 1073 3863 laborant;
1089 3781 1176 3863 qnod
1192 3781 1364 3864 exduplici
1379 3805 1458 3851 oau-

151 3911 189 3956 sa
203 3892 360 3975 proficisci
376 3913 467 3977 posse
481 3892 581 3976 vulgo
599 3892 915 3957 tracitur:·nimirum
930 3890 982 3953 vel
996 3909 1042 3956 ex
1057 3891 1351 3974 naturalicorporis
1366 3895 1455 3976 vitio,

151 3999 205 4064 vel
219 4019 262 4064 ex
287 4000 503 4082 improborum
528 3999 700 4062 hominum
726 3979 896 4062 maleficio.
940 3999 1011 4062 Hoc
1026 4009 1082 4076 est,
1105 4017 1170 4081 quo
1193 4001 1349 4081 portinere
1363 4005 1458 4087 ajunt

151 4111 283 4178 titulum
297 4113 390 4177 illum
408 4110 624 4174 Decretalium
640 4109 681 4174 de
695 4109 828 4193 frigidis,
843 4121 876 4172 et
890 4109 1102 4176 maleficiatis.
1145 4109 1228 4174 Mihi
1252 4131 1330 4176 sane
1345 4115 1458 4196 singu·

151 4223 185 4287 la
198 4222 342 4308 ejusdem
356 4221 440 4285 tituli
464 4219 572 4301 capita
586 4219 808 4303 perscrutandi
832 4219 914 4284 nihil
929 4219 1071 4299 occurrit,
1099 4221 1132 4281 in
1147 4237 1212 4300 quo
1226 4219 1268 4283 de
1289 4220 1458 4306 hujusmo-

152 4330 187 4396 di
202 4331 368 4406 malefiqiis
383 4330 435 4393 vel
460 4330 625 4394 levissima
640 4329 761 4394 mentio
786 4327 883 4392 fieret
928 4327 1002 4392 Non
1017 4329 1128 4410 ignoro
1142 4333 1163 4393 a
1185 4327 1331 4411 pluribus
1344 4329 1456 4398 referri

149 4443 292 4531 speciem
306 4443 440 4528 capituli
454 4441 561 4509 ultimi
575 4439 646 4507 eod.
662 4449 718 4523 tit,
733 4459 776 4506 ex
790 4437 930 4524 eoquod
943 4437 1066 4504 ibidem
1080 4437 1213 4524 legatur,
1227 4441 1380 4528 conjuges
1394 4443 1456 4509 im-
