3290 4988
200 386 267 460 dut
435 402 525 450 reus
539 399 714 466 secenum
729 391 1137 466 praesensionum,
1152 391 1231 451 ceo.
1246 369 1273 438 1.

201 527 292 594 sione
317 523 456 592 sublata.
499 523 667 590 Postrema
680 517 878 588 definitionis
900 515 1000 583 serbe
1014 523 1062 598 ut⁸
1078 515 1293 610 contiguum
1316 513 1387 604 4⁴02,
1403 511 1506 602 desig·

203 645 284 712 ucut
298 633 397 700 finem
424 641 644 717 censurarum,
670 649 755 718 quae
776 647 843 694 nou
858 627 902 694 ed
927 625 1127 712 perdendum
1153 621 1344 704 inseruntur,
1367 623 1415 686 uti
1429 621 1507 688 iulo

201 750 316 806 runtur
330 758 463 826 poeuce,
488 739 546 806 sed
563 739 607 816 ed
620 737 858 824 corrigendum
885 755 952 822 qua
967 735 1002 802 in
1023 755 1057 816 re
1070 735 1268 818 observatur,
1292 731 1336 796 ob
1356 734 1507 800 camdem

199 868 336 930 oausam
360 869 516 916 censuras
532 849 566 916 in
591 868 646 912 eos
662 845 773 932 infligi,
797 845 973 932 dequibus
998 863 1072 930 spes
1087 844 1174 910 bone
1198 861 1270 907 esse
1293 839 1404 928 possit,
1422 838 1505 910 tutu

129 963 130 966 ’
177 966 283 1049 rum,
298 957 558 1044 uteorrigsntu'n
583 975 669 1042 quoe
683 973 757 1042 spec
772 957 800 1022 si
816 974 882 1022 uon
907 965 1000 1037 esset,
1015 971 1081 1022 uou
1095 971 1242 1034 censure,
1264 951 1323 1028 sed
1336 967 1446 1038 poena
1460 950 1505 1016 iu·

198 1059 341 1129 terretur.

710 1453 711 1458 ’
739 1445 892 1512 utem*
918 1445 961 1510 ll.

515 1692 568 1766 De
582 1683 635 1782 iis,
652 1701 710 1788 qui
722 1707 864 1786 possunt
880 1689 1039 1790 censuros
1051 1689 1186 1788 inferre.

198 2002 325 2222 NON
339 2163 410 2212 esse
425 2119 615 2248 potestetem
625 2116 754 2245 ordiriis,
771 2087 827 2212 sed
838 2122 1092 2245 jurisdictionis
1083 2167 1241 2250 sacrae,
1217 2163 1290 2248 cem
1292 2168 1403 2237 ,quae
1413 2171 1500 2220 exer·

195 2269 285 2322 cetur
298 2257 332 2322 in
358 2254 532 2349 inserendis
546 2259 699 2338 censuris,
728 2255 821 2321 facile
847 2255 1061 2322 demonstrari
1075 2265 1179 2341 potest
1201 2274 1245 2319 ex
1240 2258 1428 2353 puucipiis
1448 2277 1499 2340 ge

195 2366 360 2432 uerelibus
386 2343 474 2433 teme
489 2365 570 2430 alies
586 2365 696 2450 positis
723 2363 755 2430 in
771 2365 960 2457 tractatione
983 2363 1024 2428 de
1037 2363 1213 2464 potioribus
1239 2345 1408 2430 Ecclesiae
1434 2363 1499 2450 dig·
1608 2359 1609 2410 l

195 2441 376 2552 ιιὶιιιίῑιιιε,
378 2482 409 2536 ct
424 2470 547 2536 officiis.
591 2473 676 2536 Cum
693 2474 780 2536 enirn
795 2448 916 2537 ibidem
931 2473 1125 2552 statuissem,
1141 2490 1215 2536 eom
1230 2469 1294 2538 dici
1310 2485 1498 2558 potestatem

191 2569 433 2660 jurisdictionis
441 2597 560 2659 sacrae,
586 2573 673 2664 qrrae
687 2583 789 2666 ajuro
804 2581 950 2665 gentium
973 2579 1123 2644 omnibus
1110 2551 1259 2664 ubique
1272 2581 1500 2647 Sacerdotibus

195 2699 351 2746 concesse
366 2681 427 2748 suit
452 2685 541 2770 apud
556 2705 669 2752 ornnes
685 2689 841 2772 nationes,
868 2667 1097 2754 Sacerdotibus
1112 2683 1222 2752 eutem
1237 2687 1258 2752 J
1261 2689 1439 2756 udacorum
1456 2688 1501 2756 di·

198 2792 276 2856 ιίιιι
290 2795 479 2857 auctoritate
492 2794 618 2876 tributa,
630 2815 669 2860 ac
682 2795 834 2874 tandem
826 2817 859 2862 ιιι
876 2795 1058 2900 Evangelio
1073 2801 1093 2862 ι
1108 2797 1176 2860 Deo
1188 2795 1362 2862 tra'nslato
1354 2819 1388 2864 ιιι
1400 2799 1500 2884 Apes

198 2905 289 2986 tolos,
304 2915 336 2968 et
352 2905 576 2989 Apostolorum
592 2927 802 2990 successores,
817 2908 896 2972 setis
911 2909 971 2972 erit
985 2908 1135 2986 indicare,
1161 2925 1316 2994 censuras
1332 2928 1397 2972 non
1412 2909 1500 2994 apud

196 3011 398 3080 Christianos
413 3025 548 3096 tontum,
575 3013 632 3080 sed
648 3027 679 3080 et
694 3016 782 3100 apud
798 3015 985 3100 ludaeos,
977 3036 1076 3082 immo
1091 3027 1123 3082 et
1138 2989 1226 3102 apud
1242 3015 1324 3081 elias
1338 3029 1454 3102 gentos
1467 3018 1499 3082 in

196 3137 259 3184 usu
275 3120 384 3200 luisse,
401 3132 436 3184 ut
452 3122 583 3206 liqueat,
608 3143 720 3189 veram
734 3135 766 3188 et
780 3126 906 3210 proprie
931 3120 1051 3189 dictum
1062 3123 1320 3215 jurisdictionem
1338 3131 1371 3190 lu
1387 3146 1518 3192 censu.

195 3227 238 3292 ris
253 3227 439 3312 infligendis
454 3233 628 3296 exerceri·
646 3233 742 3318 Apud
760 3247 873 3318 gentes
897 3254 997 3298 censu
1016 3253 1108 3300 urum
1123 3233 1285 3336 quasdem
1307 3235 1434 3320 species
1447 3255 1499 3300 ex·

196 3339 305 3420 titisse,
321 3339 405 3404 belle
420 3341 530 3426 probat
546 3343 766 3409 testimonium
782 3345 956 3410 Caesaris
949 3365 980 3410 ιιι
999 3345 1067 3412 libr.
1080 3345 1109 3410 6.
1126 3343 1166 3408 de
1183 3329 1273 3408 Bello
1288 3345 1416 3411 Gallico
1430 3367 1498 3432 cup.
1608 3379 1609 3390 2

195 3451 224 3516 t.
227 3452 438 3542 scribentis,
444 3453 533 3520 hunc
548 3475 669 3521 morem
686 3455 786 3520 fuisse
801 3457 889 3542 apud
904 3459 1084 3522 Germanos
1100 3469 1137 3522 et
1146 3455 1268 3522 Gallos
1296 3457 1337 3522 m
1351 3481 1429 3546 prus
1443 3469 1500 3525 etet

193 3568 359 3652 privatur,
374 3577 434 3634 eut
444 3570 600 3655 populus,
616 3589 731 3635 eorum
745 3569 791 3655 (id
807 3584 856 3634 est
869 3570 1095 3656 Sacerdotem)
1117 3571 1242 3636 decreto
1256 3591 1322 3636 non
1335 3572 1436 3652 stetit,
1451 3593 1500 3636 ec·
1608 3573 1609 3634 Q

196 3671 330 3758 cristulis
355 3677 565 3741 interdicunt.
610 3676 702 3742 Haec
715 3699 822 3764 poena
847 3679 941 3785 apud
956 3700 1009 3743 eos
1026 3688 1074 3742 est
1096 3679 1317 3762 gravissim-u.
1370 3676 1501 3753 Quibus

196 3787 247 3851 ²¹⁶
261 3795 309 3850 θεῖ
325 3771 585 3866 mmmmm,
573 3791 600 3854 τί
614 3811 751 3856 numero
765 3792 956 3876 impiorum,
982 3799 1012 3856 et
1027 3791 1258 3856 sceleratorum
1272 3789 1446 3854 lenirentur:
1461 3789 1500 3853 ub
1608 3849 1609 3862 ,

196 3899 240 3964 iis
256 3921 368 3966 omnes
382 3901 548 3984 decedunt,
565 3903 697 3968 aditum
713 3923 833 3980 eorum,
848 3923 1095 3988 sermonemque
1116 3903 1309 3988 defugiunt,
1325 3901 1451 3986 nequid
1463 3919 1501 3966 ec

194 4010 389 4092 contagione
404 4009 601 4096 incommodi
617 4011 796 4094 accipiant;
823 4031 925 4094 neque
941 4009 984 4073 iis
994 4009 1257 4096 putentibusjue
1270 4008 1435 4088 redditur,
1449 4028 1500 4072 ne·

196 4121 369 4210 qnebonos
384 4123 760 4188 nllneeommunieetur·.
805 4121 873 4186 Hir
888 4130 1000 4186 autem
1014 4121 1165 4186 omnibns
1180 4120 1500 4206 Druidibuspreert

197 4254 294 4312 unns,
321 4235 379 4319 qni
403 4234 573 4300 summam
598 4233 683 4320 inter
697 4255 751 4300 coe
775 4234 870 4298 babet
894 4235 1127 4322 arroteritetem
1142 4234 1201 4320 dm.
1245 4231 1345 4318 Apud
1359 4232 1498 4298 ludaeos
1608 4219 1609 4238 ³

194 4339 340 4403 extitisse
362 4339 523 4422 quosdam
546 4337 797 4422 infligendarum
823 4359 1034 4430 censurarum
1061 4336 1173 4402 modos
1200 4339 1312 4421 probat
1336 4347 1436 4420 caput
1450 4336 1495 4402 23.

199 4441 449 4528 Derrtcronomii,
464 4447 540 4520 item
555 4445 697 4512 Joauncs
709 4447 742 4512 in
758 4442 949 4532 Evangelio,
966 4445 1046 4511 dum
1059 4444 1150 4510 refert
1166 4445 1197 4510 iu
1211 4464 1280 4532 cap.
1295 4445 1325 4514 9.
1342 4463 1424 4509 vers.
1440 4441 1496 4520 22..
1608 4431 1609 4444 ¹
