3216 4988
169 475 172 482 ,
255 423 899 474 nacaaarcrsoormutorscrrcrnru
926 421 1262 470 oncruunasrrnus.
1349 401 1411 466 235
1482 427 1485 433 ·

106 561 216 616 mento
230 569 302 616 can.
318 553 346 615 5.
363 567 451 614 caus
467 548 517 612 23.
532 559 656 630 quaest.
671 547 701 612 3.
745 547 861 629 Neque
875 546 928 610 his
943 545 1049 608 obstat
1070 563 1175 608 canon
1191 544 1240 606 36.
1257 543 1329 606 dist.
1347 544 1410 624 50,

108 669 218 739 utpote
232 658 287 740 qni
314 657 356 718 ad
371 675 425 718 eos
441 653 626 720 referendus
641 667 698 736 cst,
718 657 781 737 ,qni
796 654 923 720 nullam
938 653 1191 718 moderationem
1219 653 1293 716 belli
1309 673 1412 716 causa

106 777 327 826 servaverant.
361 765 442 827 Item
457 780 498 827 ex
515 764 700 845 Apostolica
716 763 811 828 Pauli
826 763 970 826 doctrina
985 763 1076 846 epist.
1095 764 1121 826 l.
1139 761 1180 825 ad
1197 763 1412 829 Timotheum

106 891 177 954 cap.
193 873 223 934 3.
239 873 321 936 sacri
346 873 514 934 Arrtistitos
529 863 713 956 voluerunt,
739 891 780 934 ne
795 872 910 936 Clerici
927 891 1126 954 quemquam
1151 871 1343 951 caederem,-
1355 883 1412 936 aut

105 989 317 1064 percuterent,
343 981 387 1044 ita
402 991 438 1046 ut
453 981 633 1060 caedentes,
660 959 712 1043 vel
728 983 953 1063 percutientes
969 981 1109 1062 graviter
1131 981 1322 1063 corripiendi
1339 983 1412 1059 sint,

104 1102 137 1157 et
153 1090 181 1152 si
197 1107 262 1154 non
279 1090 476 1172 resipuerint,
498 1088 690 1172 deponendi,
707 1109 779 1153 can.
797 1091 835 1170 1,
850 1100 882 1150 et
897 1088 1105 1170 sequentibus
1130 1087 1280 1167 uiscus,
1296 1107 1367 1170 cap.
1386 1089 1412 1150 l.

102 1199 145 1262 de
161 1197 288 1262 Clerioo
302 1185 496 1279 percussure.

146 1306 384 1388 Inquirendum
400 1305 496 1370 etiam
513 1305 574 1372 luit
588 1307 621 1370 in
637 1307 835 1370 Clerioorum
850 1305 973 1396 studia,
991 1315 1025 1368 et
1038 1305 1140 1367 bonas
1155 1313 1248 1382 artes,
1265 1313 1302 1366 ut
1316 1304 1358 1365 ab
1373 1303 1413 1364 iis

100 1395 314 1483 addiscendis
329 1427 549 1500 temperarent,
565 1437 650 1499 quac
663 1417 794 1482 illorum
808 1415 984 1480 conditioni
999 1417 1109 1480 minus
1125 1425 1201 1497 apta
1217 1413 1413 1492 viderentur,

99 1539 134 1592 et
149 1537 285 1591 totosse
309 1528 404 1590 rebus
419 1527 549 1606 divinia,
575 1537 606 1590 ct
620 1519 720 1590 sacris
747 1525 943 1590 addicerent.
988 1523 1152 1605 Equidem
1167 1524 1245 1586 olim
1270 1522 1414 1586 nonfuit

98 1655 188 1722 opus
202 1655 368 1701 canonum
393 1636 614 1700 sanctionibus
629 1645 687 1699 aut
700 1652 836 1698 numero
851 1632 1008 1715 plurimis,
1036 1642 1094 1704 ant
1109 1633 1141 1694 vi
1158 1631 1412 1710 vehementibus,

47 1733 57 1748 “
99 1759 138 1810 ut
155 1745 278 1808 Clerici
290 1745 331 1808 de
354 1763 413 1809 sno
428 1725 562 1810 munere
577 1745 836 1807 admonerentur:
864 1750 976 1824 sponte
992 1741 1080 1803 enim
1104 1741 1329 1822 unusquisqne
1346 1741 1413 1801 suis

97 1853 221 1918 officiis
238 1855 452 1918 incumbebat.
497 1855 540 1918 At
554 1861 727 1938 postquam
742 1851 919 1914 deventum
934 1850 1036 1914 estad
1050 1851 1195 1928 obscura,
1211 1859 1243 1912 et
1258 1868 1339 1932 pene
1354 1848 1415 1912 fer·-

98 1981 156 2028 rea
172 1964 315 2044 saecula,
339 1963 503 2028 decimum
518 1963 600 2042 dico,
616 1976 648 2026 et
664 1961 883 2039 undecimum,
901 1961 1036 2023 obrutus
1057 1969 1105 2022 ast
1119 1959 1225 2023 clerus
1242 1960 1414 2022 universus

96 2072 303 2136 densissima
325 2091 430 2135 rerum
455 2071 605 2155 caligine,
633 2089 691 2134 seu
717 2070 926 2152 ignoratione.
971 2069 1100 2133 Primus
1126 2069 1208 2132 inter
1234 2069 1414 2132 Monachus

98 2178 294 2243 Desiderius
318 2179 523 2242 Caeninensis
547 2178 666 2255 Abbas,
691 2177 749 2257 qui
765 2175 841 2238 inde
856 2175 917 2238 snit
931 2175 1040 2242 Victor
1063 2174 1121 2238 111.
1137 2193 1225 2238 anno
1248 2173 1349 2253 tuna,
1368 2173 1415 2237 uti

94 2287 208 2370 liquet
220 2305 263 2350 ex
285 2286 438 2350 chronico
453 2285 641 2350 Cassinensi
667 2285 735 2348 libr.
751 2285 780 2346 3.
797 2303 866 2366 cap.
883 2285 944 2363 63,
961 2285 1163 2367 exemplaria
1182 2283 1346 2366 quaedam
1362 2283 1413 2346 cdi
1437 2292 1440 2300 ’

74 2393 233 2463 'narravit
246 2405 278 2461 et
293 2397 505 2475 novellarum,
528 2406 560 2459 et
575 2395 814 2460 institutionum
824 2395 906 2478 juris
921 2395 1128 2468 Justinianei,
1172 2395 1259 2458 Hinc
1274 2396 1415 2477 primum

93 2523 269 2586 emergere
295 2504 397 2586 coepit
413 2503 495 2566 inter
520 2501 700 2568 Monachus
725 2502 873 2566 studium
882 2503 966 2586 juris
991 2502 1141 2583 Romani,
1157 2502 1243 2585 quod
1261 2503 1355 2566 facile
1372 2502 1415 2566 ad

94 2607 247 2680 Clericus
263 2614 450 2676 traductum
463 2623 521 2692 est,
545 2613 733 2699 praesertim
748 2629 811 2692 eus,
838 2613 896 2694 qui
911 2615 1014 2675 vitam
1042 2611 1224 2695 regularem
1239 2611 1416 2676 Monacho-

93 2745 177 2792 rum
191 2725 343 2809 exemplo
357 2723 599 2808 profitebantur;
623 2725 669 2788 illi
685 2735 804 2803 autem,
821 2724 877 2807 qui
892 2725 975 2786 inter
990 2723 1179 2802 Monachus,
1201 2735 1257 2786 aut
1273 2723 1414 2787 Clericus

94 2833 249 2898 uberiore
264 2823 343 2916 juris
364 2832 477 2914 peritia
491 2831 687 2908 eminebant,
710 2830 831 2894 exinde
846 2829 1017 2894 sumebant
1032 2830 1246 2908 occasionem,
1270 2840 1306 2893 ut
1320 2839 1413 2892 extra

93 2945 256 3019 claustra,
273 2940 322 3002 vel
340 2940 506 3004 Ecclesias
521 2949 679 3008 exeuntes
694 2939 828 3020 negucia
845 2929 1033 3016 saeculdria,
1061 2939 1206 3002 modain
1222 2939 1289 3002 foro
1305 2938 1415 3004 Aduo-¹

92 3059 251 3110 catonum
277 3065 374 3126 mure,
399 3057 626 3110 curatorumve
650 3047 818 3128 agitarent,
846 3045 943 3113 modo
957 3048 977 3112 J
981 3046 1084 3110 udicis
1110 3057 1260 3130 suscepto
1281 3065 1415 3110 munere

93 3151 285 3230 definirent,
300 3155 536 3236 cujuscumque
551 3155 678 3236 generis
693 3153 947 3236 negotiatorem,
964 3155 1034 3218 sive
1046 3155 1164 3235 civilia,
1181 3155 1250 3220 siue
1265 3157 1416 3220 crimina-

57 3303 68 3312 -
93 3263 156 3326 lia.
182 3259 352 3326 Praeterea
377 3262 570 3344 appulerant
595 3261 709 3326 eodem
735 3273 877 3346 tempore
903 3264 1027 3366 Arabes
1054 3265 1087 3328 in
1114 3265 1253 3346 Italiam,
1281 3265 1427 3350 professi
1450 3269 1456 3277 ‘
1485 3316 1489 3325 .

93 3371 330 3462 physicorum,
356 3389 416 3436 seu
433 3371 636 3436 Medicorum
658 3381 743 3436 artes
760 3391 801 3436 ex
817 3373 999 3454 Aristotele,
1014 3375 1218 3466 Hippocrate,
1242 3385 1274 3438 et
1286 3375 1415 3438 Galeno

93 3478 279 3559 derivatam
306 3479 357 3542 his
372 3490 481 3544 autem
496 3479 592 3544 facile
615 3481 677 3546 snit
690 3481 839 3546 omnium
869 3501 949 3564 pene
964 3483 1024 3548 sibi
1038 3483 1202 3548 conciliari
1228 3484 1413 3548 admiratio-

93 3603 189 3664 nem,
206 3595 239 3646 et
265 3585 533 3667 benevolentiam,
559 3598 590 3650 et
605 3583 751 3670 giutiam·
769 3587 916 3668 dixerim,
943 3600 1017 3652 utut
1042 3591 1201 3655 nonsatis
1228 3591 1348 3654 exculti
1364 3609 1413 3654 es·

93 3705 185 3760 sent:
200 3697 322 3758 etenim
349 3695 429 3758 inter
444 3694 579 3775 desides,
602 3706 635 3758 et
649 3696 780 3760 hebetes
795 3695 943 3760 homiues
958 3696 1052 3777 quasi
1067 3695 1221 3758 coelestes
1244 3695 1378 3760 virtutes
1394 3699 1413 3759 e

92 3801 192 3866 coelo
215 3799 368 3884 delapsae
394 3801 597 3868 videbantur.
641 3804 706 3888 Ipsi
722 3803 783 3866 soli
809 3803 998 3886 Philosophi
1022 3803 1206 3885 audiebant,
1233 3817 1265 3868 et
1284 3805 1412 3884 Medici,

7 3977 21 3984 ,,
93 3928 243 3994 quorum
258 3911 436 3976 imitatione
458 3911 567 3974 statim
583 3913 782 3994 quicumque
797 3931 906 3975 amore
921 3913 1079 3976 bonarum
1102 3911 1221 3974 artium
1238 3911 1414 3993 tangeban-

92 4034 160 4099 tur,
176 4031 211 4084 et
235 4020 268 4083 in
285 4020 454 4102 Physicae,
479 4032 510 4084 et
525 4023 558 4085 in
585 4021 733 4086 Medione
748 4022 824 4086 artis
851 4021 961 4084 studia
976 4041 1010 4083 se
1021 4005 1240 4098 conferebant,
1269 4021 1368 4084 otiam
1384 4024 1411 4086 si

94 4132 258 4197 Monachi
275 4141 389 4211 essem,
407 4143 464 4212 aut
479 4132 608 4222 Clerici,
622 4144 732 4216 utpote
746 4133 802 4216 qui
818 4133 998 4215 sperabant,
1015 4153 1049 4195 se
1065 4129 1261 4214 professione
1278 4131 1414 4198 istarum

93 4243 221 4312 artium
237 4240 362 4306 futuros
378 4245 574 4326 cuicumque
589 4245 839 4327 acceptissimus.
884 4245 969 4308 ilinc
987 4245 1038 4308 vel
1053 4246 1113 4326 ipsi
1130 4245 1266 4325 majores
1282 4244 1413 4308 Praela-

92 4354 129 4432 ti,
147 4362 184 4414 et
199 4351 341 4414 abbatas
367 4351 547 4447 physicam,
574 4373 633 4426 ,seu
647 4353 844 4418 medicinam
870 4353 1110 4436 profitebantur.
1155 4354 1210 4417 Sic
1232 4353 1408 4419 Fulbertus

93 4461 312 4526 Carnotensis
330 4461 518 4545 Episcopus,
542 4461 661 4546 aliique
677 4464 854 4554 Antistites,
871 4463 939 4546 ipse
955 4465 1063 4526 etiam.
1076 4465 1188 4531 Petrus
1206 4464 1411 4528 lumbardus
1525 4451 1527 4456 ¹
1547 4507 1550 4530 r
