3134 4984
210 431 291 504 §tte
479 459 569 504 saus
583 459 708 518 sarua,
725 457 967 506 amassai-to
982 461 1131 523 deame,
1142 463 1218 508 cie.
1235 439 1277 506 11.

210 587 248 648 d
262 581 475 646 sanctissimis
501 581 707 648 sermnem
722 581 765 646 ad
785 581 942 649 alimenta
956 594 1143 668 pauperina,
1166 593 1197 648 at
1210 597 1447 666 perognnornm
1464 559 1519 644 tilx

207 734 210 742 ι
226 681 478 774 tedamptionem
493 692 703 776 captivorum,
726 691 769 753 ad
783 692 963 756 currendam
979 704 1143 756 sacrarum
1163 693 1298 758 aedium
1328 693 1495 756 restauratis

216 791 310 862 ‘'riam.
341 796 527 862 Permittetis
552 797 651 862 etiam
676 789 873 880 quandoqile
899 801 1020 864 selinus
1046 802 1088 864 ad
1111 801 1320 866 ecclesiarum
1344 800 1496 878 unitatae,

206 917 320 989 'prout
336 907 489 990 Episcopi
515 905 546 969 id
563 905 714 990 expedire
729 907 813 974 bono
837 905 968 990 publico
979 908 1223 988 iudicavissent.
1269 909 1369 972 Deest
1383 909 1412 971 in
1428 907 1496 970 bisce

224 1021 355 1088 casibus
368 1034 593 1102 quascumque
618 1020 774 1082 simoniae
789 1032 875 1098 nota;
893 1037 969 1083 nam
986 1009 1142 1102 imprimis
1167 1039 1231 1083 nou
1249 1020 1427 1102 penduntur
1439 1027 1497 1080 tua

207 1131 348 1217 'perella
362 1128 590 1213 spiritualibus3
617 1127 735 1191 deiude
751 1145 810 1192 nec
827 1129 961 1204 videtui,
987 1130 1043 1210 qui
1059 1127 1189 1207 alienat,
1204 1128 1386 1192 dominium
1398 1145 1499 1190 exerce

225 1235 502 1302 redistrsltendae
527 1235 581 1316 rei,
607 1253 709 1318 quum
734 1233 842 1319 pittiua
867 1235 1032 1318 dispensat
1058 1236 1224 1300 Ecclesiae
1246 1237 1407 1319 peculium
1424 1237 1498 1317 jarria

225 1357 367 1410 mentem
383 1345 558 1423 Ecclesiae,
585 1345 798 1426 eamdemque
812 1344 854 1408 ob
869 1363 935 1408 rem
962 1363 1024 1408 iton
1041 1347 1084 1408 ita
1100 1365 1134 1408 se
1150 1347 1228 1428 gerit
1253 1348 1284 1408 iu
1302 1345 1499 1408 ecciesiasticis

224 1455 325 1530 bouis,
342 1475 380 1518 ac
395 1455 422 1518 si
439 1453 569 1537 profana
597 1471 744 1535 qitaeque
760 1465 916 1516 tractaret.
960 1453 1050 1516 Haec
1067 1455 1145 1515 ratio
1159 1465 1215 1525 est,
1232 1471 1333 1532 spirare
1360 1452 1444 1512 etiem
1458 1449 1497 1509 lto

224 1563 277 1626 dia
291 1561 511 1626 admitteretur
537 1561 688 1641 venditio,
717 1562 768 1624 val
785 1563 925 1643 ipsorum
952 1579 1115 1625 sacrorum
1132 1581 1294 1638 vasorum,
1320 1581 1374 1624 ex.
1388 1559 1499 1641 gasali·

226 1672 349 1750 culum,
365 1681 531 1754 propterea
554 1670 641 1752 quod
658 1671 756 1733 etiam
772 1671 849 1733 olim
875 1673 972 1748 aurei,
1000 1673 1184 1754 urgenteive
1199 1673 1318 1734 calices
1346 1673 1388 1734 ita
1405 1673 1441 1732 ab
1454 1669 1500 1732 lle·

224 1783 324 1846 alesia
339 1793 550 1859 servarentur,
568 1792 603 1844 ut
618 1780 694 1843 data
709 1777 879 1860 occasione
894 1801 949 1864 per
965 1779 1209 1844 Ecclesiasticus
1225 1782 1431 1844 ailmiiiistrus
1444 1780 1501 1840 alia

223 1894 294 1958 nari
311 1892 463 1968 valerent,
479 1909 550 1954 ean.
567 1891 616 1954 tu.
640 1909 729 1952 caus.
747 1891 795 1952 12.
811 1901 935 1970 quaest.
951 1890 991 1966 2.,
1009 1889 1146 1953 Novella
1169 1891 1357 1968 iustiniani,
1373 1911 1447 1972 quiae
1459 1889 1502 1952 lta·

224 1999 316 2062 betur
332 2009 403 2079 pest
425 2017 585 2061 cerionem
608 1997 637 2060 2.
663 2017 752 2060 caus.
770 1997 818 2060 10.
843 2009 966 2078 (piraeei.
982 1999 1011 2060 2.
1056 1997 1102 2062 Et
1121 1998 1399 2079 qitemadmudum
1423 1997 1501 2062 iuliis
1556 2071 1557 2074 Ἴ

224 2107 500 2190 suppellectilibus
525 2105 600 2168 licet
625 2105 873 2168 administratori
900 2106 997 2168 ulium
1023 2103 1160 2168 formam
1176 2106 1261 2181 dare,
1287 2119 1502 2184 contraquam
1556 2101 1557 2154 i

223 2214 315 2276 initio
330 2219 405 2276 data
421 2211 542 2290 fuisset,
568 2213 613 2276 ita
628 2213 703 2276 licet
716 2214 813 2278 ctiam
840 2213 1024 2276 venditione
1039 2213 1226 2290 distrahere,
1250 2233 1290 2275 tic
1305 2217 1335 2276 si
1349 2213 1503 2278 eorrsidett·

225 2333 277 2386 tur
292 2341 356 2386 non
372 2323 576 2402 consecratio,
603 2321 660 2386 sed
676 2341 784 2386 inesse
810 2323 943 2406 argaid,
969 2324 1021 2386 vel
1037 2299 1115 2400 auri,
1141 2325 1193 2387 cui
1208 2327 1407 2388 consecratio
1420 2338 1503 2383 acces

224 2429 299 2492 serit
313 2447 355 2492 ex
368 2428 537 2508 accidenti,
561 2443 593 2492 et
607 2429 648 2492 ud
665 2449 762 2494 usum
778 2448 950 2510 sacrorum,
966 2431 1144 2496 dummodo
1155 2477 1157 2484 ,
1167 2445 1274 2496 tamen
1292 2434 1325 2495 iu
1345 2431 1503 2494 venditione

224 2540 361 2624 pretium
384 2540 632 2626 consecrationis
657 2539 775 2605 iutuitu
802 2557 866 2602 nou
883 2554 1048 2623 erigentur.
1094 2542 1261 2604 Postrema
1277 2542 1390 2623 regula
1411 2551 1460 2614 est,
1473 2537 1503 2598 si·

223 2652 366 2716 moniam
382 2670 446 2714 non
463 2650 589 2714 admitti
611 2652 645 2714 iu
662 2652 699 2714 iis
714 2652 853 2728 casibus,
868 2651 1081 2732 quibusdum
1098 2671 1190 2714 saera
1213 2653 1394 2716 mlittsteria
1406 2651 1504 2712 obcuu

224 2768 285 2838 tur;
302 2756 435 2821 Clericis
459 2757 654 2822 obeuntibus
668 2771 772 2822 certae
792 2759 970 2824 anteimus
985 2757 1239 2842 suppeditantur,
1263 2760 1315 2824 vel
1332 2777 1375 2822 err
1390 2754 1503 2822 liberali·

224 2878 288 2930 tate
303 2867 459 2948 fidelium,
486 2867 536 2932 vel
552 2887 593 2932 cx
608 2869 803 2952 obligatione
827 2889 883 2954 per
900 2869 1079 2934 Ecclesiam
1107 2869 1249 2950 inducta,
1276 2872 1349 2934 sive
1371 2885 1503 2952 expressa
1555 2847 1556 2856 ἵ

224 2977 303 3062 lega,
319 2977 388 3040 sive
402 2997 443 3042 ex
471 2989 597 3060 recepta
610 2978 855 3058 consuetudins,
878 2997 967 3060 quiae
981 2979 1086 3061 legem
1102 2979 1244 3044 inducat.
1287 2979 1328 3042 id
1345 2977 1436 3042 iactis
1454 2993 1505 3056 pet·

223 3089 346 3170 cipitur,
362 3087 487 3169 quoties
513 3087 739 3164 cmrsideretur,
756 3087 920 3169 duplicem
934 3105 1005 3150 esse
1020 3088 1166 3152 divitiani
1191 3088 1306 3169 legam,
1322 3103 1420 3150 tinam
1436 3101 1505 3166 pute

223 3197 395 3278 cipientem
421 3197 519 3260 meris
534 3197 739 3274 administris,
768 3211 802 3258 ut
816 3199 916 3280 gratia
932 3195 1018 3274 dein,
1040 3197 1129 3276 quod
1141 3197 1242 3280 gratis
1264 3191 1505 3280 acceperamu-

224 3319 323 3370 taram
335 3307 511 3390 jubentem,
535 3317 569 3370 ut
585 3311 605 3371 d
622 3306 771 3370 fidelibus
788 3307 922 3370 ministri
946 3322 1108 3370 sacrorum
1130 3307 1268 3371 aluntur.
1312 3308 1400 3373 Cum
1414 3315 1504 3366 eiurat

225 3415 351 3498 utrique
376 3415 437 3498 legi
453 3413 718 3478 satisfaciendum
744 3425 793 3492 sit,
818 3433 922 3496 neque
937 3433 1004 3477 rtua
1030 3415 1083 3476 lex
1097 3415 1230 3478 collidat
1249 3415 1395 3492 alteiam,
1418 3413 1507 3476 dieu·

219 3519 302 3586 dum
318 3531 374 3602 ast,
400 3521 563 3584 ministros
579 3521 746 3584 Ecclesiae
772 3523 816 3584 ita
830 3523 871 3584 de
897 3522 1113 3586 oblationibus
1138 3541 1209 3586 asse
1223 3522 1341 3586 debere
1361 3521 1503 3590 sollicites,

223 3643 260 3718 ut
274 3649 339 3694 non
366 3632 675 3714 tanquampietiutn
690 3630 784 3693 officii
811 3630 1088 3715 illas'pcreipiant,
1107 3632 1163 3695 sod
1181 3645 1337 3713 tanquam
1354 3631 1505 3697 necessita·

224 3745 289 3798 tem
305 3737 553 3818 maledictionis,
568 3746 625 3800 aut
642 3749 796 3819 tauquam
814 3741 884 3820 pias
898 3739 1121 3822 eleemosynas
1136 3741 1169 3804 in
1182 3756 1261 3803 iistis
1277 3742 1349 3824 pios
1363 3739 1504 3804 eculeus

225 3843 284 3904 das
293 3845 391 3927 juxta
415 3843 651 3910 ecclesiasticas
664 3847 900 3928 ‚institutionem
929 3849 1004 3912 item
1027 3847 1139 3910 sidulas
1153 3848 1322 3914 offerentes
1340 3855 1391 3914 its
1403 3843 1506 3910 adduci
1554 3877 1555 3880 ¹

224 3963 366 4035 opertere
381 3949 423 4018 ad
446 3951 650 4020 collationem
675 3956 884 4046 oblationum,
911 3957 993 4018 utin
1009 3956 1072 4017 liae
1094 3953 1238 4030 debiturn
1262 3955 1449 4021 alendorum
1462 3946 1507 4012 ai·

225 4063 397 4126 tristiorum
413 4073 600 4144 agitassent,
617 4081 681 4126 tion
698 4067 834 4145 pretium
850 4083 1023 4140 mererium,
1037 4081 1123 4145 quae
1139 4063 1204 4128 aiut
1217 4065 1408 4146 sttsaepturi.
1432 4061 1506 4124 Haec

204 4191 295 4237 ‚cesse
318 4170 413 4238 debet
439 4171 564 4236 iuterna
589 4184 621 4234 st
647 4171 808 4248 laicorum,
834 4186 866 4236 et
886 4173 1085 4237 Clerieoruttt
1108 4174 1212 4236 animi
1237 4172 1386 4252 adserto,
1414 4179 1508 4234 cunita

176 4311 178 4320 ‚
225 4297 247 4362 q
250 4296 325 4342 tiam
340 4277 395 4360 qui
411 4277 620 4360 delinqueret,
636 4282 796 4344 simoniae
808 4281 923 4346 saltem
939 4281 1091 4347 mentalis
1106 4299 1180 4344 reus
1195 4279 1364 4344 dicuutur.
1406 4281 1454 4344 du
1469 4293 1508 4364 ttss

226 4413 261 4458 ro
275 4394 371 4458 stiam
387 4391 428 4454 de
444 4394 521 4458 reali
534 4394 672 4458 simonia
687 4393 928 4476 redarguendus
942 4407 1034 4472 esset,
1057 4413 1098 4457 ex
1115 4393 1315 4476 pactionibus
1331 4393 1383 4456 vel
1400 4405 1509 4473 expres·

226 4503 281 4580 sie,
297 4502 348 4566 vel
365 4503 477 4582 tacitis,
503 4501 581 4594 item
595 4521 637 4568 cx
653 4502 854 4584 singulorum
880 4502 1040 4568 terarum
1062 4503 1227 4587 adjtrnctis
1235 4499 1447 4588 judicandum
1460 4505 1507 4558 est
