3120 4980
180 385 225 454 eu
414 403 504 454 ress
520 405 647 465 surus,
664 401 907 452 nrsssnrsnro
922 401 1098 465 secunus,
1112 403 1190 452 cas.
1206 377 1248 449 11.

177 525 285 596 Pbotii
300 527 530 594 Nomooarrone
554 527 608 590 his
622 525 738 592 verbis:
764 525 934 597 Haeretici
948 528 1098 610 legitimo
1112 527 1216 608 nudo,
1238 535 1278 592 stt
1291 527 1407 604 cosbrt',
1420 543 1457 592 oe·

174 635 355 721 peliuntur.
400 633 520 698 Verum
535 635 669 698 observo
694 633 861 716 imprimis,
888 634 991 718 isgem
1017 635 1108 698 ilium
1133 635 1169 698 in
1194 635 1328 698 vetustis
1348 635 1459 702 cuites
1547 658 1548 690 ι

164 737 372 818 ,minoribus
387 738 570 818 desiderari,
585 749 617 802 et
631 741 803 804 recentiore
819 760 919 806 menn
941 740 1093 808 amnem
1107 742 1215 810 irrisos.
1260 743 1420 808 Caeterum
1431 741 1460 808 in
1547 749 1548 762 ¹

177 845 247 910 libr.
265 845 292 912 l.
309 845 523 912 Basilicarum
549 849 594 914 tit.
612 850 640 912 1.
656 867 726 931 cap.
742 849 794 912 ut.
819 850 944 934 iegitur:
961 852 1147 936 Legitimis
1170 853 1328 918 boudin
1339 851 1459 919 trudon

178 961 235 1018 tnr
249 955 442 1038 sepulturis,
469 965 501 1018 et
516 955 651 1022 Photius
676 957 710 1020 iu
726 951 960 1024 Nomocsnone
984 961 1029 1024 tit
1048 962 1095 1026 12.
1111 981 1182 1045 cap.
1208 962 1238 1024 2.
1255 961 1296 1026 de
1311 961 1460 1028 haereticis

178 1059 298 1125 scribit:
321 1059 407 1124 Item
420 1061 507 1146 qrrorl
529 1061 679 1144 legitime
692 1065 907 1148 sepelientur.
949 1065 1124 1150 Quidquid
1139 1078 1248 1132 temen
1272 1069 1314 1132 sit
1327 1068 1367 1132 de
1378 1067 1460 1153 huju

175 1168 413 1234 constitutionis
429 1169 504 1250 tide,
530 1170 711 1236 notandum
724 1183 773 1236 est
793 1173 883 1256 npud
900 1184 1021 1241 setores
1045 1175 1290 1243 iureconsuitos
1312 1177 1461 1242 liemooso

175 1275 368 1360 disciplinae
383 1288 478 1342 testes
504 1276 658 1346 traditum
672 1278 782 1360 irrrsse,
804 1281 905 1347 etiam
918 1301 982 1360 ees,
998 1257 1138 1364 quorum
1160 1282 1245 1348 boue
1267 1293 1415 1364 tsuquem
1427 1278 1461 1342 sb

176 1382 311 1466 indigno
325 1384 554 1464 avocabantur,
570 1395 603 1448 ct
616 1387 713 1454 Fisoo
727 1387 970 1470 addicebantur,
985 1388 1096 1460 adhuc
1105 1392 1179 1473 jum
1202 1389 1412 1472 legitimorum
1423 1406 1461 1450 se·
1548 1393 1549 1444 i

176 1491 362 1575 pulcrorum
377 1493 592 1573 retinuisset.
607 1494 657 1558 33.
673 1494 762 1560 nde
777 1497 942 1579 religiosis.
979 1497 1128 1563 Tectum
1142 1497 1177 1560 in
1191 1515 1230 1562 eo
1244 1513 1325 1560 cusu
1342 1492 1462 1560 nien
1548 1487 1549 1494 ’

176 1601 289 1684 gitimo
303 1602 525 1686 sepulcrorum
534 1605 607 1690 Jure
618 1589 883 1686 excludebantur,
898 1623 963 1688 quc
977 1603 1158 1690 perduelles
1172 1615 1279 1670 esseut
1291 1603 1326 1668 iu
1340 1603 1462 1684 Roupu·

176 1713 303 1794 blicam,
319 1733 386 1798 sou,
412 1726 451 1780 ut
463 1717 654 1783 recentiores
681 1716 778 1783 locuti
792 1715 932 1796 fuerunt,
957 1718 1079 1784 crimen
1095 1715 1202 1780 hesse
1229 1714 1402 1801 mejestatis
1417 1709 1464 1776 sd·

177 1823 350 1906 misissent,
366 1824 388 1890 i.
405 1826 433 1890 1.
450 1829 472 1894 i.
487 1825 519 1892 3.
542 1825 576 1888 ff.
590 1824 631 1888 de
646 1826 723 1906 suis,
738 1837 770 1892 et
785 1825 873 1910 legit
888 1824 1027 1906 haered,
1045 1835 1219 1909 propterea
1232 1823 1323 1908 orrod
1338 1841 1394 1900 nee
1406 1838 1463 1910 pop·

177 1929 303 1996 duelies
318 1931 407 2016 opud
432 1931 599 1998 &munos
614 1932 809 2016 ingerentur,
834 1933 885 1998 35.
901 1932 942 1996 ds
957 1930 1104 2015 religios,
1129 1933 1306 1997 immonsa
1331 1927 1463 2014 sepulcre

177 2043 322 2146 hostium
336 2044 486 2128 religiosa
510 2044 748 2125 hebetescunt.
773 2043 850 2110 itt.
875 2045 916 2110 de
938 2044 1087 2128 sepulcro
1110 2043 1256 2109 violato«
1282 2043 1464 2111 Heoem
1549 2035 1550 2104 i

92 2174 102 2186 ·
171 2153 254 2239 juris
267 2153 408 2220 Romani
425 2156 582 2240 principie
608 2157 803 2240 temporibus
817 2155 1123 2240 hismioniguibcs
1143 2156 1285 2238 primum
1301 2153 1466 2238 qussripo·
1549 2171 1550 2176 ¹

175 2265 246 2347 tuit,
262 2285 306 2331 an
319 2267 471 2332 haeretiei
497 2267 579 2338 trudi
595 2279 724 2350 possent
747 2267 903 2351 legitimis
917 2265 1100 2352 sepulturis.
1148 2265 1311 2350 Equidem
1330 2279 1466 2349 cupiit·

170 2377 357 2446 cedentium
379 2379 636 2446 Christianorum
659 2371 846 2464 Principum
870 2379 1151 2447 urnsrimnontbm
1176 2379 1286 2444 careri
1308 2380 1378 2464 jaer
1398 2393 1463 2440 coo·

175 2501 274 2577 peret,
292 2501 327 2556 ut
351 2491 533 2574 aliquorum
549 2492 783 2564 hemetioorum
809 2493 895 2558 bona
910 2492 1157 2575 publicarentur.
1201 2493 1246 2556 it
1259 2509 1328 2557 nm
1345 2483 1466 2572 Annuit

137 2579 149 2608 '
175 2609 252 2678 erat,
280 2609 316 2662 ut
340 2599 592 2678 concluderetur,
618 2617 689 2662 osso
715 2598 788 2662 ilios
812 2597 956 2681 legitimo
981 2597 1149 2682 seprnnue
1168 2597 1353 2682 privandos,
1375 2608 1466 2678 quun

175 2709 265 2776 alind
280 2721 366 2774 esset
380 2710 497 2778 nudari
522 2711 623 2788 bonis,
639 2709 731 2774 oiiud
757 2710 924 2793 sepultura
949 2729 1066 2788 cerere,
1088 2709 1177 2774 dicte
1192 2709 1213 2772 i.
1227 2708 1278 2772 33.
1305 2707 1340 2774 ff.
1354 2703 1468 2772 doroli-
1550 2735 1551 2806 p

175 2821 255 2909 gios.
298 2821 435 2904 insuper
449 2821 557 2886 cereri
570 2819 704 2918 quidem
718 2829 865 2901 coeperet
878 2839 921 2882 err
936 2818 1202 2902 praecedentibus
1220 2817 1467 2884 Christianorum
1550 2811 1551 2832 ¹

175 2936 363 3018 Principum
388 2933 680 3012 constitutionibus,
697 2945 734 2996 ut
747 2931 900 2996 haeretiei
914 2930 1155 3014 quodammodo
1179 2931 1289 2996 laesae
1303 2923 1468 3013 majestatis

174 3047 218 3112 rei
233 3045 436 3120 haberentur,
463 3040 730 3126 pmptereequod
757 3040 899 3106 iiiriuee
923 3041 1102 3124 mejestatis
1123 3040 1245 3104 directo
1266 3037 1466 3103 obstitissent

175 3159 218 3223 At
232 3177 337 3240 neque
352 3155 385 3220 id
412 3155 490 3217 sotis
509 3164 587 3232 eret,
612 3163 649 3215 ut
661 3151 915 3228 concluderetur,
931 3142 1120 3216 'haereticos
1141 3165 1214 3244 esso
1236 3148 1401 3231 sspiritum
1416 3140 1470 3226 pri⁴

172 3269 309 3348 randos;
325 3283 528 3350 quamquem
552 3263 641 3325 orrirn
656 3279 769 3324 verum
782 3271 877 3338 esset,
892 3257 1073 3341 perduelles
1087 3259 1255 3340 sepulture
1281 3275 1397 3332 cerere,
1411 3267 1467 3316 nou

173 3393 282 3444 temen
298 3375 487 3462 generaliter
501 3381 636 3436 ceutmn
650 3380 726 3448 erut,
743 3379 778 3434 ut
788 3387 901 3434 ornnes
918 3386 1047 3451 poenae,
1064 3385 1149 3447 (luae
1163 3363 1393 3448 perduellibus
1406 3373 1467 3420 cce

168 3492 244 3556 dem
255 3503 286 3554 et
295 3485 462 3554 haereticis
471 3485 542 3548 sine
550 3482 734 3546 discrimine
744 3481 956 3558 imnrinereut,
968 3479 1115 3561 utiiquot
1123 3499 1166 3544 ex
1176 3488 1241 3554 toto
1249 3477 1346 3542 titulo
1354 3469 1465 3538 codicis

174 3601 396 3668 Theodosium
410 3597 451 3660 de
466 3593 636 3659 haereticis
660 3603 693 3659 et
705 3589 795 3672 qrrod
807 3590 984 3664 dicebatur,
1006 3589 1185 3652 imeretioos
1201 3587 1309 3654 lassae
1331 3584 1467 3666 majestu-

172 3715 213 3776 tis
229 3729 299 3774 reos
312 3708 431 3788 heberi,
457 3705 674 3788 usurpabonn
688 3701 731 3765 ad
747 3699 1034 3766 demonstrsndarn
1047 3699 1192 3764 criminis
1209 3699 1381 3762 haereseos
1393 3707 1468 3756 stro.

170 3827 310 3902 citetem,
326 3841 390 3886 non
406 3821 448 3886 sd
464 3815 687 3883 extendendas
702 3814 872 3878 universas
888 3813 1049 3896 legitimas
1062 3831 1190 3894 poenm,
1206 3829 1291 3891 quse
1308 3799 1471 3892 perduelli-

170 3936 232 4000 bus
246 3939 267 3999 e
283 3933 406 4015 iegibus
422 3931 561 4014 publicis
576 3929 807 3992 indicebantur.
830 3921 923 4003 Opus
937 3939 1018 4004 ergo
1030 3919 1199 3983 ridebatur
1209 3916 1369 3999 singulari
1384 3927 1468 3976 cons·

170 4039 319 4104 titutione
333 4039 510 4103 hoeretioes
524 4038 587 4100 heo
601 4047 699 4100 etrum
714 4053 747 4098 rn
763 4042 853 4116 mite
876 4029 1045 4114 plectente.
1061 4069 1066 4078 ·
1089 4029 1210 4094 Verum
1224 4025 1421 4098 Marcianus
1444 4017 1468 4080 si

170 4169 326 4236 germano
339 4161 372 4212 et
396 4167 472 4212 sera
488 4159 537 4210 est
561 4144 693 4208 iaudent
708 4144 762 4206 lex
786 4143 829 4218 9,
855 4139 1102 4216 humanitatem,
1116 4147 1148 4201 et
1176 4137 1331 4216 pietatem
1345 4135 1468 4194 secutus

167 4258 265 4342 jussit
281 4268 316 4320 ut
330 4257 481 4320 haeretici
504 4251 655 4338 legitimis
670 4251 826 4334 sepulcris
841 4249 1029 4333 garrderent.
1072 4245 1162 4310 Licet
1177 4242 1318 4326 pmiecto
1339 4251 1470 4320 nugrrrs·

171 4371 206 4448 ri,
222 4383 385 4450 quaenam
403 4367 568 4430 Marciano
584 4363 687 4440 suerit,
704 4373 762 4424 eut
776 4379 846 4426 esse
863 4358 1000 4442 potuerit
1013 4373 1114 4420 ceusu
1128 4356 1173 4417 itu
1188 4349 1376 4417 definiendi.
1397 4341 1464 4426 igi·

171 4475 286 4540 abatur
301 4486 379 4538 tunc
405 4473 558 4556 temporis
570 4473 745 4536 accerrime
771 4467 987 4536 controversia
1001 4465 1136 4534 definite
1156 4465 1191 4528 in
1207 4459 1358 4531 Concilio
1369 4451 1460 4520 Gbsi·
