3216 4988
1182 258 1190 294 l

223 425 291 500 28&
426 509 429 514 ¹
459 451 551 499 nnus
564 445 694 513 tutori,
722 445 963 500 nteseurtrro
977 447 1131 518 nentur,
1150 421 1228 534 cre:
1246 429 1299 502 IV.

227 581 289 662 glis
314 576 470 641 adversus
497 577 670 660 religiosos,
695 578 942 642 Sacramentum
970 579 1346 660 Extremae-Unctiouis,
1372 581 1421 644 vel
1436 581 1504 646 vieti·

222 705 302 748 etun
329 680 593 750 Eucharistieum
621 686 847 763 ministrantes,
872 697 929 750 attt
945 689 1064 771 nuptiis
1082 687 1306 757 benedicentes
1332 691 1504 754 iudietesuil

225 809 330 874 poene
345 793 692 856 excommunicationis
703 794 770 873 ineo
782 796 852 874 jure
865 795 1083 875 incurrendae,
1099 803 1119 860 n
1134 814 1200 878 quo
1216 815 1279 860 uon
1296 799 1358 860 uisi
1371 799 1414 860 eb
1427 799 1505 881 Apus

223 901 321 964 tolicc
346 901 430 965 Sede
456 901 615 964 absolutio
639 913 826 984 speraretur.
869 903 970 972 nuru
987 903 1028 965 ud
1055 906 1250 970 matrimonii
1275 906 1505 970 benedictionem

225 1013 347 1090 attinet,
364 1011 487 1094 aliquid
505 1013 671 1074 innovavit
693 1012 876 1076 Concilium
892 1011 1123 1076 Tridentiuum
1140 1015 1172 1077 in
1187 1031 1258 1098 cup.
1276 1009 1303 1078 l.
1326 1035 1404 1078 sess.
1419 1017 1463 1080 24.
1475 1015 1509 1078 de

224 1123 365 1189 Reform.
381 1125 519 1187 matrim.
547 1143 626 1187 vers.
650 1125 750 1197 Quod
763 1126 794 1188 ei
810 1126 899 1212 quin·
913 1125 1066 1205 nimirum
1093 1127 1204 1206 voluit,
1231 1139 1265 1190 ut
1284 1128 1440 1192 Sacerdos
1453 1128 1506 1210 qul

223 1249 366 1316 eumque
381 1235 449 1296 sive
474 1215 635 1316 regularis,
652 1235 720 1296 sive
737 1233 919 1310 snerulnris,
943 1233 998 1314 qui
1015 1251 1078 1296 uon
1094 1233 1136 1296 trit
1157 1227 1414 1298 contrahentium
1431 1235 1506 1296 Pero

222 1339 317 1416 ohne,
334 1339 454 1424 nuptiis
478 1339 681 1421 berrenteeos,
698 1341 822 1404 tamdiu
839 1343 990 1425 inso'jure
1014 1328 1194 1425 suspen-sus
1211 1356 1350 1418 maneat,
1364 1342 1505 1425 quamdiu

223 1451 265 1514 ab
281 1451 451 1516 Ordinerio
476 1451 544 1535 ejus
561 1451 705 1528 Rrroelri,
732 1453 787 1532 qui
805 1452 1008 1515 matrimonio
1023 1452 1174 1518 iuteresse
1194 1449 1318 1528 debeat,
1343 1471 1406 1514 nou
1420 1449 1505 1514 elrsol·

223 1570 328 1622 votur
359 1557 453 1621 Addo
468 1559 520 1621 his
535 1535 701 1622 imminere
713 1577 841 1641 quoque
856 1557 1223 1642 srrspensiuuispoenem
1236 1560 1304 1641 insu
1314 1563 1385 1644 jure
1401 1559 1506 1623 illateut

222 1665 379 1730 adversus
395 1666 580 1748 Episcopus
592 1661 653 1748 qui
665 1667 695 1729 iu
710 1667 816 1728 alienu
830 1667 975 1730 Dioeuesi
992 1667 1061 1731 siue
1074 1667 1202 1728 lieentia
1218 1666 1379 1729 Ordinerii
1395 1665 1505 1734 Pontii·

221 1778 306 1841 calla
317 1757 476 1852 erroreum,
489 1787 546 1839 eut
558 1773 589 1837 in
605 1795 665 1838 suc
677 1775 814 1838 dioecesi
825 1777 989 1838 constituti
999 1775 1122 1838 alteros
1132 1776 1273 1839 Clericus
1288 1777 1437 1840 ordinent
1450 1777 1505 1838 u'ne

223 1883 387 1960 mandute,
402 1876 548 1946 Concilio
564 1883 759 1948 Tridentino
774 1901 852 1948 sess.
874 1885 895 1946 6
920 1884 961 1948 de
977 1883 1047 1947 tter.
1059 1902 1129 1968 cap.
1146 1887 1184 1964 t,
1201 1897 1235 1947 et
1248 1905 1325 1947 sess.
1344 1887 1392 1950 14.
1407 1907 1470 1970 cop.
1481 1887 1505 1948 2.

263 1993 308 2057 Ut
323 1993 438 2056 Clerici
454 1995 511 2055 rite
526 1992 715 2071 ministrent,
732 1993 863 2058 minime
879 1991 1005 2071 sufficit,
1029 2010 1084 2056 eus
1098 1993 1210 2058 ordine
1226 1995 1355 2058 initurus
1371 2015 1446 2074 esse,
1460 1993 1505 2057 sed

219 2115 384 2186 praeterea
399 2103 575 2184 requiritur,
600 2113 632 2164 ut
650 2101 740 2164 nullo
753 2117 964 2164 eeusurartuu
982 2103 1306 2186 ritrctrlo¹'teueentttr·;
1331 2123 1406 2170 nam
1420 2125 1446 2170 st
1460 2117 1505 2168 eut

220 2212 583 2287 excommunicationi,
609 2221 666 2274 eut
681 2211 839 2293 suspensi,
856 2208 912 2274 etti
928 2211 1094 2290 interdicti,
1122 2221 1152 2275 et
1167 2213 1349 2276 ministrare
1366 2212 1506 2276 nihilomi-

220 2339 285 2388 nus
300 2323 370 2386 ensi
386 2320 511 2400 fuerint,
538 2319 720 2402 deponendi
736 2331 822 2397 sunt,
847 2329 945 2400 etque
960 2319 1029 2402 ipen
1039 2322 1110 2404 jure
1135 2321 1400 2404 irregularitatem
1416 2321 1507 2386 incur·

221 2441 303 2507 runt,
320 2445 392 2491 eurr.
405 2429 444 2504 6,
459 2429 530 2491 etl.
543 2447 630 2490 caus.
644 2423 695 2491 ll.¹
705 2439 827 2510 quaest
844 2427 883 2506 3,
895 2447 963 2512 cap.
980 2429 1009 2493 8.
1026 2419 1066 2492 de
1080 2428 1164 2508 dolo,
1180 2441 1212 2492 et
1222 2415 1431 2508 contumacia,
1445 2447 1502 2511 cen

182 2616 185 2628 ι
219 2541 250 2605 l.
266 2541 296 2604 3.
310 2541 340 2604 9.
356 2539 396 2627 de
409 2539 525 2600 clerico
549 2538 831 2602 excommunicetu
848 2538 1057 2620 ministrante,
1073 2557 1145 2620 cap.
1161 2539 1188 2602 1.
1204 2538 1245 2602 de
1259 2541 1425 2619 sententie,
1436 2551 1465 2602 et
1478 2557 1504 2602 re

215 2645 362 2732 judicatu
377 2647 410 2710 in
425 2647 455 2708 6.
479 2645 579 2716 Quod
594 2645 635 2708 de
647 2647 936 2710 excommunicetis
952 2646 1076 2726 dieitur,
1093 2648 1237 2732 intellige
1252 2668 1316 2714 uno
1333 2647 1513 2724 dominere,¹

219 2753 275 2816 sed
292 2771 332 2817 ne
348 2755 466 2838 majore
478 2765 603 2816 tuntum
620 2753 963 2833 excommunicatione,
979 2773 1048 2837 cup.
1068 2755 1122 2818 ult.
1134 2755 1175 2818 de
1191 2755 1272 2819 Olet.
1288 2775 1441 2820 excomm.
1456 2755 1504 2817 mi·

141 2847 144 2854 Δ
219 2865 318 2943 nistr,
333 2873 411 2927 rtem
426 2867 467 2926 de
482 2883 528 2939 eo,
545 2863 601 2943 qui
617 2863 722 2924 sciens
739 2861 881 2944 prudeus
895 2881 929 2941 se
944 2881 1082 2927 censura
1104 2881 1174 2926 cese
1189 2875 1345 2941 notatum,
1361 2860 1503 2928 nihilomi-

216 2991 282 3040 nus
298 2974 464 3051 ministret,
481 2987 544 3034 uon
561 2971 601 3033 de
616 2971 791 3054 ignorante,
819 2989 889 3052 esp.
904 2973 934 3036 9.
951 2969 1022 3034 eorl.
1039 2973 1083 3033 tit.
1128 2971 1213 3034 Guru
1224 2951 1307 3032 ,vero
1320 2971 1398 3034 hoec
1411 2983 1501 3052 poene

218 3085 458 3169 irregularitatis
483 3083 661 3166 duplicide
674 3103 777 3146 carrea
804 3081 924 3147 indicta
939 3081 1042 3162 suerit,
1058 3084 1168 3167 primo,
1194 3103 1236 3146 ue
1249 3101 1403 3146 censurae
1415 3079 1500 3144 eecle-

217 3197 368 3259 siastiene
381 3203 403 3260 e
417 3195 550 3257 Glerieis
563 3205 820 3266 contemnentur,
842 3192 996 3272 secundo,
1014 3205 1049 3258 ut
1063 3211 1154 3255 sacro
1168 3191 1273 3255 ordini
1296 3193 1394 3276 maior
1406 3189 1497 3252 cultus

217 3304 359 3383 accedat,
376 3283 470 3367 focile
493 3301 688 3385 intelligitur,
713 3321 776 3366 nou
794 3303 900 3366 solutu
915 3302 1005 3366 illam
1032 3295 1148 3363 habere
1164 3299 1281 3378 locutu,
1303 3299 1424 3380 quoties
1435 3309 1496 3376 quo

216 3428 311 3482 aetus
324 3414 465 3494 suscepti
479 3411 600 3474 orditus
614 3422 750 3487 exercet,
766 3431 842 3475 cum
852 3414 922 3496 jam
937 3413 978 3474 sit
992 3429 1130 3474 eerrsura
1145 3409 1328 3486 innodatus,
1345 3407 1400 3470 sed
1413 3406 1493 3468 etiem

168 3563 173 3572 ,
215 3540 292 3590 eum
308 3525 381 3606 quis
396 3519 523 3585 ordines
539 3521 680 3602 suscipit,
697 3520 776 3582 dum
793 3523 910 3606 majore
925 3519 1260 3584 excouuuuuicotioue
1274 3531 1405 3592 tenetur,
1422 3509 1493 3597 quod

217 3635 250 3698 in
267 3645 402 3712 utreque
417 3629 523 3711 specie
548 3647 651 3710 oeque
665 3643 803 3690 censura
827 3627 1046 3692 ecclesiastice
1063 3627 1204 3702 violetur,
1230 3637 1417 3706 argumento
1436 3639 1493 3700 cen.

216 3741 268 3805 32.
284 3739 324 3802 de
335 3749 415 3802 seut.
428 3755 596 3816 excomm,
612 3749 642 3799 et
654 3756 724 3821 cup.
736 3738 766 3799 6.
782 3735 822 3798 de
837 3738 1000 3819 apostatis.
1023 3736 1122 3799 Aliud
1138 3755 1216 3800 sune
1227 3735 1399 3800 dicendum
1409 3729 1492 3794 estrle

216 3865 264 3925 ee,
279 3845 344 3928 qui,
361 3865 401 3908 ue
412 3845 454 3908 nd
465 3843 699 3908 ordinationem
711 3845 853 3924 accedet,
869 3846 1055 3928 prohibetur
1065 3847 1127 3910 sub
1137 3864 1241 3928 mettre
1252 3843 1492 3908 excommunico

216 3951 313 4018 tionis
329 3964 401 4016 utut
425 3953 494 4036 ipso
509 3951 593 4016 fecto
608 3953 830 4036 incurrendae,
856 3954 909 4017 hie
923 3955 1010 4017 euim
1025 3967 1230 4017 contemnere
1251 3955 1380 4036 quidem
1394 3951 1492 4014 dicitnr

217 4057 409 4125 mandatum
426 4058 601 4138 Ecclesiae,
617 4079 682 4123 nou
696 4073 803 4126 temen
818 4075 1020 4125 contemnere
1031 4081 1211 4142 censuram,
1227 4064 1279 4125 cui
1294 4051 1360 4125 tuin
1372 4062 1491 4144 primunt

216 4171 378 4253 subjacere
394 4169 515 4250 incipit,
540 4187 617 4231 eum
632 4169 808 4251 ordinatum
835 4190 1035 4254 quamquem
1053 4179 1160 4233 tamen
1185 4189 1227 4233 ex
1242 4153 1307 4232 elia
1321 4187 1415 4232 causa
1428 4161 1492 4226 [ortt

216 4279 259 4341 ab
274 4276 504 4359 irregularitate
520 4297 584 4340 uon
600 4279 642 4339 sit
656 4279 820 4360 immunis,
836 4281 989 4344 nimirum
1005 4281 1031 4342 si
1042 4281 1188 4342 ordinem
1204 4277 1318 4342 lurtive
1332 4267 1493 4355 susceperit

213 4382 392 4462 etquidem
408 4383 441 4446 iu
454 4403 494 4444 eu
510 4384 624 4467 speeie,
651 4405 717 4466 qua
733 4389 765 4450 in
780 4385 896 4452 furtive
911 4389 1074 4451 ordinatos
1089 4407 1192 4473 poene
1215 4385 1442 4470 irregularitatis
1455 4377 1492 4439 itt·

215 4487 333 4554 dicitur
341 4491 437 4573 juxto
452 4509 499 4570 ee,
515 4511 599 4573 qtruo
613 4495 762 4577 superius
776 4471 1029 4562 observerimds.
