3168 4982
104 449 147 496 Dii
168 449 362 513 00113116118,
384 447 516 499 QUIBUS
538 447 675 494 ΟΒΒΤΔΤ
699 449 947 494 neocastrum
969 447 1238 496 decumanum.
1291 433 1356 502 m

67 572 194 638 duorum
206 574 497 652 sacramentorum,
514 571 664 636 videlicet
677 571 844 654 Baptismi,
859 582 891 636 et
906 570 1178 638 Confirmationis:
1194 575 1355 658 baptismi,

66 681 139 764 qnod
154 681 209 746 lex
225 701 376 766 expresse
400 701 443 746 ex
457 700 495 744 eo
519 681 745 764 cognationem
771 680 967 761 induxisset,
989 682 1251 766 confirmationis,
1266 685 1355 770 qnod

62 792 162 856 hahita
175 791 282 870 fuerit,
297 791 400 856 veluti
423 789 586 874 quaedam
601 789 804 874 baptismatis
825 788 984 872 perfectio,
1000 799 1032 854 et
1060 791 1265 874 completum,
1281 813 1354 860 can.

60 900 134 964 ide
149 911 253 963 const.
280 897 353 962 dist
369 899 398 960 ὅ.
414 916 479 962 non
504 915 580 960 vero
605 896 827 979 poenitentiae,
853 897 940 978 quia,
956 896 1005 960 uti
1030 896 1150 962 deinde
1172 899 1358 968 observavit

58 1009 84 1074 S.
97 1009 259 1088 Thomas,
285 1007 347 1072 hoc
360 1007 609 1071 Sacramentum
634 1023 805 1087 nunquam
830 1007 1046 1088 generationis
1065 1009 1204 1092 speciem
1230 1011 1356 1095 habuit,

56 1118 103 1181 red
112 1115 241 1202 judicii,
257 1135 317 1180 uec
333 1126 497 1199 propterea
521 1114 556 1178 in
569 1133 610 1178 ea
625 1133 657 1178 re
672 1125 739 1178 erat
753 1133 831 1178 cum
857 1117 1047 1206 baptismate
1066 1121 1356 1202 aequiparandum.

55 1227 147 1292 letus
162 1223 228 1289 suit
242 1223 397 1306 quaestio,
410 1241 457 1286 an
470 1222 529 1306 qui
543 1222 738 1304 suscipiebat
767 1223 968 1306 baptizatum
984 1243 1086 1288 causa
1099 1209 1358 1310 supplendamm

54 1335 217 1400 &clasiae
242 1332 517 1398 caeremoniarum
540 1331 573 1396 in
601 1331 793 1414 baptismate
818 1331 897 1396 olim
921 1332 1040 1396 collata
1063 1335 1265 1416 amissarum,
1282 1355 1358 1422 cog·

51 1449 213 1512 nationem
229 1444 417 1508 contrahere
431 1443 597 1508 diceretur.
642 1442 680 1508 Id
697 1461 762 1506 non
788 1441 989 1508 admiserunt
1011 1443 1186 1510 Pontifices
1208 1446 1357 1529 Maximi,

51 1573 252 1640 qrramquam
280 1551 469 1638 hujusmodi
494 1562 694 1635 susceptores
719 1551 938 1631 admonerent,
965 1571 1006 1618 ne
1026 1555 1251 1620 contraherent
1276 1543 1384 1642 nup·¹

50 1669 114 1746 tias,
129 1685 203 1750 cap.
232 1665 261 1728 5.
277 1662 319 1728 de
333 1673 458 1744 coguut
485 1662 594 1745 spirit,
609 1681 678 1746 cap.
695 1662 726 1726 2.
752 1660 821 1741 eod,
849 1661 893 1724 tit
910 1661 942 1726 in
970 1663 1008 1742 6.,
1024 1661 1112 1746 quod
1135 1665 1234 1730 nostri
1249 1665 1360 1749 appel·

50 1777 197 1842 laverunt
220 1773 498 1860 irnpedintentum
511 1773 710 1852 emananti,
737 1770 815 1836 illud
833 1771 915 1834 inter
938 1771 1154 1854 impedientia,
1170 1785 1207 1838 ut
1230 1785 1358 1858 vocant,

49 1905 108 1950 non
135 1887 221 1950 inter
246 1871 430 1948 dirimentis
453 1880 687 1964 impedimenta
712 1891 923 1944 recensentes.
968 1880 1013 1946 Et
1037 1879 1170 1964 quidem
1192 1895 1268 1946 ante
1283 1883 1356 1948 Gle-

49 2007 189 2060 mentam
204 1993 264 2058 111.
280 1991 396 2056 nullibi
412 1989 552 2073 adparet,
564 1989 734 2052 occasione
748 1987 938 2052 catechismi
963 1987 1096 2070 aliquod
1110 1989 1268 2072 conjugiis
1283 1989 1362 2052 anh-

49 2121 113 2166 esse
129 2100 276 2184 potuisse
301 2096 580 2180 impedimentum.
623 2093 773 2158 Tantum
795 2093 945 2158 nonnulli
959 2092 1099 2176 sumunt,
1113 2095 1170 2178 qni
1185 2115 1357 2178 argumen-

49 2207 85 2270 tis
99 2213 121 2274 a
135 2204 238 2270 simili
262 2202 503 2284 contendentes,
521 2204 608 2269 irrita
631 2215 705 2286 post
726 2201 963 2266 catechismum
989 2203 1140 2287 conjugia
1166 2225 1236 2270 esse
1250 2205 1359 2270 crede·

48 2317 131 2380 bant.
177 2313 217 2378 Id
245 2312 350 2376 noluit
374 2307 544 2376 admitrere
560 2311 713 2376 Clemens
738 2309 797 2374 111.
814 2309 848 2374 in
874 2308 961 2372 dicto
989 2327 1061 2393 cap.
1086 2313 1126 2391 5,
1143 2311 1199 2374 ubi
1220 2310 1358 2393 adddit

47 2445 116 2488 eam
129 2443 205 2487 rem
219 2422 280 2487 cic
305 2421 523 2485 contradendo
537 2419 751 2484 matrimonia
776 2419 1053 2502 impedimentum
1067 2421 1259 2486 allaturam.
1303 2421 1357 2486 vt-

47 2553 78 2596 ιι
92 2532 230 2598 fuerunt
244 2529 345 2594 dubia
372 2529 453 2592 haec
467 2525 645 2592 Clementis
668 2527 774 2606 verba,
790 2527 1001 2610 quamobrem
1023 2525 1066 2590 ad
1081 2548 1192 2619 earnm
1208 2531 1359 2614 interpre-

47 2645 201 2706 tationem
216 2636 406 2704 Bonifacius
420 2635 509 2702 illl.
524 2637 558 2700 in
573 2635 659 2700 dicto
673 2655 746 2718 cap.
760 2636 790 2698 2.
815 2637 961 2718 asseruit,
977 2657 1032 2721 per
1046 2642 1280 2720 catechismum
1296 2643 1356 2708 im.

46 2751 271 2832 pedimentum
285 2743 404 2829 opponi
429 2743 597 2828 conjugiis,
612 2763 815 2826 quamquam
830 2745 859 2807 si
881 2746 1032 2830 conjugia
1046 2748 1285 2828 contrahantur,
1300 2747 1357 2812 ad-

47 2859 105 2922 huc
115 2862 193 2944 jure
207 2853 397 2920 consistant
423 2871 467 2916 an
492 2853 527 2916 in
554 2853 617 2916 hoc
639 2851 827 2916 Boniiacins
852 2853 1043 2918 auctoritare
1068 2873 1129 2918 sna
1144 2873 1263 2920 novam
1275 2853 1358 2938 jnris

46 2967 254 3051 disciplinam
270 2963 437 3028 invexerit:
463 2981 507 3024 an
518 2973 606 3029 'recte
621 2961 728 3054 potins
751 2961 976 3044 interpretatus
990 2961 1085 3028 fucrit
1102 2963 1278 3030 Clementis
1293 2963 1353 3030 lIl.

45 3075 244 3156 rescriptum,
270 3069 326 3132 alii
350 3067 554 3154 investigent.
598 3069 705 3134 Multa
729 3069 825 3134 hodie
855 3071 1027 3136 immutata
1055 3083 1134 3138 sunt
1157 3093 1201 3138 ex
1229 3073 1357 3140 decreto

45 3181 179 3246 Caecilii
207 3177 396 3244 Tridentini
410 3184 444 3242 ln
468 3179 586 3262 capr2.
602 3199 680 3242 sess.
706 3179 757 3243 24.
773 3179 813 3242 de
835 3179 976 3246 Reform.
1002 3181 1154 3262 matrim,
1169 3185 1263 3267 cujus
1278 3183 1357 3250 defi-

44 3291 171 3366 nitione,
199 3287 360 3352 hodierna
373 3287 519 3371 dirigitur
544 3287 726 3372 disciplina.
769 3289 934 3354 Nimirum
959 3301 1119 3358 statutum
1133 3303 1190 3373 est,
1217 3305 1253 3358 ut
1268 3313 1356 3384 nupt

43 3405 180 3474 lantum,
198 3393 268 3458 sive
283 3393 340 3471 vir,
367 3393 439 3458 sive
454 3393 578 3474 mulier,
594 3393 647 3458 vel
661 3392 705 3456 ad
720 3413 888 3460 summum
914 3415 1001 3462 unus
1015 3409 1049 3462 et
1063 3417 1138 3478 utta,
1154 3401 1357 3483 baptizatum

43 3501 80 3564 de
96 3503 262 3586 baptismo
275 3501 462 3584 suscipiant,
478 3505 561 3566 inter
575 3521 657 3584 quos
672 3513 704 3566 et
718 3504 919 3588 baptizatum
942 3489 1058 3590 ipsum,
1073 3518 1106 3572 et
1120 3509 1207 3575 illius
1221 3521 1354 3593 patrem,

43 3619 72 3670 et
85 3621 237 3688 matrem,
251 3625 379 3672 necnon
393 3607 476 3674 iuter
489 3609 707 3690 baptizantem
721 3619 753 3672 et
764 3611 974 3694 baptizatum,
987 3613 1205 3698 baptizatiqae
1218 3630 1353 3698 patrem,

44 3737 79 3782 ec
95 3732 247 3800 matrem,
277 3730 405 3782 tantum
419 3720 593 3804 spiritualis
619 3721 770 3802 cognatio
795 3723 1012 3806 contr·ehatur;
1038 3725 1170 3807 quodsi
1195 3727 1252 3792 alli
1268 3729 1356 3796 ultra

42 3830 231 3916 designatos
254 3831 455 3914 baptizatum
476 3831 645 3914 tetigerint,
671 3833 897 3914 cognationem
923 3835 1134 3918 spiritualem⁴
1148 3857 1213 3904 non
1230 3851 1355 3906 contra·

41 3938 132 4022 hant,
148 3941 287 4004 demum
301 3935 465 4021 adjectum
479 3949 536 4020 est,
552 3951 588 4004 nt
603 3959 641 4004 ea
657 3961 786 4024 quoque
801 3943 958 4025 cognatio,
974 3962 1058 4026 quae
1083 3963 1125 4006 ex
1140 3945 1355 4010 confirmatio·

39 4069 81 4115 ne
94 4049 309 4130 contrahitur,
324 4049 570 4116 confirmantem
584 4061 616 4114 et
630 4052 868 4133 confirmatum,
882 4054 1010 4118 illiusve
1021 4065 1145 4138 partem
1160 4067 1192 4118 et
1206 4067 1351 4138 matrem,

40 4180 78 4224 ac
92 4173 263 4225 tenentem
277 4178 343 4224 non
357 4157 548 4242 egrediatur,
564 4163 715 4226 omnibus
731 4163 813 4226 inter
827 4163 909 4226 alias
925 4181 1077 4246 personas
1091 4163 1191 4248 hujus
1206 4166 1354 4246 spiritua-

39 4269 78 4332 lis
92 4268 303 4353 cognationis
328 4266 567 4350 impedimentis
582 4269 714 4334 omnino
736 4271 881 4336 sublatis.
926 4273 1057 4338 Exinde
1072 4273 1241 4356 colligitur,
1256 4273 1353 4340 hodie

38 4375 222 4442 interillos
242 4384 381 4456 tantum,
409 4375 489 4464 quin
504 4378 539 4440 in
564 4377 758 4444 Tridentino
784 4381 930 4448 Concilio
955 4403 1105 4466 expresse
1131 4384 1351 4462 nominantur,

37 4485 244 4572 spiritualem
270 4485 501 4570 cogrmtionem
528 4497 730 4554 contractam
758 4487 904 4576 intelligi,
934 4491 1061 4558 nullam
1088 4492 1172 4558 inter
1199 4501 1351 4588 caeteros,
