3276 4984
210 363 254 428 8ss
547 383 797 430 nrmsaranro
819 385 993 448 saonam,
1016 387 1093 434 err.
1116 368 1175 434 lli

214 515 275 586 tur,
291 506 319 568 si
333 503 411 569 forte
426 504 460 568 in
476 524 612 570 uxorem
637 506 729 570 illata
754 507 872 590 injuria
894 507 996 588 luerit,
1017 509 1063 573 ita
1078 519 1110 573 et
1130 527 1249 592 sponso
1271 511 1466 576 concedatur
1479 513 1523 578 ob

211 618 363 701 injuriam
378 617 504 680 illatam
519 617 552 680 in
569 637 733 701 sponsam,
749 617 769 682 1.
787 621 836 682 16.
853 622 875 686 i.
890 619 941 682 24.
957 619 990 683 ff.
1006 620 1047 683 ds
1062 621 1195 705 injuriis.
1218 621 1304 686 Hinc
1317 623 1449 706 insuper
1462 632 1521 704 est,

213 706 258 808 ht,
275 728 302 790 si
317 745 436 810 sponsa
446 727 515 810 jam
530 725 640 789 dotem
655 745 774 810 sponso
788 727 919 808 dederit,
936 730 1058 812 nuptiis
1074 747 1140 793 non
1156 731 1285 809 secutis,
1311 730 1420 795 dotem
1435 751 1524 796 eam-

210 836 286 900 dem
302 848 442 919 repetere
453 836 564 898 valeat
578 835 726 900 eamdem
754 838 889 918 actione,
913 856 979 919 qua
1001 836 1060 900 dos
1074 839 1117 902 ab
1131 857 1232 902 traore
1248 839 1399 922 legitima,
1416 840 1524 904 soluto

209 945 414 1010 matrimonio
431 953 633 1027 repeteretur,
648 944 667 1006 l.
677 943 728 1007 74.
744 945 776 1008 ff.
792 945 833 1008 de
844 947 916 1029 jure
925 945 1057 1024 dotium,
1072 945 1251 1026 eademque
1265 946 1396 1027 ratione,
1412 965 1522 1028 quem-

209 1049 389 1116 admodum
411 1051 483 1134 lega
514 1051 603 1115 Julla
626 1061 760 1118 cautum
777 1053 847 1132 fuit,
869 1071 910 1116 ne
925 1051 1054 1136 praedia
1068 1051 1189 1116 dotalia
1199 1053 1333 1118 alienari
1355 1061 1376 1121 e
1398 1057 1524 1136 marito,

209 1169 267 1224 aut
282 1160 422 1242 obligari
447 1159 588 1240 valeant,
615 1161 660 1224 ita
683 1179 743 1226 nec
766 1161 881 1226 eadem
905 1161 1026 1224 dotalia
1050 1161 1182 1244 praedia
1205 1169 1360 1246 dsponso
1388 1165 1525 1230 alienari

213 1279 344 1352 queant,
360 1269 413 1332 val
436 1269 578 1352 obligari,
604 1269 625 1333 l.
650 1270 680 1334 4.
707 1270 739 1334 ff.
756 1269 797 1334 de
820 1269 921 1334 fundo
948 1269 1056 1333 dotali.
1100 1272 1187 1335 Hinc
1202 1271 1341 1356 denique
1355 1273 1525 1339 deducunt

213 1375 399 1461 gravissimi
415 1377 529 1441 civilis
546 1378 565 1441 J
568 1377 632 1442 uris
647 1377 846 1462 interpretes,
874 1378 1006 1441 tacitam
1031 1378 1258 1460 hypothecam,
1274 1379 1378 1462 ipsam
1393 1397 1525 1462 quoqne

214 1486 418 1569 hypothecae
433 1485 639 1569 privilegium
666 1487 759 1550 uxori
782 1486 892 1550 lavore
916 1485 1001 1550 dotis
1025 1503 1217 1552 concessum
1241 1488 1275 1552 in
1298 1489 1390 1552 bonis
1405 1488 1522 1570 mariti,

213 1591 310 1658 facile
324 1591 423 1656 etiarn
438 1609 584 1674 sponsae,
600 1611 685 1674 qnae
700 1591 808 1656 dotem
818 1595 888 1676 jam
910 1611 1029 1674 sponso
1041 1591 1181 1674 tradidit,
1196 1593 1444 1658 accommodari.

757 1867 909 1932 CAPUT
931 1867 986 1932 IV.

498 2094 630 2168 Quibus
645 2115 686 2158 cn
700 2095 811 2160 aaron
826 2095 1000 2178 sponsalia
1013 2095 1247 2160 dissolvantur.

276 2395 290 2428 S

214 2326 375 2541 NUNC
390 2471 543 2545 superest,
569 2471 606 2523 ut
626 2477 744 2524 cauma
760 2459 914 2544 pandam,
940 2459 1061 2542 quibus
1086 2462 1251 2543 sponsalia
1270 2464 1342 2546 jura
1356 2474 1525 2530 contracta

208 2576 439 2642 dissolvuntur.
485 2571 605 2652 Vulgo*
621 2567 782 2652 plurimae
809 2574 1030 2631 numerantur.
1075 2567 1120 2634 Ut
1133 2569 1222 2632 enirn
1238 2569 1395 2649 omittam,
1422 2581 1525 2634 morte

206 2681 394 2747 alterutrius
409 2677 529 2762 sponsi,
556 2675 765 2758 superstitem
779 2693 850 2737 asae
871 2674 962 2736 omni
977 2673 1172 2756 obligatione
1187 2674 1339 2756 solutum,
1365 2675 1525 2758 imprimis

208 2807 374 2858 consensu
399 2807 520 2866 soriam,
548 2785 704 2867 equibus
729 2793 896 2846 contracta
921 2793 1005 2862 sunt,
1031 2783 1128 2846 etiam
1154 2795 1319 2866 receptum
1343 2795 1393 2847 ast
1417 2783 1526 2848 dirimi

208 2903 387 2988 sponsalia3
413 2919 480 2982 qua
494 2901 529 2964 in
551 2918 583 2962 rc
598 2896 744 2960 admissa
771 2893 834 2958 suit
858 2892 1018 2977 generalis
1038 2895 1120 2978 juris
1144 2894 1264 2977 regula,
1290 2915 1374 2978 quae
1400 2893 1526 2976 delinit,

208 3007 470 3091 unumquodque
484 3025 524 3070 eo
549 3004 645 3068 modo
666 3003 811 3082 dissolvi,
840 3002 1109 3086 quocolligatnm
1135 3014 1192 3080 est,
1207 3005 1323 3088 capi.
1349 3001 1390 3068 de
1404 3003 1526 3088 tegnlis
1623 3051 1624 3056 η

206 3125 299 3210 juris.
343 3119 441 3204 Apud
456 3121 622 3183 Romanos
636 3127 761 3178 veteres
777 3114 951 3193 obtinebat,
965 3124 1091 3196 patrem
1105 3131 1251 3196 sponsae,
1275 3132 1376 3198 qnam
1391 3115 1526 3180 haberat

211 3231 249 3294 in
263 3239 430 3313 potestate,
446 3225 599 3288 nuntium
616 3221 807 3286 remittendo
832 3220 998 3304 sponsalia
1013 3241 1107 3304 posse
1121 3221 1304 3304 dissolvere,
1331 3224 1353 3287 l.
1370 3227 1418 3288 10.
1433 3224 1466 3288 Ε
1482 3223 1526 3289 ds

213 3336 431 3422 sponsahbus3
458 3330 621 3416 quomodo
647 3331 738 3394 anim
763 3330 911 3394 Romano
932 3331 1005 3413 jure
1018 3330 1221 3409 constitisset,
1244 3331 1436 3414 justumque
1458 3330 1526 3394 dici

206 3437 371 3536 potuisset
386 3446 582 3531 conjugium,
610 3444 664 3508 cui
679 3454 768 3526 poter
783 3459 921 3524 sponsae
937 3459 1001 3504 non
1023 3441 1252 3506 consensisset?
1295 3441 1397 3512 Quod
1412 3443 1525 3506 nmen

211 3561 254 3624 da
270 3569 360 3642 patre
373 3555 497 3634 dicitm,
515 3554 623 3616 locum
638 3571 703 3615 non
718 3549 859 3614 habebat
873 3551 906 3611 in
922 3559 1024 3612 tutore
1039 3561 1111 3632 post
1125 3547 1289 3631 sponsalia
1299 3549 1370 3630 jure
1385 3554 1406 3612 d
1420 3547 1526 3630 pupil-

200 3673 244 3736 la
258 3679 433 3745 contracta,
451 3665 469 3730 l.
486 3665 516 3728 6.
532 3664 567 3728 ff.
593 3662 663 3726 eod.
678 3663 735 3742 tit,
761 3661 973 3742 nequeenim
988 3661 1073 3724 siout
1087 3659 1194 3742 patris,
1221 3660 1313 3722 itaet
1328 3659 1448 3738 tutoris,
1467 3675 1524 3723 cu·

205 3784 265 3864 jus
280 3776 427 3840 officium
452 3773 619 3856 pubertate
641 3771 785 3854 pupillae
799 3770 930 3852 ospitat,
957 3787 1135 3834 consensus
1158 3776 1338 3832 necessarlo
1364 3769 1396 3830 in
1414 3768 1528 3832 subse-

198 3882 389 3968 .quentibus
406 3878 527 3960 rruptiis
549 3877 778 3959 requirebatur.
823 3877 887 3943 Sed
900 3877 1004 3957 hodic,
1020 3889 1193 3962 postquam
1208 3887 1372 3960 receptum
1386 3887 1443 3956 est,
1467 3895 1525 3959 pe-

210 3989 312 4056 reatis
329 4005 526 4054 corraensum
538 3985 581 4048 ad
595 3987 757 4070 conjugia,
773 3997 830 4048 aut
845 3985 1009 4068 sponsalia
1029 3985 1137 4048 valide
1151 3985 1374 4048 contrahenda
1389 3987 1524 4049 minime

210 4097 337 4182 requiri,
354 4095 452 4178 recipi
479 4113 607 4177 quoque
622 4093 717 4157 facile
732 4093 853 4173 debuit,
876 4095 982 4158 solum
998 4094 1139 4176 parentis
1153 4091 1338 4156 dissensum
1353 4108 1419 4156 non
1431 4091 1524 4156 suffi-

208 4231 286 4276 cere
309 4209 352 4272 ad
376 4217 543 4271 contracte
570 4206 733 4290 sponsalia
759 4205 976 4276 dissoluenda.
1021 4205 1086 4269 Ras
1109 4204 1239 4268 redacta
1264 4203 1326 4268 fnit
1351 4206 1393 4268 ad
1417 4221 1523 4270 unum

215 4317 477 4384 contrahentium
491 4330 696 4394 consensum,
722 4315 820 4398 quisi
833 4335 875 4378 err
890 4323 1026 4396 utraque
1041 4323 1130 4396 parte
1144 4313 1344 4394 interveniat,
1371 4315 1405 4378 in
1420 4327 1523 4378 cansa

194 4441 273 4512 ⁸sat,
287 4441 325 4494 nt
338 4427 493 4513 obligatio
507 4425 716 4508 rescindatur,
732 4443 803 4510 cap
825 4426 856 4489 2.
871 4419 1140 4508 desponsalibus
1157 4423 1258 4490 immo
1271 4424 1379 4506 enam,
1407 4426 1454 4489 uti
1469 4441 1522 4490 sn·
