3216 4988
476 413 479 421 ’
592 449 686 494 ¹nn
718 447 854 492 nausis.
1215 423 1217 431 ’
1337 411 1399 484 271

95 596 136 640 ne
151 576 274 641 mentio
295 573 381 638 lecta
397 592 461 638 non
476 572 538 638 fuit
552 549 682 638 annuae
706 569 906 653 quantitatis,
933 568 1020 632 lranc
1045 563 1204 630 moderari
1227 581 1406 628 consueve-

95 695 172 750 runt
187 677 368 765 singulares
381 667 551 764 regionum
563 698 676 757 mores,
692 698 732 742 ae
743 688 875 758 statuta3
892 675 1011 740 alicubi
1025 674 1113 738 enim
1125 674 1242 753 besses,
1259 674 1303 737 ite
1314 669 1404 736 dixe-

96 787 167 869 rim,
186 807 302 852 usurae
327 789 562 870 permittuntur,
578 787 699 852 alicubi
715 797 840 874 tantam
855 786 1015 864 semisses,
1037 801 1120 866 quas
1135 781 1292 848 excedere
1311 784 1404 846 mini·

96 921 150 964 me
165 897 261 962 liceat
274 903 481 980 quocumque
496 905 674 980 praetextu,
689 899 777 980 puta,
800 894 878 977 quia
893 903 1016 976 emptor
1031 892 1248 956 instrumenta
1262 905 1405 954 contrac-

97 1024 150 1075 tus
166 1007 218 1074 e'di
235 1009 371 1072 voluerit
397 1009 581 1092 sumptibus
598 1008 695 1074 unius
712 996 895 1085 venditoris,
918 1017 976 1070 aut
991 1005 1070 1086 quia
1084 1015 1209 1087 emptor
1231 1003 1408 1086 stipulatus

97 1113 201 1198 suerit,
218 1135 365 1180 annuam
381 1117 552 1198 pecuniam
570 1114 808 1198 iepraesentari,
824 1124 882 1176 aut
897 1113 975 1194 quia
990 1121 1114 1196 emptor
1128 1119 1215 1174 certa
1230 1107 1295 1174 alia
1307 1126 1406 1172 onera

96 1225 258 1290 venditori
281 1209 475 1308 imposuerit,
502 1223 636 1306 quando
652 1233 761 1286 tamen
787 1221 869 1285 alias
884 1219 1032 1286 omnium
1056 1217 1246 1304 hujusmodi
1271 1233 1407 1282 onerum

98 1333 192 1402 trulla
206 1337 319 1401 habita
341 1335 431 1417 ratio,
457 1347 514 1399 aut
529 1335 750 1419 compensatio
773 1333 866 1398 tuerit
881 1333 916 1397 iu
931 1333 1003 1415 ipsa
1025 1341 1147 1395 'census
1169 1332 1408 1394 constitutione.

97 1447 173 1514 Non
188 1458 238 1519 est
251 1443 476 1527 omittendum,
502 1445 586 1509 sicut
600 1445 704 1528 gratia
718 1441 894 1507 venditoris
919 1449 1084 1525 receptum
1098 1451 1155 1520 est,
1172 1447 1208 1504 ut
1228 1458 1279 1504 res
1293 1440 1408 1502 censui

97 1552 266 1638 supposita
279 1552 382 1636 possit
405 1547 503 1616 libere
519 1531 615 1614 vendi
631 1551 701 1614 sine
726 1549 886 1614 solutione
901 1542 1064 1628 laudemii,
1087 1547 1138 1610 vel
1155 1547 1287 1610 alterius
1303 1565 1407 1628 qnan-

100 1663 213 1748 titatis;
240 1665 317 1728 item
332 1657 368 1730 u't
382 1665 523 1747 nequeat
537 1663 647 1729 annus
661 1655 781 1726 census
804 1660 916 1744 augeri
931 1679 973 1724 ex
988 1677 1090 1725 causa
1112 1679 1178 1724 non
1193 1659 1290 1723 soluti
1306 1639 1410 1722 annui

98 1775 245 1854 canonis,
271 1793 313 1838 ne
338 1792 376 1836 eo
401 1771 534 1856 qrridem
549 1782 728 1856 praetextu,
754 1767 843 1854 qnod
869 1787 1012 1833 canones
1037 1785 1098 1831 son
1124 1763 1221 1832 soluti
1246 1759 1342 1828 datae
1368 1765 1410 1828 ab

99 1878 192 1946 initio
217 1879 293 1944 serti
318 1877 527 1958 adoleverint,
555 1878 598 1944 ita
615 1879 719 1964 gratia
744 1879 898 1962 emptoris
925 1885 1088 1960 receptum
1112 1895 1191 1956 esse,
1218 1887 1255 1942 ut
1268 1893 1344 1940 cum
1360 1893 1410 1938 res

100 1989 215 2058 censui
232 1983 408 2072 'supposita
424 1985 582 2067 venditur,
598 1993 722 2070 emptor
735 2005 853 2054 census
867 1987 987 2051 lrabeat
1002 1985 1270 2070 praerogativam,
1287 1994 1322 2050 ut
1337 1998 1407 2046 cae-

102 2099 178 2163 t'eris
195 2114 264 2163 rent
288 2094 492 2202 suppositam
508 2098 664 2180 emptoris
688 2088 893 2181 praeferatur,
909 2093 1116 2166 dummodo
1107 2105 1191 2159 rutra
1205 2111 1351 2159 mensem
1368 2093 1414 2176 ip-

102 2230 136 2274 se
162 2205 326 2288 deliberet,
351 2195 385 2272 et
409 2203 453 2270 ad
478 2205 676 2304 emptionem
702 2203 878 2272 deveniat.
905 2201 997 2269 Istae
1009 2211 1120 2288 autem
1145 2207 1306 2268 ce'usut'u'n
1324 2199 1415 2282 leges

101 2338 168 2384 non
185 2335 298 2381 omnes
324 2318 392 2381 vim
407 2309 593 2400 aequalem
603 2319 757 2400 perpetuo
772 2315 902 2396 habent,
929 2317 1007 2379 cnm
1022 2307 1180 2396 plurimae
1206 2309 1357 2376 dicantur
1371 2300 1419 2371 ad

100 2421 323 2490 substantiam
337 2441 455 2490 census
470 2421 636 2506 pertinere,
652 2419 799 2506 aliquot
791 2431 873 2486 mter
888 2417 1070 2484 accidentia
1085 2427 1323 2496 recenseantur,
1339 2435 1416 2481 cou-

101 2545 151 2597 tra
166 2553 251 2616 quas
266 2530 433 2620 propterea
458 2528 485 2596 si
500 2531 666 2618 pactiones
682 2532 771 2614 fiant,
787 2528 979 2614 contractus,
995 2527 1199 2618 pactionibus
1218 2539 1347 2597 tantum
1362 2529 1419 2594 de-

101 2641 223 2726 tractis,
239 2645 403 2728 consistat,
430 2645 493 2734 nisi
508 2645 708 2712 rescindatur
724 2641 913 2714 auctoritate
924 2635 1045 2731 judicis
1061 2645 1160 2709 ¹certis
1175 2641 1209 2708 in
1225 2640 1365 2723 casibus,
1381 2643 1418 2707 ib

100 2755 224 2840 quibus
249 2756 413 2840 graviores
428 2757 594 2824 usurariae
616 2755 795 2822 voluntatis
818 2750 1021 2840 'conjecturae
1045 2763 1249 2833 concurrant,
1274 2767 1419 2836 praeser-

101 2866 163 2930 tim
178 2885 257 2932 cum
281 2865 446 2951 pactiones
462 2885 527 2930 non
540 2859 597 2956 'Rex
609 2864 791 2946 intervallo,
819 2863 877 2930 sed
891 2865 934 2929 ab
949 2863 1041 2930 initio
1055 2853 1200 2950 adjectae
1215 2864 1342 2945 fuerint,
1359 2874 1422 2930 aut

100 2989 181 3038 cum
191 2971 261 3054 jam
277 2967 397 3042 suerint
410 2969 595 3040 executioni
610 2973 796 3039 mandatae.
822 2959 974 3042 'Frustra
990 2973 1132 3058 generali
1156 2973 1270 3058 regula
1286 2973 1417 3057 singula

102 3077 280 3162 tisirrgulis
305 3101 469 3150 secernere
484 3082 673 3165 laborarem,
700 3085 822 3150 etenim
848 3084 951 3150 iorum
975 3095 1169 3166 contractus,
1194 3087 1241 3154 uti
1268 3085 1420 3172 superins

102 3186 314 3272 adnotabam,
341 3175 518 3296 plurimum
533 3189 653 3300 pendet
667 3187 764 3258 bodie
779 3215 821 3258 ex
837 3191 935 3259 variis
950 3197 1094 3262 moribus
1119 3195 1371 3278 Provinciarnm,
1386 3207 1421 3260 et

101 3301 137 3364 in
153 3319 195 3363 aa
219 3301 410 3386 praecipuas
424 3315 532 3388 partes
557 3303 657 3368 habet
670 3305 812 3390 prudens
822 3305 943 3392 judicis
968 3307 1122 3389 officium,
1143 3310 1344 3376 aestimaturi
1359 3327 1423 3396 pro

102 3406 263 3472 varietate
277 3409 513 3494 adjunctorum,
538 3413 617 3500 quid
634 3407 739 3498 magis
754 3415 907 3499 publicae
931 3437 975 3482 rer
966 3419 1150 3502 expediat,
1177 3430 1208 3483 et
1224 3421 1277 3488 cui
1293 3439 1425 3504 semper

103 3495 190 3584 illud
206 3537 282 3601 prae
296 3508 399 3586 oculis
414 3521 603 3590 habendum
619 3535 678 3606 est,
705 3535 741 3592 ot
751 3526 847 3610 juxta
862 3525 1000 3609 divinas,
1027 3537 1060 3591 et
1074 3527 1310 3592 ecclesiasticas
1330 3527 1424 3614 leges
1466 3519 1468 3524 ’

103 3617 239 3687 obviam
254 3621 425 3692 fraudibus
440 3629 660 3697 usurariorum
675 3643 776 3700 eatur.

148 3736 318 3802 Damnata
329 3740 429 3805 etiarn
439 3748 487 3804 est
498 3745 648 3810 usuraria
662 3743 771 3814 iraus
762 3765 794 3810 ιιι
813 3735 896 3810 fictis
908 3747 1106 3832 quibusdam
1118 3749 1423 3833 permutationibus,

105 3859 164 3914 aut
174 3847 458 3916 translationibus
450 3851 671 3958 pecuniarum,
688 3872 774 3937 qnae
789 3855 964 3958 cambia
933 3877 1020 3920 sacco
1031 3856 1229 3939 Pragmatici
1244 3856 1422 3940 appellant
1449 3933 1453 3936 ,

109 3941 291 4022 damatam
304 3957 403 4044 vulgo
417 3935 773 4066 deliniturpermutatio
781 3951 940 4050 pecuniae
949 3985 1028 4032 cum
1035 3965 1201 4030 moderato
1211 3965 1300 4034 lucro
1309 3983 1423 4048 eanrp

105 4065 197 4134 soris.
217 4067 273 4132 Fit
284 4082 394 4138 antem
410 4071 538 4141 dnobus
553 4073 668 4158 modis,
683 4075 796 4160 primo,
810 4079 1027 4162 permutando
1042 4079 1214 4162 pecuniam
1227 4078 1325 4144 unius
1340 4097 1420 4144 curn

106 4181 249 4264 pecunia
259 4181 390 4252 alterius
400 4187 528 4268 speeiei3
540 4187 692 4282 secunde,
707 4189 911 4257 numerando
921 4191 956 4254 in
971 4191 1116 4260 uuoloco
1126 4192 1306 4274 pecuniam,
1323 4191 1357 4254 in
1372 4190 1420 4253 al-

106 4303 175 4354 tero
191 4289 263 4354 loco
278 4293 522 4388 restituendam:
537 4290 704 4366 minutum
718 4296 800 4364 illud
813 4310 955 4380 vocatur,
966 4311 999 4388 et
1014 4301 1193 4382 mannalc.;.
1206 4299 1293 4368 istud
1308 4299 1424 4380 locale,

107 4407 140 4458 et
149 4417 208 4480 per
220 4398 337 4500 literas.
353 4401 570 4500 Quamquam
581 4405 739 4470 antemio
751 4403 1015 4500 utroquecambii
1030 4427 1146 4490 genere
1155 4406 1314 4490 campsori
1325 4405 1421 4470 liceat

109 4511 195 4576 intra
209 4513 334 4577 certum
350 4511 483 4578 modum
499 4511 624 4600 aliquid
638 4513 757 4582 exinde
773 4514 899 4596 lucrari,
915 4535 984 4582 non
997 4526 1108 4582 tamen
1121 4517 1155 4582 id
1170 4515 1284 4597 licebit,
1302 4516 1331 4582 si
1344 4497 1426 4582 eoo·¹
