3146 4980
222 385 287 454 ΞΘ
666 412 910 463 caesenatem
932 416 1083 468 curura.

222 521 274 584 cie
288 521 529 588 matrimonium
553 525 738 594 celebretur.
781 530 886 612 Finge
905 549 995 596 nunc
1009 531 1159 614 spatam
1203 531 1241 598 ln
1260 533 1374 618 aliqua
1399 533 1512 626 provin·

220 632 272 698 oia
281 633 526 715 promulgatum
551 633 612 700 suit
626 635 859 703 Tridentiuum
873 637 1059 730 'Decretum
1102 640 1172 712 Qui
1187 639 1307 707 ibidem
1323 661 1510 734 commoran-

224 751 283 820 tur,
298 741 405 824 ejectis
421 741 597 806 Catholicis
623 743 777 810 Paroehis
792 746 882 828 upurl
905 747 1083 812 haereticos
1107 748 1303 830 deiecerunt,
1328 753 1512 834 eamqueab
1566 771 1567 774 ’

196 859 289 916 'rem
305 850 447 914 universi
472 853 676 917 matrimonia
691 855 884 920 contrectari
905 849 1118 920 Tridentinae
1143 859 1362 932 solemnitates
1386 863 1511 927 minimo
1566 849 1567 852 ¹

221 969 359 1038 serrant,
375 961 434 1022 sed
459 979 562 1023 mores
573 972 682 1024 motae
707 981 788 1026 suae
802 975 991 1044 sequnntur.
1036 965 1234 1034 Dicemusne
1259 970 1347 1034 irrite
1360 972 1514 1053 conjugia,

222 1081 267 1150 ut,
283 1071 308 1130 si
324 1069 402 1132 sorte
417 1071 570 1152 conjuges
585 1071 606 1134 ii
622 1071 665 1133 ad
679 1070 864 1136 Ecclesiam
878 1085 1086 1148 revertantur,
1112 1085 1271 1157 tanquam
1285 1081 1417 1144 ormrinc
1434 1080 1513 1144 libari

221 1183 241 1244 i
255 1179 416 1262 conjugali
432 1197 520 1242 nexu
535 1178 731 1252 habeantur.l
774 1180 923 1244 Difficilis
938 1197 1017 1249 sane
1031 1193 1081 1246 est
1102 1184 1199 1266 htrjus
1214 1179 1257 1250 rei
1274 1187 1429 1270 dcli-nitim
1445 1208 1517 1271 quo·
1566 1269 1567 1276 ἵ

182 1319 187 1328 ·
221 1285 280 1347 ties
294 1285 381 1348 enim
397 1284 502 1346 verbis
527 1284 607 1368 legis
623 1285 858 1352 inhaerendum
884 1289 933 1367 sit,
959 1308 1025 1355 non
1040 1291 1098 1354 erit
1120 1289 1344 1373 dubitandum,
1368 1296 1450 1376 quio
1464 1296 1514 1360 illu

219 1391 370 1473 conjugia
393 1391 480 1454 irrite
494 1392 683 1456 helicentur.
728 1394 899 1458 Caeterum
925 1396 954 1458 si
969 1397 1165 1476 aequitatem
1189 1383 1350 1480 inspicies,
1373 1403 1517 1486 corrjioiro
1566 1393 1567 1470 J

220 1504 334 1582 licebit,
349 1505 392 1566 ed
407 1505 492 1566 hanc
508 1503 704 1586 singularem
731 1506 871 1586 speciem
886 1505 1097 1573 Tridentinus
1120 1509 1230 1575 Patres
1244 1529 1311 1576 nou
1333 1515 1516 1594 respexisse,

218 1631 278 1676 nec
294 1611 514 1674 verosimiliter
539 1611 681 1678 voluisse
695 1613 837 1693 generali
862 1613 989 1678 decreto
1004 1614 1096 1678 illam
1112 1615 1284 1698 ‚carrinam
1310 1618 1519 1698 quemadmo-

218 1723 299 1786 dum
313 1734 458 1806 respectu
476 1721 676 1801 Haliantlieo,
699 1733 729 1788 ot
744 1722 848 1804 Belgii
868 1720 1070 1788 declaratum
1092 1724 1216 1804 est-sub
1237 1725 1413 1802 Batradicto
1429 1727 1517 1792 Xlll.

118 1855 132 1874 ·
218 1834 296 1896 anui
314 1834 413 1912 titt,
430 1835 476 1896 uti
492 1835 627 1896 habetur
640 1835 674 1896 in
690 1835 759 1916 ejus
774 1835 916 1900 Bullario
932 1845 1007 1900 torn.
1026 1839 1052 1902 l.
1070 1855 1158 1912 uum.
1174 1835 1225 1900 34.
1267 1839 1367 1908 ercd
1385 1841 1412 1902 si
1431 1861 1518 1924 prae·

217 1951 303 2004 terea
317 1951 497 2023 qrreeratur,
525 1961 567 2002 an
585 1941 676 2004 liceat
702 1941 888 2022 Catholicis,
914 1944 971 2026 qui
986 1944 1073 2026 apud
1087 1942 1244 2026 infideles,
1272 1945 1325 2008 rel
1341 1947 1520 2017 haereticos
1566 2005 1567 2010 ,

217 2053 418 2116 domicilium
433 2053 562 2131 habent,
588 2064 660 2133 post
673 2063 839 2116 contracta
863 2071 971 2118 coram
997 2056 1142 2120 Perocho
1168 2059 1333 2140 suujuxta
1356 2059 1457 2123 ritum
1472 2079 1520 2124 ec·
1566 2125 1567 2136 ,

217 2161 433 2226 elesiusticum
447 2163 663 2241 matrimonia,
688 2161 776 2224 adire
791 2161 1006 2228 conmutandi
1016 2166 1161 2249 corrjugii
1175 2184 1275 2230 cerasa
1290 2167 1461 2248 publicum
1477 2171 1523 2232 in·
1566 2209 1567 2246 3

217 2271 355 2346 fidelem,
371 2253 423 2333 rel
438 2271 636 2334 haereticum
652 2271 842 2352 ministrum,
861 2282 895 2334 ut
910 2271 972 2355 legi
988 2272 1134 2352 publicae
1157 2272 1191 2336 in
1206 2293 1245 2334 ea
1260 2276 1427 2354 prouincia
1442 2275 1522 2352 obti·
1566 2269 1567 2356 ]

216 2385 303 2450 nenti
326 2385 553 2464 obtemperant3
580 2381 741 2462 respondit
765 2381 962 2447 Benedictus
987 2381 1075 2448 xiv.
1105 2385 1140 2448 iu
1165 2385 1233 2448 lihr.
1259 2387 1289 2448 li.
1315 2384 1357 2450 do
1383 2387 1524 2468 Synodo

217 2485 416 2557 Diocaesana
431 2510 500 2573 cap
516 2491 546 2553 7.
563 2489 665 2568 licere,
691 2488 868 2552 dummodo
883 2500 990 2554 tamen
1019 2490 1168 2570 infidelis,
1193 2503 1253 2558 aut
1266 2493 1452 2560 haereticus
1469 2496 1525 2560 ille

216 2603 361 2668 minister
374 2601 522 2686 conjugio
538 2599 630 2678 adsit,
648 2609 683 2662 ut
697 2599 841 2662 minister
856 2599 1011 2681 politicus,
1028 2619 1092 2662 non
1108 2619 1184 2664 vcro
1199 2611 1235 2666 ut
1249 2602 1394 2666 minister
1407 2605 1526 2668 addic·
1566 2631 1567 2692 }

216 2721 268 2778 tus
283 2714 391 2797 sacris,
417 2729 458 2782 ne
473 2709 631 2774 Catholici
647 2709 681 2771 in
707 2707 801 2770 rebus
816 2707 915 2770 sacris
940 2727 1014 2772 cum
1030 2707 1232 2790 lancelinus,
1256 2710 1310 2774 vel
1335 2711 1529 2778 Haereticis

215 2821 282 2888 ullo
297 2821 392 2884 modo
406 2819 655 2884 communicent
1566 2881 1567 2916 ἶ

256 2932 389 3012 Oportet
398 2949 474 3012 ergo
485 2929 649 3010 imprimis,
664 2927 888 2991 contrahentes
899 2945 1203 2994 consensum-suum
1212 2929 1400 3012 exprimere,
1412 2951 1528 3013 quam
1566 2999 1567 3016 ,

189 3093 190 3096 ,
215 3037 258 3104 ad
271 3055 340 3101 rem
354 3055 419 3100 non
434 3036 574 3118 amplius
590 3035 699 3100 hocin
714 3036 782 3099 loco
796 3025 1121 3120 commemorasses
1136 3037 1285 3118 superius
1297 3035 1418 3100 tradita
1435 3049 1533 3118 sunt,
1566 3051 1567 3124 g

214 3149 256 3214 de
269 3147 316 3226 iis,
332 3147 389 3228 qui
404 3155 511 3228 utpote
526 3161 702 3208 consensus
718 3145 895 3228 incapaces,
909 3156 969 3207 aut
983 3163 1146 3208 concensu
1162 3143 1258 3209 libero
1272 3144 1433 3226 destituti,
1452 3167 1528 3212 ma·
1566 3171 1567 3218 ς

214 3223 399 3322 inmanium
413 3253 599 3318 contrahere
613 3251 677 3316 dici
692 3272 757 3316 non
774 3264 917 3335 possunt,
932 3253 1046 3336 quales
1061 3263 1137 3318 sont
1152 3253 1341 3336 impuberes,
1357 3269 1533 3336 amentes,
1566 3265 1567 3342 ᾖ

213 3365 332 3442 furiosi,
347 3375 444 3446 atque
459 3363 511 3426 his
525 3362 655 3441 similes,
683 3366 757 3424 item
771 3361 828 3444 qui
843 3362 884 3442 vi,
900 3372 931 3424 et
956 3374 1044 3426 metu
1067 3363 1252 3445 adiguntur.
1297 3363 1416 3444 Neque
1435 3385 1533 3428 com·
1566 3373 1567 3454 3

176 3465 178 3470 ’
212 3491 354 3537 memoro
367 3451 430 3537 hoc
444 3474 477 3538 in
492 3471 570 3551 loco,
586 3470 780 3536 consensum
793 3471 908 3534 dehere
923 3491 993 3534 esse
1008 3489 1134 3553 purum,
1158 3463 1315 3552 nullaque
1328 3471 1540 3564 conditione

211 3600 416 3666 suspensum,
442 3579 530 3666 quod
545 3581 692 3664 superius
707 3580 812 3659 etiam,
828 3599 904 3644 cum
928 3579 968 3644 de
982 3567 1143 3644 consensu
1159 3579 1359 3664 sponsalium
1374 3600 1539 3664 agerem,

213 3697 301 3762 uberi
316 3680 642 3779 oratione'explicavi.
686 3693 834 3758 Tantum
850 3691 943 3770 eddo,
960 3692 1041 3756 nihil
1068 3693 1225 3774 imprimis
1239 3691 1363 3772 referre,
1383 3713 1442 3759 arr
1462 3715 1542 3762 ver·
1566 3683 1567 3704 i

211 3803 269 3880 bis,
286 3821 328 3866 en
344 3801 444 3884 siguis
459 3799 746 3882 aequipolentibus,
769 3797 947 3862 dummodo
961 3799 1063 3882 certis,
1078 3811 1110 3862 et
1124 3799 1309 3882 perspicuis,
1332 3819 1547 3870 consensus

210 3915 440 4000 exprimantur,
456 3922 684 3995 argumentum
699 3928 766 3993 cap.
783 3909 833 3974 23.
851 3895 1046 3992 desponsat.
1090 3911 1191 3982 Quod
1213 3911 1239 3974 si
1255 3912 1448 3994 quisquam
1467 3937 1546 3982 cer·

210 4025 251 4088 tis
266 4024 399 4106 quidem
424 4021 529 4084 verbis
553 4029 669 4097 uranu,
694 4037 780 4100 quae
795 4017 911 4082 deinde
937 4019 1004 4100 ipse
1019 4017 1152 4082 subdole
1177 4018 1277 4082 dubia
1291 4017 1397 4084 fuisse
1425 4022 1567 4107 dieat„

197 4135 352 4220 ‚relnque
366 4143 530 4215 propterca
545 4135 566 4194 e
580 4129 729 4212 conjugio
743 4127 871 4207 resilire,
886 4147 1012 4212 semper
1026 4127 1183 4192 adversus
1198 4129 1306 4209 ipsum
1321 4129 1465 4194 resilire
1487 4155 1552 4198 vo·

209 4247 328 4310 lentem
343 4241 502 4325 capienda
524 4242 583 4304 erit
608 4241 830 4322 interpretatio,
857 4241 981 4322 quoties
1004 4257 1088 4324 quae
1114 4239 1251 4322 protulit,
1278 4239 1375 4304 verbe
1405 4233 1567 4325 palam}

208 4353 296 4437 apud
311 4351 480 4415 audientes
493 4369 567 4416 eam
582 4359 774 4433 aeceperunt
783 4351 879 4431 juxta
894 4365 1014 4411 morem
1030 4348 1213 4430 provinciae
1228 4347 1545 4432 significationem
1566 4395 1567 4406 κ

1548 4407 1567 4437 ,2

209 4477 292 4541 quae
307 4461 455 4524 animum
469 4454 680 4521 contrahendi
702 4455 844 4538 conjugii
859 4453 1076 4537 praeseferret.⁸
1094 4473 1165 4540 cap.
1181 4457 1210 4520 7.
1225 4455 1266 4520 de
1291 4462 1567 4540 sponsalibus:
