3216 4988
345 443 575 500 srucuasars'
585 444 761 500 curabam
777 445 1063 506 exsaunnurus,
1079 427 1149 491 dcc.
1337 422 1402 484 243

113 579 187 644 Sede
201 580 379 663 Apostoliea
405 595 551 642 exercere
567 585 697 658 poterat,
714 591 799 656 quae
826 571 989 649 mandato,
1005 569 1074 632 sive
1099 567 1196 630 literis
1216 565 1403 642 vicariatus,

114 707 171 753 non
185 690 410 752 continebatur:
435 687 646 768 agnovissent
659 692 822 766 praeterea
847 680 883 742 in
898 679 984 742 dicto
999 695 1070 738 can.
1089 677 1147 753 10,
1175 681 1206 736 et
1222 673 1261 751 3,
1281 671 1405 754 subjec-

113 813 172 864 tam
185 812 255 863 tum·
275 797 558 863 fnisseBritonum
575 794 782 860 Provinciam
810 791 909 854 variis
923 787 1158 865 controversiis,
1185 785 1305 866 quibus
1329 803 1404 866 pcn-

114 887 250 970 dentibus
265 923 339 971 non
366 907 445 970 satis
470 906 511 968 de
536 901 661 982 linibus
683 901 874 977 dioeceseos,
901 913 933 962 ct
959 900 999 962 de
1025 896 1245 978 Metropolitae
1271 913 1406 976 persona

113 1026 208 1097 aperte
221 1015 396 1079 constabat.
441 1015 527 1078 Eam
542 1013 677 1076 obrem
703 1011 874 1075 &manus
902 1009 1046 1074 Antiates
1062 1008 1168 1090 potius
1194 1023 1236 1067 ex
1260 1003 1405 1085 quadam

112 1125 278 1207 prudentia,
291 1127 334 1188 ’et
351 1125 464 1187 rerum·
482 1119 697 1204 gerendamm
723 1119 921 1198 aeconomia,
947 1135 1048 1201 quam
1067 1135 1108 1179 ex
1130 1116 1212 1199 juris
1235 1113 1408 1198 disciplina

112 1231 267 1308 rescripsit.
311 1229 386 1294 Non
401 1247 483 1312 opus
498 1239 554 1307 est,
572 1227 634 1290 lroc
649 1227 684 1290 in
699 1227 769 1290 loco
783 1245 823 1289 ea
838 1237 1027 1309 temporum,
1044 1227 1235 1308 etllocornm
1250 1225 1407 1308 ‘adjuncta

110 1338 166 1400 late
177 1339 363 1417 describere,
375 1357 463 1420 qrtae
473 1339 544 1422 jam
559 1336 696 1400 exhibui
710 1336 743 1400 in
758 1335 844 1400 meis
855 1335 1192 1400 animadversionibus
1214 1338 1246 1398 in
1262 1335 1408 1399 codicem

108 1447 254 1510 Gratiani.
296 1446 392 1518 Quid
406 1455 517 1512 autem
543 1445 714 1524 mimm,si
738 1443 827 1508 iniis
852 1443 1014 1528 adjunctis
1038 1443 1079 1506 ad
1107 1443 1330 1525 Apostolieam
1352 1442 1408 1505 Se·

108 1553 176 1618 dem
189 1556 318 1637 negotia
333 1557 402 1638 ejus
415 1553 545 1638 generis
560 1549 726 1616 reserenda
740 1551 938 1616 dicerentur?
981 1552 1095 1633 Itaque
1111 1564 1233 1634 septem
1250 1551 1409 1632 prioribus
1478 1619 1483 1630 ,

110 1649 237 1724 saeculis
252 1671 410 1728 constans
429 1661 495 1724 fuit
510 1659 764 1728 Prouincialium
791 1660 998 1742 synodorum
1020 1661 1204 1739 auctoritas,
1233 1663 1266 1724 in
1288 1661 1409 1743 quibus
1498 1705 1502 1715 ·

104 1777 135 1828 et
147 1767 301 1852 damnari,
312 1782 350 1835 et
364 1771 457 1855 deJici
474 1763 626 1855 Episcopi
641 1779 796 1853 poterant,
820 1769 999 1832 dummodo
1014 1786 1148 1833 concors
1163 1770 1279 1834 suisset
1294 1791 1410 1835 conve-

106 1873 256 1942 nientium
272 1877 466 1942 Andstitum
491 1877 660 1957 sententia,
676 1895 749 1939 can.
768 1875 806 1955 1.,
833 1887 865 1940 et
879 1877 908 1940 6.
925 1895 1013 1940 caus.
1030 1879 1059 1940 6.
1086 1892 1210 1959 quaest.
1227 1879 1265 1958 4.,
1292 1899 1361 1962 cap.
1379 1881 1408 1942 3.

106 1983 141 2046 dc
151 1977 298 2071 sentent,
314 1999 347 2052 et
362 2007 394 2052 re
405 1988 516 2074 judic,
544 1989 602 2053 ubi
615 1989 704 2054 euim
719 1989 752 2052 in
769 1988 1039 2072 diversaspaues
1062 1990 1283 2068 dividerentur
1297 1993 1409 2056 suffra·

107 2095 162 2175 gia,
177 2094 217 2158 de
232 2098 343 2160 vicina
358 2097 529 2160 Provincia
544 2097 624 2162 alter
640 2096 915 2180 Metropolitanus,
934 2117 991 2160 sen
1008 2098 1134 2162 Primas
1150 2101 1273 2192 accitus
1288 2110 1410 2164 contro·
1503 2113 1509 2122 ·

107 2209 238 2304 versiam
252 2209 434 2288 dirimebat,
461 2229 532 2274 can.
547 2210 587 2290 2,
603 2221 634 2274 et
650 2209 681 2274 3.
706 2229 795 2274 caus.
811 2211 840 2273 6.
857 2221 981 2292 quaest.
997 2209 1036 2290 4.,
1060 2213 1113 2274 cui
1127 2213 1221 2296 jungi
1245 2223 1348 2295 potest
1364 2231 1411 2277 ar-

107 2327 290 2394 gumentum
309 2315 444 2398 capituli
461 2315 509 2380 13.
526 2317 567 2379 de
581 2316 751 2398 rescriptis.
788 2315 932 2380 Isidorus
948 2317 1106 2382 Mercator
1121 2318 1161 2381 de
1176 2339 1264 2384 nrorc
1281 2339 1341 2384 suo
1356 2339 1411 2384 nc·

105 2439 174 2486 ram
190 2425 324 2496 invexit,
332 2423 549 2506 disciplinam,
565 2423 689 2507 passim
704 2422 844 2502 tradens,
867 2423 1047 2507 Episcopus
1062 2424 1194 2508 quidem
1210 2427 1411 2515 comprovin-

102 2535 194 2600 ciales
209 2557 330 2602 causas
346 2537 583 2620 Episcoporum
597 2553 692 2620 posse
707 2534 875 2616 discutere,
893 2531 1115 2602 accusationes
1132 2537 1279 2619 recipere,
1295 2523 1424 2620 excep-¹

80 2635 198 2709 'tiones
213 2646 395 2727 admittere,
422 2663 594 2728 nunquam
609 2655 719 2713 tamen
745 2648 953 2730 pronuntiare
979 2648 1180 2726 seutentiam,
1205 2649 1261 2710 sed
1284 2647 1409 2712 banca

104 2748 181 2814 Sede
204 2745 394 2836 apostolica
420 2754 600 2836 exspectari
616 2765 767 2836 oportere,
795 2773 867 2818 can.
894 2757 922 2818 5.
939 2773 1028 2818 caus.
1044 2757 1074 2819 2.
1091 2767 1213 2838 quaest.
1233 2758 1269 2837 1.,
1292 2776 1362 2821 can.
1380 2760 1409 2822 5¹.

103 2853 129 2915 6.
155 2856 181 2919 7.
208 2859 248 2938 9,·,
277 2870 310 2922 et
338 2860 386 2921 11.
413 2877 501 2924 caus.
524 2859 554 2922 3.
571 2871 696 2942 quaest.
712 2863 741 2925 6.
785 2863 846 2926 His
862 2863 1074 2928 decretalibus
1101 2867 1222 2929 sensim
1239 2886 1276 2928 eo
1292 2866 1412 2930 devan-

102 2973 168 3026 tum
182 2977 238 3046 est,
265 2978 304 3034 ut
315 2965 438 3050 judicia
453 2967 636 3032 criminalia
663 2969 898 3053 Episcopornm
923 2970 1040 3034 deiude
1063 2971 1252 3036 referrentur
1275 2974 1409 3036 omuino

19 3131 20 3134 ,
103 3071 379 3158 chpostolicam
395 3075 717 3161 Sedem,-qnodjam
732 3079 876 3159 Gregorii
903 3079 1171 3163 intempestus
1202 3082 1354 3164 viguisse,
1379 3083 1414 3145 li·
1470 3091 1473 3094 '

36 3249 39 3256 ,
102 3197 231 3266 quetex
246 3207 321 3252 can.
348 3189 378 3250 2.
394 3187 466 3250 dist.
485 3187 543 3268 12,
570 3185 656 3268 quod
673 3188 803 3251 taudem
832 3189 911 3252 abiit
925 3191 957 3254 in
981 3188 1178 3255 ordinariam
1201 3189 1409 3276 disciplinam
1534 3200 1544 3212 '

101 3311 168 3376 cap.
182 3297 213 3359 2.
231 3295 274 3359 de
291 3277 402 3359 transl.
419 3296 538 3378 Episcz,
554 3315 625 3378 cap.
644 3297 693 3359 16.
708 3296 750 3358 de
761 3297 886 3363 haeret.
900 3299 934 3360 in
952 3299 981 3362 6.
1412 3302 1421 3316 ‘

141 3403 312 3470 Hodierna
327 3403 499 3487 disciplina
511 3415 619 3486 aperte
634 3404 729 3485 edita,
747 3425 784 3468 ac
801 3407 941 3471 stabilita
953 3407 1203 3490 deprehenditur
1219 3409 1251 3472 ia
1268 3409 1413 3472 Concilio

102 3510 298 3579 Tridentino
311 3533 381 3597 cap.
398 3514 427 3576 6.
440 3513 470 3576 7.
482 3513 511 3576 8.
525 3513 565 3577 de
577 3513 717 3577 Reform.
731 3534 808 3577 sess.
827 3515 885 3596 13,
899 3525 930 3578 et
941 3535 1009 3598 cap.
1024 3517 1053 3580 5.
1066 3516 1106 3578 de
1118 3516 1257 3580 Reform.
1270 3536 1349 3580 sess.
1361 3517 1411 3580 at.

101 3617 213 3706 lncap.
223 3625 254 3687 6.
263 3634 399 3688 cautum
407 3619 475 3700 suit,
484 3633 654 3704 nunquam
662 3621 831 3698 citandum
842 3643 911 3686 esse
921 3623 1129 3704 Episcopum,
1141 3622 1190 3684 vel
1203 3623 1412 3702 monendum,

101 3745 135 3794 ut
145 3735 360 3816 personaliter
369 3745 561 3817 compareat,
575 3734 709 3797 etiamsi
721 3753 763 3796 ex
772 3734 886 3813 officio,
898 3745 955 3797 aut
964 3753 1019 3816 per
1031 3735 1281 3815 iaquisitionem,
1294 3736 1414 3799 sende·

99 3844 348 3924 nuntiationem,
361 3843 413 3906 vel
424 3846 674 3922 accusationem,
688 3845 757 3907 sive
772 3845 836 3908 alio
847 3845 963 3926 quovis
976 3845 1073 3908 modo
1083 3847 1280 3928 procedatur,
1295 3849 1356 3911 nisi
1372 3849 1413 3910 ob

100 3962 243 4038 calisam,
260 3969 304 4012 ex
319 3969 386 4032 qua
397 3950 618 4033 deponendus,
632 3952 700 4015 sive
710 3953 889 4035 privandus
902 3953 1007 4016 officio
1019 3973 1079 4016 suo
1093 3955 1223 4036 veniret,
1241 3957 1360 4020 etenim
1372 3959 1413 4019 ob

99 4051 234 4120 leviores
250 4071 371 4121 musas
397 4074 539 4141 aequum
555 4077 621 4122 non
637 4069 694 4138 est,
721 4060 921 4143 Episcopum
936 4063 1016 4144 cogi,
1035 4075 1070 4126 ut
1086 4055 1258 4128 dioecesim
1274 4065 1412 4139 derclin-
1500 4101 1503 4110 ·

98 4177 184 4247 quat,
200 4179 234 4231 et
249 4187 318 4231 non
334 4169 404 4232 sine
418 4169 612 4252 episcopalis
627 4170 757 4234 honoris
773 4173 987 4236 diminutione
1005 4187 1148 4258 vagetur.
1173 4177 1211 4239 la
1227 4197 1296 4259 cap.
1313 4181 1341 4241 7.
1359 4181 1412 4242 de-

96 4275 281 4356 signandae
297 4277 427 4342 fuerunt
449 4277 622 4360 qualitates
639 4279 770 4342 testium
786 4279 819 4342 iu
836 4280 1058 4346 criminalibus
1082 4281 1318 4365 Episcopouun
1334 4305 1411 4348 catr-

93 4385 137 4449 sis
151 4387 444 4471 admittendorum
471 4390 591 4452 debent
612 4391 700 4474 enim
716 4389 763 4452 illi
790 4372 951 4455 contestes
975 4411 1053 4472 esse,
1077 4393 1180 4457 bonae
1196 4399 1410 4460 conversatio-

95 4495 151 4574 nis,
168 4497 430 4578 existimationis,
457 4506 490 4562 et
505 4495 621 4577 famae,
648 4496 734 4562 facta
750 4497 905 4563 facultate
917 4499 1090 4582 judicibus,
1116 4502 1269 4584 gravibus
1296 4505 1407 4588 poeuis
