3168 4982
193 546 258 614 210
552 569 794 616 orassaarcro
808 569 965 632 conare,
988 569 1065 616 err.
1088 548 1161 618 vn.
1263 573 1267 582 ·
1352 565 1355 572 ⁴

193 709 263 756 mos
279 689 359 753 alios
373 707 438 754 non
455 692 583 774 sperari,
598 702 630 754 et
645 703 748 755 cesset
761 701 862 755 cauta
877 692 1045 772 interdicti,
1061 694 1148 756 dicta
1163 693 1183 755 l.
1198 693 1229 756 2.
1246 697 1269 761 1.
1284 693 1328 773 2,
1341 691 1505 775 quemad·

191 801 326 866 modum
340 813 372 865 et
386 801 519 866 viduam
537 803 678 885 potuisse
692 805 881 886 rescriptum
896 803 1054 886 Principis
1070 805 1245 886 impetrare,
1273 817 1310 866 ut
1323 805 1367 868 ad
1382 823 1500 872 secura

193 909 254 974 das
268 914 400 994 nuptias
425 923 500 976 ante
516 923 672 976 statutum
689 923 816 995 tempus
837 913 1032 991 convolaret,
1050 911 1185 976 111111.
1211 912 1291 991 eod,
1315 913 1403 994 qood
1431 933 1501 978 nou

190 1023 338 1088 indecore
353 1023 588 1090 concedebatur
603 1024 648 1102 iis,
665 1043 749 1106 qnae
766 1023 891 1087 trullam
907 1031 1028 1106 sperne
1043 1025 1144 1105 priore
1158 1023 1307 1114 conjugio
1321 1024 1502 1106 suscipien-

190 1130 305 1196 dorum
322 1131 493 1194 liberorum
509 1150 543 1192 se
569 1130 687 1192 habere
699 1129 792 1193 certis
807 1133 1007 1212 argumentis
1019 1129 1236 1194 adfinnarent.
1280 1129 1503 1195 t‘rofictsaturr

173 1235 339 1320 'deniqne
355 1235 474 1301 viduas
488 1238 572 1299 intra
587 1235 694 1298 luctus
710 1245 852 1318 tempora
875 1235 1039 1319 sponsalia
1053 1235 1241 1300 contrahere
1257 1239 1409 1319 potuisse,
1430 1236 1501 1300 dic·

190 1361 224 1412 ta
239 1348 260 1410 l.
278 1349 378 1416 10.·t.
397 1349 423 1410 1.
467 1345 614 1418 Quando
638 1365 713 1408 vero
738 1345 1005 1428 impedimentum
1031 1345 1118 1408 istud
1144 1357 1332 1428 perpetuam
1355 1363 1499 1408 causam

190 1457 379 1540 nonhabet,
404 1457 461 1522 sed
486 1470 571 1521 certo
597 1469 737 1540 tempore
762 1457 1036 1539 circunscriptam,
1063 1457 1239 1521 noluerunt
1263 1456 1413 1535 Romani,
1439 1475 1501 1520 eas

190 1565 321 1648 nuptias
334 1571 448 1628 'contra
465 1563 568 1648 legem
580 1573 761 1626 contractas
776 1563 906 1645 penitus
921 1563 1042 1642 irritari,
1058 1564 1200 1626 contenti
1214 1562 1368 1645 gravibus
1383 1563 1502 1644 poenis

166 1650 168 1656 ¹
189 1662 303 1757 terrere
318 1669 476 1748 mulieres,
496 1679 531 1732 ut
542 1669 689 1737 animm
705 1676 724 1735 a
739 1669 899 1733 festinatis
910 1671 1030 1752 nuptiis
1042 1659 1223 1734 avocarent
1263 1669 1390 1733 Poenae
1402 1683 1500 1734 amnt

192 1787 227 1844 ut
241 1777 393 1842 mulieres
407 1777 483 1841 illae
497 1778 693 1841 haberentur
715 1789 872 1859 tanquam
889 1777 1035 1857 insanies,
1052 1777 1209 1842 unacum
1224 1779 1272 1858 iis,
1289 1761 1499 1861 quibasdam

188 1887 361 1952 duxissent
385 1888 523 1950 scientes
546 1885 729 1968 prudentes,
755 1897 787 1952 et
807 1905 885 1949 cum
910 1887 1106 1968 parentibus,
1133 1887 1189 1968 qui
1213 1885 1335 1968 nuptiis
1357 1903 1499 1954 emean-

188 2000 315 2077 eissent,
331 1997 351 2062 l.
370 1999 407 2075 1.,
423 2007 455 2060 et
468 1997 509 2076 2.,
524 1989 547 2066 t.
563 1995 602 2076 3.,
619 1995 639 2058 l.
657 1995 706 2060 13.
720 1995 820 2078 princ.
835 1993 869 2058 ff.
885 1994 925 2057 da
940 1995 1000 2075 his,
1017 1995 1073 2076 qui
1089 2005 1154 2058 not.
1180 1993 1301 2074 lusam,
1318 1993 1339 2057 l.
1359 1997 1407 2058 ta.
1421 1995 1497 2060 cod.

69 2169 74 2179 ,
188 2125 231 2172 ox
245 2106 333 2190 quib.
349 2123 438 2168 caus.
456 2102 568 2166 inlam.
584 2103 686 2185 irrog,
703 2103 722 2165 l.
740 2105 768 2166 1.
783 2115 814 2166 et
825 2104 855 2166 2.
871 2102 941 2165 cod.
957 2102 998 2164 de
1014 2102 1148 2166 secund.
1164 2114 1265 2185 nupt,
1281 2103 1301 2166 l.
1316 2103 1346 2168 ri
1361 2104 1436 2169 cod.
1453 2105 1496 2169 ad

188 2213 265 2281 Seu.
282 2213 379 2278 Coos.
397 2211 545 2286 Tenuit,
561 2211 644 2274 Nor.
660 2211 712 2272 22.
727 2227 798 2292 cap.
813 2209 865 2272 32.
880 2221 913 2272 et
926 2209 986 2288 ctu,
1003 2209 1130 2274 Novell.
1145 2209 1197 2273 39.
1211 2227 1283 2291 cap.
1298 2211 1329 2274 2.
1371 2213 1498 2278 Saeuu-

188 2323 230 2388 do
246 2343 312 2389 nou
327 2333 473 2408 poterant
487 2321 578 2385 alteri
601 2322 669 2384 viro
683 2320 768 2384 ultra
783 2320 908 2384 tertiam
924 2321 1081 2384 bonorum
1096 2339 1229 2384 suorum
1252 2331 1374 2405 partem
1389 2322 1425 2386 in
1441 2324 1499 2387 do-

188 2451 253 2504 tem
269 2437 365 2520 dare„
381 2455 487 2520 neque
501 2435 530 2500 ei
545 2455 587 2498 ex
612 2443 803 2498 testamento
817 2432 993 2518 plusquam
1017 2434 1144 2497 tertiam
1159 2443 1283 2515 partem
1302 2433 1496 2518 relinquere,
1578 2481 1579 2484 ,

187 2551 311 2617 dictal.
338 2551 366 2615 1.
383 2568 464 2614 vers.
491 2547 672 2613 Praeterea
697 2543 767 2606 cod.
791 2541 832 2606 de
854 2561 917 2606 sec.
941 2553 1031 2626 nupt.
1074 2543 1187 2607 'l'ertia
1212 2561 1318 2626 neque
1342 2557 1497 2627 poteraut

187 2659 343 2728 haeredes
368 2657 502 2736 institui,
529 2663 708 2738 nequeant
733 2651 848 2734 legata,
865 2659 922 2714 aut
948 2649 1205 2730 fideicommissa,
1230 2651 1499 2717 autdonationec

186 2787 288 2832 causa
302 2767 420 2846 mortis,
444 2775 500 2828 aut
515 2779 742 2845 quaecumque
763 2771 916 2842 suprema
930 2757 1097 2821 voluntate
1111 2758 1221 2822 relicta
1242 2759 1412 2843 percipere,
1428 2761 1499 2826 dic-

188 2888 220 2940 ta
235 2877 256 2940 l.
277 2879 302 2940 1.
318 2895 399 2938 vers.
421 2873 590 2937 Omnium.
635 2871 762 2940 Quarto
777 2867 969 2930 amittebant
991 2885 1217 2950 qtraecumque
1239 2877 1296 2934 ant
1316 2875 1359 2932 'ex
1368 2868 1498 2952 judicio

187 2987 295 3051 mariti
311 2985 474 3049 morientis
490 2981 571 3044 alias
587 2980 703 3043 habero
719 2978 907 3061 potuissent,
923 2979 1092 3042 autetiam
1107 2997 1191 3061 quae
1206 2980 1349 3044 lucratae
1364 2980 1499 3046 fuerant

187 3114 290 3158 causa
305 3091 511 3176 sponsalitiae
526 3087 692 3170 largitatis,
708 3087 794 3148 dicta
809 3085 829 3148 l.
847 3087 874 3148 1.
890 3103 973 3149 vers.
990 3087 1059 3150 His
1073 3089 1182 3167 etiam,
1202 3087 1271 3152 etl.
1287 3089 1317 3152 2.
1332 3089 1403 3152 cod.
1420 3091 1496 3154 eod.
1573 3063 1574 3087 Χ

134 3237 137 3244 »
188 3205 235 3266 tit.
280 3183 407 3271 Quinto
422 3195 657 3260 haereditatum
683 3194 983 3274 legitimammsire
1011 3214 1052 3258 cx
1064 3195 1134 3277 jure
1156 3193 1253 3272 civili,
1280 3193 1348 3256 siue
1365 3213 1407 3257 ex
1419 3197 1498 3278 jura
1572 3179 1573 3207 ¹

188 3309 344 3396 praetorio
359 3307 402 3371 ad
425 3327 458 3369 se
473 3305 655 3368 delaturum
673 3303 825 3382 indignae
847 3301 1060 3381 habebantur,
1075 3303 1102 3364 si
1117 3313 1264 3382 ageretur
1285 3301 1326 3364 de
1341 3313 1495 3385 cognato·
1570 3365 1571 3368 ,

190 3441 261 3484 rum
277 3418 478 3482 successione
502 3413 586 3478 ultra
601 3413 728 3475 tertium
752 3409 898 3492 gradum,
922 3408 1009 3472 dicta
1024 3409 1043 3471 l.
1069 3413 1096 3473 l.
1113 3409 1145 3472 in
1164 3409 1237 3472 line.
1281 3409 1382 3474 Sexto
1404 3409 1498 3476 deni·

189 3550 253 3612 quc
269 3529 458 3591 tenebantur
473 3523 583 3606 prioris
599 3519 792 3584 matrimonii
809 3517 915 3580 liboris
931 3519 1097 3580 semissem
1111 3519 1269 3582 bonorum
1283 3537 1417 3584 suoutm
1432 3519 1498 3583 lar-

188 3635 257 3717 giri,
273 3633 358 3695 dicta
373 3631 392 3693 l.
410 3633 438 3694 5.
456 3627 525 3692 eorl.
549 3627 590 3690 ad
606 3627 680 3690 Son.
697 3625 794 3689 Coris.
810 3623 948 3688 Tertull.
992 3624 1056 3688 Sed
1075 3635 1243 3707 postquam
1267 3627 1435 3692 Romanae
1450 3629 1499 3694 lc-

189 3760 246 3822 ges
262 3737 487 3800 recentioribus
514 3734 651 3797 saeculis
666 3734 786 3815 negligi
813 3741 994 3814 cooperunt,
1021 3731 1154 3794 inolevit
1168 3735 1377 3814 consuetudo,
1395 3747 1432 3802 ut
1446 3739 1498 3801 vi-

189 3841 273 3912 dua'e
289 3843 476 3927 adnuptias
499 3841 688 3906 festinantes
703 3841 841 3903 infames
863 3857 928 3900 non
943 3839 1145 3902 haberentur.
1191 3838 1277 3902 ltine
1299 3839 1498 3906 duodecimo

189 3955 319 4020 sacculo
333 3973 406 4016 cum
424 3951 531 4014 studia
542 3951 622 4034 juris
637 3949 775 4013 Romani
792 3949 1024 4025 reviviscerent,
1040 3957 1071 4008 ct
1087 3945 1234 4010 nonnulli
1256 3957 1397 4014 veterem
1412 3949 1499 4014 insa-

189 4063 273 4126 miac
290 4075 426 4141 poenam
442 4057 474 4119 in
490 4055 607 4118 vitinus
630 4056 714 4117 intra
728 4072 853 4117 anuum
871 4054 977 4118 luctus
1000 4055 1158 4118 nubentes
1180 4053 1381 4122 inferendam
1395 4043 1498 4122 duce-

188 4181 267 4246 rent,
294 4165 445 4231 Urbanus
460 4163 558 4243 vtlt,
584 4173 615 4225 et
630 4163 839 4226 Innocentius
854 4163 912 4241 ill,
936 4162 1171 4226 consuetudins
1198 4164 1308 4245 potius·
1321 4165 1498 4249 indulgen·

188 4278 268 4340 dum
284 4276 464 4350 volucrunt,
492 4273 621 4353 insuper
636 4269 746 4333 habita
761 4271 981 4334 Romanamm
1009 4269 1119 4353 legum
1134 4271 1351 4354 dispositione,
1365 4293 1434 4357 cap.
1448 4273 1499 4356 4.,

187 4399 219 4450 at
236 4391 264 4451 5.
281 4387 321 4449 dc
337 4385 467 4449 secund.
494 4397 594 4466 nupt..
621 4401 658 4445 eo
678 4391 854 4464 praetextu,
880 4381 1115 4463 quassantes
1140 4383 1315 4464 Apostolus
1341 4383 1500 4450 mulieres

189 4506 315 4557 mortuo
331 4494 397 4555 viro
413 4499 433 4558 a
449 4491 518 4574 lege
533 4491 592 4553 viri
609 4491 731 4552 sotruas
747 4490 987 4573 praedicaverit.
1022 4490 1193 4553 Caeterum
1209 4509 1409 4574 quamquam
1424 4511 1502 4553 mo·

190 4603 277 4670 tibus
293 4603 462 4667 inductum
478 4601 526 4683 sit,
551 4611 585 4666 ut
601 4621 704 4686 poena
719 4599 872 4665 infamiae
894 4601 1112 4682 remitteretur,
1135 4619 1200 4666 nou
1216 4611 1323 4667 tameo
1339 4599 1501 4668 concludi

161 4898 201 4933 h..-
