3120 4980
125 423 169 491 08
369 447 459 494 ms
476 449 601 510 retur,
620 451 856 520 ursssnrrrtc
878 455 1051 518 succum,
1068 458 1145 504 cre.
1161 435 1186 504 l.

126 564 296 634 Pontificio
322 573 512 636 auctoritate
537 573 682 638 officium
707 577 912 658 Apostolicee
939 579 1185 661 praedicationis
1209 581 1297 666 opud
1321 591 1430 650 entra·

123 687 205 742 neue
219 676 382 761 religionis
397 679 546 743 homiues
562 684 689 764 regitur,
705 695 735 746 et
752 685 884 750 modum
901 705 1030 752 omnem
1045 689 1139 771 capit.

165 787 260 851 Duae
275 799 353 852 suut
367 791 546 872 probabiles
561 793 693 874 regulae
709 793 805 876 hujus
820 797 1034 878 exceptiones.
1068 797 1177 863 Prima
1192 809 1240 862 est
1255 801 1287 864 iu
1304 819 1346 864 eu
1360 819 1429 884 spe·

121 893 178 966 cie,
194 913 261 975 qua
276 893 308 956 in
324 905 411 959 certe
428 897 572 961 Dioecesi
585 919 661 965 cutn
677 901 869 964 Christianis
886 903 961 966 viris
974 905 1118 970 incolunt
1132 918 1236 970 certos
1248 909 1354 987 nrbes,
1372 921 1430 974 eut

121 1003 240 1085 oppidu
256 1003 381 1068 alienae
407 1005 567 1088 religionis
583 1008 740 1072 homines:
767 1011 886 1074 etenim
902 1013 933 1074 in
951 1012 1013 1076 hac
1038 1016 1144 1097 specie
1166 1017 1209 1078 ad
1225 1017 1429 1100 Episcopum

114 1109 187 1192 jure
201 1110 323 1190 optim’o
337 1111 515 1192 pertinebit,
531 1115 550 1177 J
554 1115 681 1193 udaeos,
698 1129 754 1180 aut
769 1119 946 1183 Aetltnicus
961 1122 994 1184 in
1011 1139 1070 1186 sua
1087 1123 1235 1187 Dioeeesi
1249 1128 1427 1191 consisten-

120 1221 176 1296 tes,
193 1218 219 1280 si
236 1217 305 1282 fieri
321 1219 428 1301 possit,
444 1221 486 1284 ud
502 1222 706 1289 catholicam
721 1226 820 1290 fidem
835 1229 1004 1294 adducere.
1047 1231 1141 1303 Quid
1156 1235 1244 1296 euim
1257 1245 1428 1316 repugnet,

119 1323 298 1411 Episcopus
309 1329 574 1414 jurisdictionem,
602 1346 782 1398 ututcertts
810 1335 964 1401 limitibus
979 1337 1158 1418 definitam,
1186 1342 1266 1406 intre
1293 1343 1429 1408 cosdem

118 1429 236 1497 limites
251 1455 352 1499 ceusu
377 1438 539 1524 religionis
554 1441 638 1505 sicut
663 1443 813 1524 luendae,
840 1445 886 1508 ito
901 1447 934 1510 iu
950 1447 1057 1528 plures
1072 1447 1221 1510 homines
1245 1469 1429 1536 propagen-

118 1541 180 1606 dae
195 1546 355 1608 exercere?
399 1547 512 1630 Neque
529 1550 560 1612 iu
588 1549 651 1614 hoc
665 1551 770 1614 officio
785 1559 804 1616 tr
820 1573 897 1616 cure
925 1555 1127 1618 Dioeoesane
1145 1553 1328 1638 Episcopus
1351 1577 1428 1620 aro·

117 1667 251 1736 caretur,
269 1656 368 1719 immo
393 1669 425 1720 et
440 1657 639 1724 Dioeecssim
654 1681 749 1724 suam
775 1669 796 1728 d
810 1665 1038 1743 superstitiosis
1053 1664 1240 1729 hominibus
1265 1685 1429 1748 expurge-

117 1775 173 1845 ret3
191 1784 294 1848 neque
310 1785 352 1829 ex
370 1787 429 1832 usu
457 1789 603 1852 uuquam
620 1770 767 1850 obtinuit,
795 1781 830 1832 ut
846 1772 925 1834 baec
940 1784 1081 1854 potestas
1107 1773 1267 1854 Superiori
1283 1793 1428 1837 reserva·

117 1888 211 1940 tetur.
256 1879 366 1942 Altera
381 1882 528 1962 exceptio
553 1883 649 1946 estin
676 1903 715 1945 eo
730 1883 847 1966 specie,
870 1904 935 1966 qun
962 1895 1049 1947 certe
1071 1884 1237 1948 Dioecesis
1263 1883 1304 1947 sit
1318 1898 1428 1950 extro·

116 2001 197 2048 neue
213 1985 375 2070 religionis
400 1989 586 2052 hominibus
601 1993 809 2056 contermina:
827 2004 906 2056 tuuc
921 1994 1009 2058 cuim
1033 2003 1065 2056 et
1081 1994 1121 2056 ud
1139 1993 1340 2076 Episcopum
1352 1995 1428 2078 jur·

116 2095 272 2177 pertinere
287 2097 409 2178 poterit,
434 2098 468 2162 iu
483 2118 539 2161 eus
554 2097 710 2163 finitimas
733 2103 879 2184 regiones
893 2109 913 2167 d
928 2103 1020 2166 utillo
1034 2101 1144 2166 udlutc
1171 2103 1334 2188 Episcopo
1349 2123 1427 2168 con·

116 2215 227 2264 tersus
244 2199 445 2266 Dioeceseos'
462 2224 542 2268 sune
559 2211 738 2287 pomoenie,
764 2210 869 2290 quusi,
887 2209 931 2272 ita
955 2207 1102 2288 dixerim,
1118 2210 1325 2292 contingente
1341 2211 1427 2277 ullu·

114 2309 220 2390 virtue,
238 2311 432 2393 protendere.
477 2313 569 2386 Quid
591 2317 679 2380 enim
702 2317 815 2380 obesse
839 2327 942 2402 potest
968 2317 1138 2402 Episcopo,
1166 2338 1207 2382 ne
1231 2319 1429 2401 ampliorem

115 2415 315 2488 Dioecessitu
332 2422 444 2488 reddat
469 2424 504 2510 in
518 2444 557 2487 ee
572 2436 670 2510 purte,
698 2425 732 2489 in
746 2444 813 2506 qua
827 2443 893 2488 nou
909 2425 951 2490 eb
966 2425 1114 2490 Ecclesia
1137 2425 1230 2508 positi
1247 2437 1325 2488 suut
1339 2425 1429 2490 fines

115 2527 219 2609 gratia
234 2527 372 2594 eliorum
400 2529 642 2615 Episcoporntn,
669 2533 725 2596 sed
741 2534 846 2616 potius
862 2534 905 2597 ab
929 2535 1084 2618 oppositis
1108 2535 1292 2616 regionibus
1307 2533 1426 2600 infide-

114 2631 196 2698 lium
212 2635 328 2720 injuriu
352 2637 621 2722 impedimentum
646 2640 802 2724 objicitur,
828 2659 869 2704 ne
883 2641 1018 2706 ulterius
1044 2639 1228 2724 Episcopus
1252 2639 1337 2702 idem
1353 2659 1425 2722 pro·

115 2743 293 2826 gredietur‘l
337 2747 473 2812 Sublato
499 2748 590 2812 obice
615 2748 658 2811 eb
684 2748 877 2830 infidelibus,
903 2768 1043 2833 quorum
1065 2751 1193 2814 enimes
1216 2747 1426 2832 Evangelicn

114 2853 310 2936 praedicario
334 2856 535 2936 emolliverit,
561 2877 600 2920 ec
614 2857 785 2940 flexerit3
772 2877 844 2943 Jure
858 2877 919 2922 suo
946 2857 1110 2956 Dioecesis
1129 2855 1323 2932 extenditur,
1349 2855 1425 2918 sino

114 2961 238 3043 froude,
254 2977 352 3048 utque
377 2967 495 3050 injurie
509 2965 645 3032 altorum
662 2966 861 3048 Antistitum,
885 2985 1023 3048 quorum
1038 2951 1242 3050 potissimum
1258 2981 1359 3026 causa
1375 2963 1424 3028 iu·

115 3083 165 3136 tra
178 3085 280 3136 certos
295 3075 448 3139 terminos
461 3087 626 3138 coercetur
640 3075 832 3158 Episcopus,
853 3073 880 3136 si
900 3073 1063 3137 Dioecesis
1078 3070 1271 3136 Christianis
1286 3069 1426 3133 Proriu·

115 3185 175 3249 ciis
192 3184 336 3268 undiquc
360 3185 678 3252 circumcluderetur.
721 3185 836 3268 Neque
852 3197 929 3250 tuuc
957 3183 1139 3267 Episcopus
1169 3182 1424 3246 ntoooessenam

114 3313 227 3360 cirrum
244 3293 428 3378 negligeret,
455 3293 556 3357 immo
569 3303 601 3357 et
613 3283 815 3358 Dioecessim
841 3296 946 3376 ipsunt
962 3291 1150 3356 nobiliorem
1165 3285 1318 3374 augendo
1338 3284 1423 3348 lece

116 3412 170 3481 tot,
187 3419 292 3484 neque
306 3410 441 3480 constet,
463 3399 607 3482 aliquem
622 3419 693 3464 esse
707 3401 741 3465 iu
757 3401 819 3464 huc
834 3413 924 3486 porte
938 3399 1136 3483 singularem
1160 3396 1423 3474 reservationem

115 3505 216 3573 immo
230 3517 262 3569 et
277 3507 310 3570 in
325 3525 397 3570 ceu.
413 3509 463 3572 50.
478 3526 569 3571 esus.
587 3509 636 3574 16.
652 3517 776 3591 qunest.
793 3511 820 3574 1.
837 3520 1066 3592 argumentum
1081 3517 1138 3586 est,
1154 3525 1196 3568 ex
1210 3521 1277 3585 quo
1291 3500 1422 3566 conclu·

115 3615 210 3698 ditur,
226 3617 397 3682 Dioeceses
411 3635 523 3682 recens
544 3633 717 3684 conversas
732 3620 775 3682 ed
790 3623 859 3704 ejus
877 3619 1028 3702 Episcopi
1043 3635 1154 3682 curem
1177 3615 1343 3700 pertinere,
1364 3629 1420 3676 cu·

111 3729 167 3814 lus
182 3729 363 3793 Dioecesim
379 3730 551 3813 attingunt,
576 3741 608 3794 et
622 3750 688 3796 uon
704 3731 765 3795 nisi
780 3729 925 3816 eJusdem
940 3749 1102 3795 consensu
1117 3726 1289 3812 proprium,
1310 3737 1343 3790 et
1356 3724 1422 3788 riu·

115 3833 262 3921 gulatem
288 3835 496 3921 Episcopum,
522 3857 598 3904 cum
622 3837 763 3922 populus
788 3837 895 3906 fidelis
920 3825 1040 3902 ibidem
1055 3835 1290 3920 multiplicatus
1315 3831 1420 3912 fueri&

116 3944 289 4031 postulare.

158 4055 223 4123 lix
237 4058 401 4144 contingit,
417 4069 453 4124 ut
468 4077 569 4124 uuum
584 4059 765 4124 Dioecesitn
780 4057 923 4124 incolent
937 4055 1121 4136 Christiani,
1137 4063 1168 4118 et
1183 4053 1335 4118 Aethuici
1348 4049 1418 4116 tto

116 4161 354 4246 trementes,
370 4167 502 4250 quaudo
514 4179 636 4231 'tumen
651 4167 808 4250 contingit
827 4167 1033 4250 quandoque,
1058 4176 1094 4230 ut
1108 4183 1211 4228 unam
1226 4161 1415 4236 Diocccsitu,
1494 4231 1505 4246 ι

116 4285 175 4339 cut
190 4275 302 4339 urbem
328 4275 473 4339 incolunt
497 4285 530 4338 et
543 4275 730 4354 Christiani,
754 4285 786 4339 et
800 4273 927 4339 Juduei.
970 4272 1094 4355 Ecquis
1109 4271 1244 4353 ignoret,
1269 4271 1366 4334 etiem
1379 4266 1413 4332 in

116 4380 283 4466 republica
297 4383 481 4448 Christiane
495 4403 537 4448 ex
552 4383 700 4466 pessimis
714 4383 838 4468 priscae
853 4391 984 4446 sancus
999 4380 1195 4464 synagogae
1209 4377 1351 4462 reliquii·
1365 4375 1418 4437 bt»

115 4511 163 4568 ιι
176 4493 353 4577 aliquando
367 4493 501 4560 suboriri
516 4511 610 4578 posse
624 4512 691 4559 non
703 4491 956 4559 contemnenda?
997 4490 1095 4575 Impii
1108 4489 1182 4572 siut,
1207 4499 1240 4554 et
1254 4483 1415 4570 corruptio·
