3146 4980
144 361 209 432 308
590 353 983 432 orssanrsrro‘ssx'rn.

141 529 207 576 nort
221 511 377 588 diciorum
399 507 458 574 sed
472 507 558 594 quod
583 531 617 574 eo
633 516 784 592 tempore.
812 531 874 596 quo
889 530 1005 576 carries
1020 509 1114 594 Agni
1135 509 1378 575 manducaturi
1389 529 1441 574 su·

140 635 226 696 mres,
242 639 361 681 vecors
375 617 527 702 operibus
537 619 723 712 corrpsnon
734 619 916 683 debeamus.
941 618 1104 700 Equidem
1121 619 1444 699 fateor,l1anchomi·

141 723 219 787 liam
234 741 307 786 vere
323 723 513 806 Hieronymi
536 743 602 787 non
617 743 697 805 esse;
726 743 937 808 rerumquae
964 725 1082 788 ibidem
1097 725 1287 788 adferuntur
1311 725 1353 788 ab
1370 745 1441 790 sen·

141 837 258 901 tentiae
274 837 493 920 probationem
518 857 560 902 ex
575 838 673 902 sacris
700 837 798 902 literis
824 839 1012 922 deprompta
1036 857 1192 922 magnam
1217 839 1286 902 vim
1311 837 1441 902 habeut:

139 945 257 1010 deinde
271 946 299 1010 si
315 945 356 1009 ad
372 965 526 1041 germapa
552 945 740 1030 Hieronymi
756 966 852 1030 opera
867 947 1087 1037 respiciamus,
1110 947 1143 1012 in
1158 947 1197 1010 iis
1211 947 1331 1011 similia
1346 967 1444 1036 quae

87 1083 90 1090 ·
139 1053 215 1118 darn
231 1053 444 1134 inveniemus,
471 1055 551 1119 dum
566 1068 698 1119 sanctus
722 1057 819 1119 viria
835 1076 896 1120 sua
920 1055 1078 1139 Apologia
1093 1075 1150 1138 pro
1164 1055 1253 1120 libris
1278 1057 1374 1120 editis
1389 1057 1445 1120 ad·

138 1159 481 1226 narsusJoviuianurn
506 1163 733 1232 itascribebat:
757 1163 892 1228 Paulus
917 1165 1095 1249 Apostolus
1120 1163 1208 1244 elicit,
1236 1165 1368 1249 quondo
1384 1167 1444 1230 coi-

139 1291 216 1336 mus
231 1293 306 1336 enm
320 1293 429 1353 unare,
454 1295 514 1337 nos
529 1293 623 1338 orare
646 1296 710 1338 tran
720 1295 826 1358 posse.
871 1273 913 1338 st
926 1295 986 1360 per
1001 1277 1130 1355 coitum,
1156 1275 1242 1360 qnod
1256 1277 1370 1339 minus
1385 1283 1445 1372 est,

138 1381 330 1466 impertitur,
356 1381 463 1460 idest,
487 1401 589 1461 orare,
618 1384 842 1467 quantoplus,
869 1384 955 1467 quael
968 1386 1080 1468 rnajres
1095 1392 1151 1459 est,
1175 1383 1282 1460 idest,
1311 1381 1444 1466 Cbrpus

141 1491 271 1558 Cbristi
280 1493 476 1578 prohibetur
489 1483 691 1580 scripturi...
707 1491 872 1557 Diximus
887 1493 925 1555 iu
940 1493 1048 1556 eodem
1062 1493 1234 1571 celerariae,
1250 1513 1355 1576 panes
1367 1511 1447 1576 pro·

133 1599 312 1682 positionis
326 1620 392 1663 non
414 1600 563 1683 poltrisse
586 1597 747 1664 comedere
772 1597 897 1678 Dauid
925 1607 955 1662 et
969 1599 1072 1662 socios
1097 1599 1168 1684 ejru
1192 1599 1260 1662 nisi
1279 1618 1314 1660 se
1329 1597 1443 1662 triduo

136 1709 277 1774 rnrrnrlos
304 1709 535 1773 ontulieribus
558 1709 818 1795 respondissents
841 1729 905 1773 non
931 1711 1045 1794 ntique
1059 1717 1081 1772 a
1096 1709 1332 1788 meretricibus,
1356 1709 1448 1794 quoti

139 1818 363 1882 dominabatur
379 1827 403 1882 rt
420 1819 510 1901 leges
520 1818 579 1882 s'erl
593 1819 634 1882 ab
648 1821 815 1897 osoribus,
832 1819 951 1904 quibus
967 1821 1054 1882 licite
1065 1821 1303 1904 irrogabantur.
1337 1817 1375 1881 In
1391 1837 1445 1882 ca·

137 1945 222 1990 none
237 1927 267 1990 2.
294 1945 382 1991 cavis.
398 1927 448 1991 33.
472 1939 596 2010 qrtaest.
625 1927 654 1990 4.
682 1928 840 2009 generalis
854 1937 903 1990 cst
928 1941 985 1993 ant
1012 1931 1197 2014 Augustini,
1224 1939 1282 1992 atu
1297 1927 1443 1992 Caesarii

135 2031 334 2096 Arelatensis
360 2035 427 2120 (cui
442 2033 657 2098 verosimilius
682 2035 915 2100 adscribendus
941 2039 1021 2123 erat)
1037 2037 1190 2117 doctrina,
1214 2057 1291 2102 crim
1313 2037 1442 2118 dicitur,

133 2118 393 2222 'subvenientibus
420 2153 476 2207 aut
491 2143 543 2207 die
569 2143 695 2208 Natalis
723 2145 862 2225 Domini,
889 2155 947 2210 aut
964 2146 1093 2228 reliquis
1114 2145 1350 2223 festivitatibus,
1375 2159 1442 2208 nou

136 2249 242 2314 solum
257 2271 327 2314 esse
344 2254 384 2316 ob
399 2253 583 2338 infidelium
598 2255 851 2318 carraebinornrn
866 2255 1025 2320 consortio
1048 2253 1173 2338 (legunt
1187 2251 1242 2316 alii
1258 2253 1299 2316 ab
1313 2251 1443 2336 infelici

136 2361 376 2426 conturbiornm
400 2361 573 2448 cormarrin)
598 2363 773 2428 sedetiam
797 2373 818 2428 o
839 2365 989 2450 propriis
1011 2365 1170 2428 uxoribus
1195 2363 1440 2428 abstinendum.

133 2469 210 2536 Non
226 2487 367 2534 meruero
392 2489 553 2536 canonem
567 2471 597 2554 3.
613 2473 727 2536 cadem
751 2492 860 2552 carisa,
887 2483 919 2535 et
934 2474 1132 2554 quaestione,
1161 2471 1217 2538 ubi
1232 2473 1293 2536 sub
1308 2471 1441 2536 nornine

134 2581 294 2646 Ambrosii
309 2582 425 2647 eadem
451 2583 629 2662 traduntur,
654 2593 818 2667 propterea
833 2583 920 2666 quod
935 2585 994 2647 viri
1009 2584 1125 2648 eruditi
1149 2603 1329 2666 sermonem
1344 2583 1440 2649 illurn

133 2689 175 2751 ab
190 2689 359 2754 Ambrosio
374 2689 571 2774 adjudicans
597 2691 881 2773 quemadmodum,
906 2705 937 2756 et
952 2694 994 2758 ob
1008 2693 1158 2756 eamdem
1184 2695 1378 2760 rationem-n
1393 2714 1444 2756 rs-

133 2798 264 2865 t'eronbo
289 2819 361 2864 can.
388 2801 416 2864 4.
433 2801 633 2885 supersedeo.
678 2801 789 2866 Potius
811 2803 993 2866 memorabo
1019 2803 1085 2866 alia
1110 2805 1208 2868 verba
1234 2801 1441 2886 Hieronymi,

132 2910 231 2992 eujus.
241 2909 400 2976 sententia
415 2910 478 2972 sub
492 2911 621 2972 nomine
636 2909 771 2973 loannis
787 2909 997 2976 chrisostomi
1013 2911 1165 2976 laudatur
1179 2913 1213 2976 in
1227 2931 1299 2975 can.
1314 2913 1345 2976 b.
1361 2911 1433 2974 ead.

132 3034 230 3096 caris,
247 3027 279 3079 et
293 3025 416 3098 quaest.
460 3017 510 3080 Ita
525 3017 631 3081 scribit
654 3017 872 3102 Hieronymus
895 3021 937 3082 ad
953 3041 1022 3104 cop
1039 3019 1069 3083 2.
1086 3019 1193 3082 Joelis:
1221 3019 1441 3101 Egrediotur

132 3147 256 3214 quoqne
270 3145 416 3210 sponsus
437 3127 477 3190 cie
492 3129 590 3190 erebilv'
604 3149 673 3207 sno,
697 3137 729 3192 et
742 3151 865 3214 sponso
879 3131 919 3196 cle
934 3131 1079 3194 tbolomo
1093 3151 1161 3208 seco,
1188 3137 1226 3193 nt
1241 3131 1277 3193 in
1292 3138 1438 3214 tempore

121 3237 260 3324 jey‘rnni,
274 3239 466 3318 vocationis,
483 3247 513 3302 et
525 3247 639 3318 metus,
655 3239 928 3324 sanctificationis
942 3241 1120 3320 Ecclesiae,
1136 3239 1299 3304 electionis
1310 3259 1436 3318 senuna,

133 3351 402 3434 congregationis
417 3341 651 3441 parvularum,
675 3361 705 3415 et
727 3351 923 3434 sugentium
937 3351 1047 3428 ubero,
1073 3369 1139 3414 non
1153 3349 1278 3412 serniot
1292 3367 1438 3432 sponsans

133 3469 302 3546 etsponso
317 3463 408 3547 aperi
422 3463 578 3547 nuptiali,
596 3463 714 3548 quibus
729 3471 759 3525 et
774 3465 847 3544 lege
868 3463 1075 3545 permissum
1089 3469 1145 3538 est,
1159 3468 1201 3523 ut·
1211 3459 1257 3522 acl
1271 3457 1354 3522 bello
1368 3477 1437 3524 non

127 3567 323 3654 prosecuta
348 3574 437 3636 narde
451 3580 482 3636 et
497 3571 674 3658 Apostolus
689 3569 903 3636 recedendum
914 3589 1100 3654 parumper
1126 3579 1147 3633 a
1163 3569 1248 3634 coitu
1259 3569 1436 3653 praecipit,

130 3687 170 3742 nt
184 3700 302 3743 uocare
322 3681 493 3764 possimus
507 3681 658 3745 orationi.
703 3679 803 3762 Ergo
818 3679 875 3764 qni
891 3681 926 3742 iu
941 3681 1160 3763 castigatione
1179 3681 1295 3756 vietus,
1311 3679 1438 3764 eijeju·

126 3789 192 3868 nio,
210 3797 307 3874 atque
322 3789 535 3872 elemosynis
549 3787 637 3866 dicit,
663 3809 697 3850 se
712 3809 814 3870 ogere
825 3789 1071 3872 poententiam,
1096 3790 1230 3867 frustra
1243 3789 1302 3852 boc
1315 3807 1436 3852 sermo·

130 3919 171 3964 ne
183 3901 360 3986 promittit,
376 3901 444 3962 nisi
459 3897 653 3982 egrediatur
667 3899 707 3962 cle
722 3899 822 3962 cubili
836 3919 904 3977 sno,
928 3907 958 3962 et
973 3907 1133 3974 sonetum,
1149 3917 1338 3982 porumque
1345 3897 1434 3983 jeju·

130 4013 228 4076 niam
239 4007 365 4095 pudico
379 4009 510 4095 expleat
523 4009 734 4094 poenitentia.
779 4009 914 4091 Insuper
929 4009 1113 4074 nisurorabo
1129 4005 1281 4088 Capitale
1295 4003 1434 4070 Herarbi

130 4111 334 4181 Turonensis
349 4115 510 4201 Episcopi,
536 4117 617 4180 inter
632 4135 716 4199 quac
733 4116 847 4200 legitur
869 4135 938 4200 cap.
955 4117 1005 4180 62.
1058 4113 1100 4180 Ut
1115 4099 1435 4202 diebrissestisjejn-

128 4231 264 4296 otiorum
278 4241 302 4300 a
314 4233 511 4324 capregibns
524 4251 559 4298 se
574 4231 768 4308 obstineant,
782 4239 812 4293 et
828 4231 908 4320 qaia
923 4229 1051 4293 ramn'est
1067 4249 1216 4293 coruesso
1231 4245 1316 4290 orror
1331 4247 1435 4292 causo

131 4341 289 4422 libidinis,
305 4343 363 4408 secl
379 4343 540 4429 filiorum,
558 4349 588 4404 et
602 4341 713 4405 orriolo
726 4340 946 4426 probibentur¹
956 4337 1083 4415 illicito,
1108 4343 1333 4419 parcaturque
1348 4337 1370 4396 b
1385 4331 1436 4396 ili-

128 4449 227 4514 stru
272 4449 419 4536 Denique
435 4451 516 4518 ltrter
532 4447 796 4540 interrogationes
811 4447 914 4514 foetas
928 4447 962 4512 S.
978 4445 1175 4529 Theopbylo
1191 4444 1355 4528 Episcopo
1368 4439 1443 4506 Ale·
