3230 4984
177 343 238 410 118
412 361 414 368 ’
490 365 734 414 orrsaararro
754 364 935 426 secusne
954 363 1105 414 ausser.
1128 345 1182 412 VI.

167 485 249 568 pira
271 483 470 562 fornioetam.
515 487 674 558 Distimdt
688 487 905 572 laocoontitrs
922 485 1100 566 inteream,
1120 505 1205 569 qrroe
1228 486 1384 551 fornicata
1398 488 1477 553 ente

165 594 330 678 sponsalia
344 593 462 675 fuerat,
473 605 505 660 et
518 615 601 674 earn,
617 614 702 676 quae
717 605 788 676 post
816 593 929 660 datam
944 593 1145 676 sponsalium
1160 593 1271 658 tidem.
1311 593 1354 656 ln
1371 595 1476 677 priore

165 699 273 784 specie
287 704 408 779 statuit,
424 719 491 766 non
506 701 665 768 dissolute
679 701 779 770 fuisse
791 701 966 785 sponsalia,
989 713 1101 766 contra
1115 701 1273 767 dissolute
1288 705 1424 790 intelllgi
1439 707 1475 769 ln

167 809 346 891 posteriore,
362 811 449 896 quod
461 813 500 874 a'n
513 813 622 895 legem
635 814 784 897 conjugii
805 815 1014 897 peccavisset.
1058 813 1150 882 Quid
1165 831 1257 896 porro
1271 813 1378 878 differt
1392 815 1477 880 inter

168 935 254 996 eum,
279 919 336 1000 qui
358 920 529 984 committit
551 919 756 998 adulterium,
771 932 802 984 et
817 923 999 1001 intersum,
1015 923 1071 1003 qui
1087 923 1199 1005 peccel
1225 923 1259 987 in
1274 923 1417 1007 eonjugii
1431 925 1476 988 le·

167 1024 257 1106 gem?
301 1011 446 1092 Multum
469 1038 578 1096 autem
601 1047 642 1092 ex
657 1030 816 1092 sententie
836 1030 1015 1094 iunocentii
1042 1031 1182 1096 distabat
1204 1032 1372 1098 fornicatio
1398 1045 1477 1099 ante

167 1135 333 1216 sponsalia
358 1136 538 1204 admissae
562 1135 771 1202 fornicatione
796 1121 939 1202 admissa
953 1151 1024 1221 post
1038 1141 1221 1222 sponsalia„
1233 1141 1293 1206 nec
1308 1155 1477 1226 propterea

166 1255 303 1326 unaque
317 1243 484 1308 fornicatio
507 1245 568 1308 sub
583 1244 738 1326 simplicis
752 1247 855 1329 stupri
880 1247 987 1330 specie
1001 1248 1234 1333 continebatur.
1278 1249 1475 1331 Progressus

166 1361 215 1416 est
229 1351 439 1416 Innocentius
453 1353 533 1438 (qua
548 1353 582 1416 in
597 1353 736 1419 revisus
751 1353 812 1418 fuit
827 1355 983 1436 recepisse
993 1355 1139 1418 maxima
1153 1356 1188 1418 in
1203 1365 1293 1438 parte
1308 1357 1475 1420 novellam

166 1461 428 1526 concitationem
441 1461 493 1526 93.
509 1461 628 1524 Leonis
651 1461 854 1552 Philosophi)
870 1461 1062 1546 stragulam
1087 1460 1270 1543 generalem
1285 1461 1477 1544 praestituit,

158 1569 257 1653 juxta
271 1589 371 1653 quarn
385 1589 625 1654 quemcumque
653 1591 773 1638 causae
788 1570 970 1636 sufficerent
996 1569 1038 1634 ed
1053 1567 1293 1634 dissociandam
1308 1569 1475 1634 cohabita-

165 1677 476 1763 tionemconjugum
490 1690 563 1762 post
575 1681 764 1763 conjugium
777 1681 983 1758 celebratum,
999 1676 1133 1742 eaedem
1153 1675 1338 1742 sufficerent
1349 1677 1395 1742 ad
1409 1677 1476 1740 dis·

166 1786 360 1853 solvendum
374 1787 575 1870 sponsalium
590 1788 761 1852 vinculum
775 1798 847 1870 post
866 1799 1032 1854 conuacte
1045 1785 1220 1870 sponsalia
1237 1805 1279 1850 ex
1293 1807 1359 1868 quo
1386 1787 1476 1852 dein·

164 1894 206 1960 de
219 1895 473 1974 conehrderetur,
500 1895 778 1977 quemadmodum
793 1895 958 1961 fornicatio
984 1907 1060 1962 ante
1079 1896 1191 1962 datam
1217 1895 1316 1960 fidem
1330 1897 1477 1982 conjugii

163 2001 309 2068 admissa
334 2005 377 2068 ad
398 2003 621 2080 dissociandoa
645 2006 798 2086 conjuges
824 2005 957 2071 mluirne
987 2004 1174 2086 sufficiebat,
1202 2007 1259 2070 sed
1289 2003 1478 2070 sufficiebat

162 2095 359 2174 adulterium
374 2121 445 2192 post
469 2121 671 2176 contractum
685 2113 874 2196 conjugium·
890 2112 1081 2193 admissurus
1097 2115 1144 2179 ite
1159 2115 1208 2198 ad
1223 2114 1472 2180 dissolvendum

162 2218 364 2300 sponsalium
379 2219 549 2291 vinculum
569 2219 717 2286 sufficere
730 2217 974 2287 fornicationem
997 2231 1222 2303 sponsee'poat
1235 2220 1405 2306 sponsalia
1419 2221 1477 2284 ed·

162 2326 306 2409 iubeam,
320 2347 388 2392 non
403 2329 549 2395 sufficere
575 2327 821 2394 formcationenr
834 2347 920 2410 quae
945 2329 1110 2416 sponsalia
1125 2331 1361 2412 praecessisset
1400 2331 1475 2394 ¹Ista

160 2433 379 2501 fornicationis
390 2448 462 2520 post
475 2437 616 2520 nuptias,
631 2447 663 2500 et
673 2436 893 2503 fornicationis
907 2448 979 2520 post
992 2437 1158 2520 ¹sponsalia
1173 2435 1340 2504 admissae
1354 2455 1477 2520 aequa·

160 2546 269 2622 bilitas
283 2546 327 2616 ad
340 2548 491 2616 eamdem
506 2548 740 2633 propemodum
765 2547 996 2620 stabiliendam
1018 2548 1233 2631 disciplinam,
1258 2549 1339 2614 satie
1352 2549 1480 2612 evincit·

161 2675 205 2723 ex
232 2657 393 2722 sententia
420 2657 611 2738 Innocenti,
628 2669 803 2739 utrumque
816 2655 1070 2726 crimen-eedem
1086 2654 1413 2738 turpitudiuenotati,
1426 2661 1428 2668 ’
1443 2659 1478 2718 et

160 2764 295 2849 proinde
320 2775 404 2830 recte
419 2766 616 2840 adulterium
641 2765 713 2838 dici.
758 2765 875 2847 Itaque
905 2775 942 2831 ut
968 2765 1082 2848 paucis
1105 2763 1238 2847 singule
1261 2764 1424 2846 eolligam,
1440 2764 1479 2828 li·

160 2883 238 2955 quet
252 2875 333 2948 satis
346 2875 477 2950 abunde
492 2875 700 2952 violationem
714 2893 856 2957 sponsae
877 2873 1004 2944 alienae
1019 2885 1189 2954 tanmuarn
1204 2871 1403 2940 adulterium
1414 2872 1483 2938 lasa

159 2981 302 3058 heodem
317 3001 396 3062 esse,
424 2983 493 3048 sive
507 2982 594 3064 quod
618 2983 776 3064 imprimis
791 2981 927 3048 suadeat
948 2980 1113 3050 'naualis
1129 2980 1285 3061 aequius,
1299 2979 1371 3048 sine
1385 2977 1476 3059 quod

158 3089 278 3156 deinde
292 3089 325 3158 id
348 3092 574 3166 constituerint
587 3109 739 3169 expresse
763 3093 932 3160 Romanae
959 3089 1055 3170 legas,
1079 3089 1200 3169 quilius
1216 3103 1297 3155 sane
1325 3086 1477 3172 singulae

158 3173 333 3242 crimmum
346 3189 471 3248 spuma
492 3183 634 3230 invicem
648 3161 741 3256 fuera
761 3171 1016 3246 &credamini-au
1030 3190 1134 3244 quuur
1147 3187 1306 3248 postremo
1327 3171 1362 3235 id
1376 3180 1409 3234 et
1423 3189 1482 3240 S&-

158 3293 287 3343 crorum
303 3291 468 3344 canonum
483 3271 728 3342 definitionibus
740 3273 850 3355 magis
864 3289 1040 3353 congruere
1062 3273 1220 3346 uideatur.
