3120 4980
334 453 343 467 ·
375 430 520 482 curura
538 427 601 474 aar
624 425 797 473 carrarum
817 421 1071 508 mannassen..
1321 394 1366 488 23

89 519 242 640 tocapituli
256 559 286 620 8.
304 558 326 625 l.
350 556 407 622 ult
422 555 463 620 da
477 551 637 636 baptismo
651 569 721 634 cap.
737 551 766 612 5.
782 547 822 612 de
836 547 897 627 lris,
911 565 997 630 quae
1018 543 1059 623 vi,
1077 551 1248 624 metusque
1264 557 1366 604 cama

88 665 163 730 liunt
202 667 325 732 Revera
339 663 478 732 infantes
491 663 614 728 furiosi.
627 670 782 740 amentes,
798 656 999 734 dormientes,
1014 672 1054 716 ao
1069 651 1103 714 vi
1117 647 1232 729 adacti,
1247 661 1305 712 aut
1319 646 1366 724 di·

86 787 186 840 cuntur
199 777 364 842 voluntate
378 793 494 856 carere,
523 783 581 836 aut
596 771 763 834 voluntate
788 785 853 830 non
871 765 926 844 uti,
952 765 1022 828 sive
1037 761 1164 828 nullam
1180 761 1299 824 habere
1313 758 1367 824 ds-

88 882 219 950 liberandi
235 885 433 966 facultatem,
462 883 495 946 in
510 882 678 946 voluntate
693 889 812 956 autem,
837 887 893 941 aut
910 874 1088 938 voluntatis
1104 891 1175 950 usu,
1198 891 1257 936 seu
1272 871 1306 935 in
1320 869 1366 938 sa·
1441 926 1444 934 .

86 989 186 1056 cultata
199 991 407 1072 deliberandi,
431 991 604 1076 praecipua
618 987 712 1050 sedes
735 983 844 1048 delicti
858 991 916 1065 est,
933 991 963 1044 et
980 1001 1044 1046 non
1068 979 1187 1044 eliade
1202 997 1303 1044 cattsa
1318 993 1367 1046 tet

86 1101 231 1186 inanimes,
257 1116 316 1170 aut
329 1105 424 1168 bruta
439 1101 547 1166 delicti
561 1099 705 1184 expertia
726 1115 966 1178 nuncupamus,
982 1095 1043 1156 uisi
1059 1087 1146 1175 quod
1168 1101 1299 1154 careant
1314 1109 1368 1156 vc-

86 1191 198 1280 luatate.
241 1215 385 1288 Quodsi
401 1212 595 1294 iniuriosus,
622 1209 726 1292 iisque
741 1207 863 1272 similes
888 1204 1103 1270 animadverti
1129 1199 1307 1284 aliquando
1322 1201 1369 1264 vi-

84 1323 208 1410 tamus,
223 1327 312 1412 qnod
327 1325 468 1392 sinordis
483 1323 697 1402 detineantur,
713 1339 777 1386 non
793 1332 842 1384 est
857 1319 937 1383 haec
953 1317 1067 1404 flagitii
1089 1336 1202 1402 poena,
1219 1314 1274 1378 sed
1291 1332 1369 1378 oau-

84 1436 123 1516 tio,
136 1457 196 1520 qua
211 1441 355 1523 pericula
370 1447 571 1518 avertuntur,
585 1435 683 1500 veluti
699 1453 773 1498 cum
791 1443 968 1496 venenatas
984 1429 1101 1514 fruges,
1116 1427 1296 1512 herbasque
1310 1437 1369 1493 aut

80 1545 254 1628 projicimus,
270 1557 327 1610 aut
341 1547 545 1636 seponimus,
553 1563 594 1607 nc
609 1545 730 1627 passim
746 1543 858 1606 obesse
872 1541 1005 1624 possint,
1026 1539 1229 1624 graviterque
1244 1557 1366 1604 nocere.

82 1645 155 1742 Idem
169 1651 345 1718 dicendum
359 1663 408 1719 est
422 1647 497 1716 de''
478 1671 525 1731 ns,
551 1653 608 1736 qui
623 1671 702 1716 casn
718 1649 918 1732 deliquerint,
945 1647 1122 1714 dummodo
1136 1667 1250 1712 casnm
1266 1647 1365 1730 nulla,

79 1775 111 1822 ne
124 1724 197 1826 ieris
222 1763 365 1846 quidem,
391 1741 488 1848 crilpa
502 1762 717 1846 praecesserit.
761 1759 855 1826 Adde
869 1759 921 1824 his
937 1758 1020 1840 illos,
1047 1757 1102 1842 qui
1128 1779 1170 1821 ex
1185 1759 1367 1842 ignorantia

79 1870 205 1954 telluris
219 1876 359 1958 positivi,
383 1875 436 1938 vel
451 1873 537 1956 sacti,
563 1873 721 1940 adversus
734 1873 840 1956 legem
855 1873 1036 1956 quidquam
1062 1871 1257 1952 admiserint,
1273 1871 1367 1938 dum-

78 1978 156 2066 modo
170 1991 281 2070 tamen
307 1981 489 2066 distinguas
504 2002 656 2064 crassam,
681 1995 713 2049 et
727 1984 880 2066 supinam
906 1981 1139 2065 ignorationem
1162 1981 1365 2065 ab1ea,quae
1384 1978 1389 1990 '

78 2085 151 2182 vinci
161 2091 260 2180 facile
284 2111 351 2159 non
365 2095 512 2178 petitoria
538 2103 587 2156 est
600 2094 687 2166 enim
703 2092 791 2176 quod
806 2094 980 2175 imputetur
994 2091 1049 2172 illi,
1066 2091 1123 2174 qui
1145 2101 1202 2154 aut
1216 2089 1293 2154 facti
1307 2089 1368 2155 ed-'

71 2196 396 2290 janumcumpossit,
412 2203 546 2268 minime
561 2202 743 2286 investigat
760 2213 824 2284 aut,
840 2202 919 2268 dum
931 2203 1012 2287 juris
1028 2203 1226 2286 ignoratione
1242 2201 1366 2278 labora-

75 2311 192 2396 tevult,
202 2331 272 2400 noa
283 2312 322 2376 ed
337 2312 446 2376 animo
461 2321 518 2390 est,
545 2321 580 2376 ut
594 2310 712 2376 delicta
726 2311 873 2392 declinet,
889 2310 946 2376 sed
961 2311 1078 2396 potius,
1096 2321 1132 2374 ιιι
1146 2309 1363 2398 praetexenda

74 2413 259 2508 dettprorum,
282 2423 526 2489 excusationem
551 2420 720 2504 delinquat
745 2423 887 2504 impune,
910 2440 980 2504 cap.
995 2421 1023 2485 9.
1041 2419 1082 2484 de
1103 2419 1186 2486 Cler.
1202 2439 1361 2486 excomm.

73 2523 139 2612 min
142 2547 235 2614 ,.cap
261 2529 290 2594 2
307 2529 348 2594 de
369 2531 532 2598 constitut
548 2530 626 2594 ind.
668 2531 755 2596 Sum
768 2531 876 2610 etiam,
901 2531 958 2614 qni
972 2529 1067 2596 certis
1092 2529 1129 2596 in
1150 2531 1281 2596 casibus
1295 2550 1362 2596 nou

73 2601 167 2723 tolum
184 2637 324 2705 delicto
314 2657 477 2706 immunes
497 2649 582 2720 strat,
597 2601 653 2704 aed
668 2651 702 2704 et
715 2640 796 2707 bene
812 2649 983 2718 merentur,
999 2649 1071 2705 utut
1095 2637 1252 2702 adversus
1267 2657 1360 2722 geue-

71 2710 177 2824 tales,
168 2765 255 2830 ipsas
267 2767 398 2832 quoque
412 2757 547 2814 naturae
563 2747 650 2832 teges
662 2749 768 2818 saeue
783 2748 965 2832 videantun
981 2747 1143 2830 nimirum,
1169 2747 1225 2832 qui
1240 2749 1360 2832 specia-

71 2845 90 2912 li
104 2850 242 2942 divino
227 2871 324 2940 Jussn
339 2855 522 2925 excitantur
545 2856 588 2922 ad
603 2855 726 2940 aliquid
750 2857 999 2940 admittendum,
1023 2857 1110 2943 quod
1134 2867 1244 2922 tamen
1259 2877 1361 2942 qnam

70 2963 220 3054 rarissime
234 2963 377 3048 contigit.
420 2964 539 3030 Paucis
553 2965 587 3030 id
602 2967 744 3052 explicat
769 2967 998 3054 Augustinua'
989 2987 1022 3032 m
1037 2987 1109 3030 can.
1132 2965 1180 3032 15.
1203 2986 1291 3032 caus.
1307 2965 1359 3050 23

69 3081 184 3164 quaest.
198 3073 230 3136 6.
244 3069 287 3134 de
301 3069 373 3156 lege
394 3084 525 3138 aeterna
540 3073 601 3138 Dei
624 3075 670 3140 lta
684 3075 835 3139 scribens:
862 3075 936 3140 Lea
950 3085 1085 3142 aeterno
1099 3077 1149 3140 ito
1163 3075 1270 3140 medio
1284 3099 1361 3164 qno-

69 3161 142 3244 dorn
155 3181 218 3248 ioco
241 3185 358 3267 posuit
369 3184 488 3270 eliqua
511 3185 707 3292 ltprnirrldus,
735 3188 800 3252 ιιι
786 3207 824 3251 ut
838 3187 885 3250 eis
899 3187 1107 3274 usurpandis
1121 3189 1237 3254 aterito
1252 3210 1359 3274 reque

68 3285 223 3356 ledum
251 3293 457 3374 audacio,
443 3315 481 3359 an
508 3297 706 3384 exequendis
735 3306 847 3364 oedem
872 3321 948 3380 yure
976 3301 1158 3366 obedientia
1186 3303 1359 3384 incedatur,

69 3397 236 3494 ddrcltant,
252 3402 283 3464 st
295 3405 528 3486 spontaneus·
514 3425 551 3468 ur
565 3403 812 3492 ocddmrdofilio
827 3410 1077 3494 nwtussuisset,
1096 3409 1288 3476 mecrobilis
1301 3413 1358 3478 lta-

67 3501 198 3572 beretur:
223 3511 402 3594 adjacenti
427 3509 499 3576 Deo
523 3514 746 3580 obsecundans
760 3519 959 3602 famtdotus
973 3527 1030 3584 est.
1073 3519 1234 3586 Recensui
1260 3526 1359 3610 verba

67 3611 242 3702 Augustini,
268 3631 362 3704 prout
376 3623 464 3708 apud
489 3623 682 3692 Gratianum
706 3626 868 3712 descripta
890 3630 982 3694 suutl
1008 3641 1171 3698 caeterum
1186 3633 1359 3700 cohaerent

67 3738 136 3788 cum
149 3729 309 3791 sententia
323 3729 498 3813 Augustini
513 3732 547 3796 in
564 3732 642 3798 libro
656 3733 707 3798 22.
723 3747 834 3800 contra
850 3737 1023 3808 Faustum.

104 3830 232 3900 Prolluit
245 3855 289 3899 ex
304 3837 448 3901 secunda
464 3840 583 3924 regula,
597 3859 663 3920 eos,
679 3862 736 3924 qur
729 3844 860 3929 judicii
876 3843 1061 3911 infirmitate
1076 3847 1230 3934 laborant,
1247 3851 1357 3948 adhuc

67 3951 130 3999 teos
142 3943 283 4008 criminis
299 3944 419 4026 haberi,
445 3946 553 4013 licata
576 3953 802 4034 uraguitudine
816 3953 966 4022 iocinoris
981 3971 1187 4041 excusentur,
1212 3961 1358 4048 proinde·

66 4066 125 4129 que
137 4065 225 4120 extra
246 4055 393 4120 ordinem
409 4059 593 4140 puniantur.
638 4059 703 4145 ΗιιιΙ
709 4067 835 4130 usmodi
863 4079 939 4132 sunt
954 4071 1064 4152 primo,
1091 4071 1210 4154 quibus
1225 4073 1357 4138 unimus

67 4175 158 4226 causa
172 4165 286 4228 aetatis
309 4165 475 4232 imbecillis
498 4179 555 4251 ost;
579 4171 732 4254 secundo,
757 4175 878 4258 quibus
900 4179 1031 4242 anirnns
1051 4177 1252 4262 aegritudine
1277 4198 1356 4262 qua-

68 4265 144 4351 dam,
159 4285 215 4340 aut
231 4275 366 4340 lascivia
379 4289 428 4342 est
442 4291 619 4364 corruptus:
639 4283 738 4364 tertio,
764 4285 885 4366 quibus
900 4287 1029 4352 animus
1043 4285 1196 4352 exteriore
1211 4289 1356 4370 quadam

67 4399 219 4452 causaest
234 4389 418 4474 impeditum
444 4404 565 4476 quarto,
582 4397 701 4478 quibus
718 4399 848 4464 animus
865 4412 915 4464 ost
928 4401 1074 4492 interiore
1089 4401 1287 4483 ignoratione
1303 4377 1355 4468 cle

66 4507 199 4566 cauata
242 4501 355 4583 ltaque
370 4505 528 4587 imprimis
552 4506 693 4590 observo,
708 4509 770 4574 etsi
793 4510 905 4576 aalma
919 4521 1027 4576 nostra
1042 4511 1083 4576 sit
1097 4511 1294 4594 immortalis,
1313 4533 1355 4580 ex
