3210 4990
169 373 239 440 112.
469 361 728 443 ¹nrssunuluuo
751 395 925 456 saeuum,
949 393 1099 446 oeensn
1122 372 1177 438 VI.

210 515 312 587 Quod
336 515 438 598 prime
462 515 532 580 loeo
556 517 681 598 dieitur,
705 516 904 582 adulterium
934 526 1064 596 tantum
1092 517 1127 580 in
1158 513 1410 596 matrefamilias,
1436 531 1477 580 eo

169 635 273 708 nupta
296 625 462 704 committi,
487 625 583 688 sicuti
609 637 756 708 stuprum
785 627 820 690 in
849 626 982 710 virgine,
1012 625 1064 693 vel
1092 625 1195 690 vidua
1222 625 1256 690 id
1284 643 1402 691 verum
1427 635 1479 688 est

165 734 260 816 juxta
276 732 337 816 leg.
364 733 392 795 6.
419 735 441 824 l.
470 734 498 794 1.
524 731 557 794 ff.
582 732 625 794 ad
652 733 712 818 leg,
739 732 803 798 Jul.
830 732 871 796 de
896 733 1100 816 adulter.,·et
1122 733 1270 816 leg.225.
1285 732 1317 796 ffi
1333 732 1496 810 deverb„

168 841 287 924 signif,
312 861 370 905 seu
391 842 488 926 Juxta
513 842 707 906 sententiam
732 839 914 926 Papiniani,
941 852 973 906 et
998 841 1204 926 Triphouini.
1248 841 1339 924 Rogo
1364 853 1477 908 autem

170 971 234 1032 eos,
260 953 317 1034 qui
344 951 397 1014 his
422 949 642 1016 monumentis
672 961 827 1037 utuntrrr,
845 960 883 1038 ut
911 950 1090 1030 observent,
1121 949 1349 1038 Papinianum,
1363 969 1497 1032 aeque,=

170 1081 210 1126 aa
225 1061 467 1144 Triphoniuum
484 1078 621 1122 coaevos
633 1059 655 1124 J
659 1058 881 1124 ureconsultes
894 1137 896 1146 Ι
907 1059 1072 1141 scripsisse
1098 1071 1174 1140 aute
1198 1059 1389 1140 rescriptum
1403 1056 1478 1122 Ale-

168 1167 288 1238 1endri
302 1167 421 1248 Severi,
437 1177 629 1250 argumento
645 1166 664 1230 l.
681 1167 738 1232 ult.
753 1167 787 1232 ff.
803 1167 926 1250 dejure
941 1165 1021 1248 fisci,
1038 1186 1102 1250 quo
1117 1167 1269 1250 rescripto
1293 1168 1321 1232 si
1343 1187 1410 1250 qua
1423 1186 1480 1234 su·

167 1277 261 1342 besse
297 1275 332 1338 in
368 1275 432 1340 hae
467 1295 501 1341 re
524 1275 694 1344 ,dubitatio
731 1274 820 1360 apud
856 1275 1098 1358 Jureoonsultes
1127 1277 1241 1359 potuit,
1275 1275 1340 1343 init
1374 1278 1480 1342 omni·

171 1403 215 1450 no
226 1385 362 1450 sublata.
386 1386 611 1456 Quamobrem
622 1383 724 1450 frusta
739 1384 956 1466 allegarentur
970 1385 1087 1450 horum
1101 1387 1120 1452 J
1123 1386 1399 1450 ureaonsultorum
1414 1406 1478 1452 res·

170 1515 283 1582 ponsa,
292 1505 465 1579 postquam
474 1494 800 1576 aliudgrecentioribus
810 1493 996 1576 Principum
1007 1493 1479 1577 constitutionibusquidquem

171 1604 344 1670 definitum
358 1604 499 1690 adparet.
522 1605 565 1668 At
580 1622 686 1688 neque
700 1621 738 1664 eo
753 1600 940 1666 abeundam
955 1611 1041 1684 puto,
1058 1613 1095 1666 ut
1117 1602 1319 1684 concludam,
1335 1603 1478 1668 laudetis

170 1713 191 1781 J
194 1713 405 1780 ureeonsultis
417 1711 507 1776 aliud
523 1711 631 1776 visum
645 1709 755 1774 fuisse.
799 1709 887 1776 Nam
901 1709 1034 1790 quando
1048 1709 1273 1794 Triphoninus
1288 1711 1426 1792 tradidit.
1441 1713 1479 1780 in

171 1822 416 1890 matrefamilias
430 1822 629 1886 adulterium
643 1819 779 1899 admitti,
795 1828 879 1882 reete
893 1815 1020 1880 addidit
1034 1819 1150 1886 attera
1163 1839 1257 1885 seens
1272 1831 1304 1884 et
1327 1821 1360 1886 in
1377 1821 1478 1886 vidue

116 1965 119 1972 ⁴
170 1933 301 1999 admitti
310 1929 508 1996 eredendum
524 1940 619 2008 esset,
635 1926 723 2010 quod
738 1939 770 1990 et
784 1927 866 1990 haee
876 1923 1121 1990 materfamilias
1142 1933 1162 1992 a
1175 1926 1355 2010 Papiniano
1369 1925 1478 2011 appel·
1498 1909 1503 1917 ’

52 2049 57 2061 ’
173 2045 257 2110 letur
271 2046 305 2110 in
322 2043 341 2106 l.
359 2044 408 2108 10.
423 2039 515 2140 idad
530 2040 591 2124 leg.
613 2039 677 2104 Jul.
704 2039 745 2104 de
771 2037 906 2105 adulter.
950 2037 1079 2110 Quidni
1104 2038 1201 2120 igitur
1225 2038 1358 2122 quando
1382 2039 1480 2124 Papi-

164 2156 292 2222 nianus
308 2155 361 2236 ait,
376 2155 411 2218 in
435 2152 562 2236 virgine
588 2161 746 2234 stuprum,
774 2169 840 2213 non
864 2147 1061 2214 adulterium
1087 2148 1222 2232 admitti,
1237 2161 1269 2215 et
1284 2169 1344 2234 ego
1359 2152 1481 2218 subau-

172 2264 264 2330 diam
279 2263 437 2348 virginem
452 2281 518 2324 non
527 2259 659 2324 omnino
668 2258 819 2336 alienam,
835 2257 904 2322 sire
918 2257 1116 2340 solutamab
1130 2261 1219 2322 omni
1234 2259 1365 2324 vinculo
1377 2261 1480 2327 etiam

166 2371 388 2460 sponsalium?
431 2367 536 2448 Addo,
563 2367 783 2450 Papinianum
808 2365 844 2430 in
866 2364 956 2429 diota
982 2366 1004 2428 1.
1020 2367 1049 2430 6.
1078 2367 1099 2434 1.
1117 2367 1145 2430 1.
1165 2363 1351 2430 definivisse
1366 2373 1397 2430 et
1411 2375 1480 2430 stu·

173 2497 277 2566 prum,
293 2488 325 2540 et
338 2475 536 2540 adulterium
545 2475 643 2558 Juxta
667 2473 833 2558 generales
857 2474 997 2557 regulas;
1022 2473 1201 2558 etquando
1225 2473 1266 2538 de
1291 2494 1411 2558 sponsa
1434 2495 1480 2542 ne

174 2593 311 2658 verburn
326 2589 458 2674 quidem
472 2586 597 2670 adjecit,
613 2585 704 2648 visus
712 2595 767 2648 'est
781 2603 846 2650 non
866 2603 1021 2670 sponsam
1045 2585 1087 2648 ab
1110 2583 1259 2650 adulterii
1272 2586 1405 2652 erimine
1419 2587 1481 2654 im·

171 2723 306 2773 munem
320 2701 433 2781 faeere,
450 2699 507 2764 sed
534 2697 575 2761 de
599 2715 640 2760 ea
663 2696 790 2760 nullam
815 2697 992 2764 instituisse
1007 2700 1237 2781 quaestionem,
1253 2697 1293 2762 de
1307 2715 1395 2762 mere
1409 2697 1482 2762 illo·

172 2835 255 2894 ram,
271 2811 422 2896 quidum
438 2810 543 2896 prima
556 2804 720 2890 quaedam
745 2805 909 2893 principie,
935 2825 994 2871 seu
1008 2805 1211 2873 definitiones
1226 2805 1365 2887 tradunt,
1380 2807 1481 2874 absti-

172 2931 252 2985 nent
276 2925 298 2984 a
321 2916 593 3002 disputationibus
616 2914 836 2998 quarumdam
860 2915 1156 2998 controversiarum,
1180 2933 1264 2998 quae
1288 2915 1388 2999 paulo
1413 2916 1481 2982 sint

172 3029 376 3110 difficiliores,
393 3028 567 3110 minusque
582 3025 760 3110 expeditae.
804 3025 905 3096 Quod
920 3024 1085 3110 alloquar
1100 3026 1141 3093 de
1164 3029 1323 3095 sententia
1337 3029 1481 3114 Triphe-

173 3139 244 3204 nini
259 3139 292 3202 in
318 3136 404 3200 dicta
429 3135 449 3200 l
475 3135 558 3214 225,
584 3133 627 3198 ad
653 3132 687 3196 id
712 3131 847 3198 minime
872 3133 1007 3218 pertinet
1033 3135 1250 3200 iureconsulti
1276 3155 1480 3220 responsum,

173 3255 278 3310 totum
293 3243 327 3306 in
342 3240 423 3306 illud
438 3239 601 3318 collatum,
630 3249 664 3304 ut
687 3237 902 3324 investigaret,
928 3257 970 3322 an
994 3240 1050 3322 qui
1074 3241 1222 3306 animum
1237 3251 1365 3312 tanturn
1379 3243 1481 3308 babe-

171 3365 220 3419 ret
234 3349 512 3418 matremfamilias
527 3347 680 3428 violandi,
708 3365 774 3411 non
798 3365 910 3412 revera
923 3347 1067 3428 violaret,
1083 3349 1241 3414 dicendus
1255 3363 1340 3416 esset
1353 3349 1481 3418 adulte·

172 3461 211 3530 rii
222 3481 304 3528 reus.
347 3457 449 3530 Quod
464 3468 587 3542 spectat
612 3457 717 3540 legem
744 3455 793 3520 13.
822 3457 843 3524 1.
870 3457 899 3520 6.
925 3455 957 3522 ff.
982 3457 1025 3524 ad
1051 3457 1110 3543 leg.
1133 3459 1197 3524 Jul.
1212 3460 1254 3524 de
1268 3459 1378 3542 adult,
1394 3461 1479 3538 nibil

171 3569 262 3636 aliud
279 3568 398 3633 ibidem
411 3569 566 3634 tradituro
581 3567 677 3632 video
692 3568 734 3631 ab
752 3567 900 3652 Ulpiano,
917 3587 1018 3651 quam
1030 3589 1096 3634 non
1111 3589 1204 3654 posse
1229 3583 1367 3655 nuptam
1381 3592 1479 3639 aeon·

95 3673 102 3687 '
171 3676 237 3740 seri
252 3674 292 3736 de
307 3673 471 3756 adulterio,
487 3673 575 3760 quod
590 3686 666 3740 aute
681 3674 859 3740 eelebratas
874 3677 1004 3761 nuptias
1019 3679 1187 3759 summisit,
1199 3691 1275 3746 ante
1289 3683 1428 3765 nuptias,
1440 3683 1478 3750 in

171 3805 283 3870 quam,
299 3785 454 3850 nimirum
469 3797 544 3850 enta
558 3785 671 3850 datare
685 3806 928 3870 quamcumque
942 3790 1130 3872 nuptiarum
1144 3789 1243 3856 fidem
1258 3812 1315 3859 seu
1331 3793 1373 3857 de
1387 3813 1480 3878 prae·

172 3899 265 3979 senti,
281 3918 339 3964 seu
353 3897 394 3962 de
408 3897 527 3981 futura3
541 3899 586 3963 ita
600 3900 688 3962 enirn
712 3899 912 3982 interpretari
937 3903 1076 3983 quisque
1090 3903 1267 3986 Ulpianurn
1282 3905 1418 3988 debebit,
1433 3925 1479 3972 ns

169 4009 301 4074 sibimet
314 4005 479 4073 adversari
494 4006 742 4072 iureconsultus
765 4007 915 4073 videatur
940 4009 974 4074 in
999 4007 1114 4072 eedem
1140 4007 1218 4091 lege,
1241 4009 1274 4074 in
1290 4013 1382 4095 cujns
1399 4015 1420 4080 1.
1435 4013 1477 4098 4,

168 4129 202 4183 et
216 4119 246 4184 8.
263 4117 384 4198 statuit,
399 4112 594 4182 adulterium
609 4118 741 4182 etiams
757 4135 877 4201 sponsa
892 4115 1075 4182 admissum
1089 4133 1201 4201 aeque,
1226 4137 1266 4182 ae
1291 4101 1494 4187 admissum

168 4235 192 4296 d
206 4241 309 4312 nupta
324 4226 493 4291 vindicari.

212 4337 314 4410 Quod
328 4334 471 4402 seeundo
486 4334 555 4402 loeo
570 4335 694 4416 dieitur,
709 4353 776 4400 non
791 4333 825 4398 in
839 4333 991 4400 omnibus
1005 4333 1113 4398 nausis
1130 4351 1283 4418 sponsam
1308 4335 1401 4402 uxori
1422 4353 1479 4400 ae-

161 4446 353 4547 =quiperare,
368 4463 447 4511 eove
463 4445 572 4512 minus
586 4445 620 4508 in
643 4442 841 4530 poenalibus,
852 4441 980 4508 admitti
993 4459 1075 4506 sana
1088 4459 1153 4508 non
1168 4451 1273 4526 potest
1287 4443 1321 4508 in
1336 4441 1479 4528 proposi·
