3134 4984
1559 307 1560 370 l

185 402 251 475 168
432 433 523 479 raas
541 435 667 500 earne,
683 421 1088 509 nimeneeeroffrearm,
1104 447 1182 495 eae.
1198 430 1242 498 Π.

183 549 426 634 turpitudinem,
452 567 539 637 qnae
564 549 721 640 triplicem
746 561 845 626 habet
870 583 1014 630 cerream.
1057 549 1357 658 Primum'a’dpare't
1378 551 1475 659 inae,
1559 545 1560 564 Χ

165 707 167 710 .
184 657 270 738 quod
288 661 459 741 corporalis
475 681 524 725 ras
539 665 653 747 impari
669 685 748 730 sane
770 679 922 735 mentum
937 672 1068 740 divinae
1083 681 1127 742 r'ei
1142 684 1378 765 aequiparetur.
1399 683 1474 752 Alte'·
1559 713 1560 760 t

181 781 257 827 rum
272 766 405 849 adparet
428 770 461 832 in
477 791 523 846 eo,
539 773 627 853 quod
642 777 698 856 qni
726 789 925 859 potestatem,
936 785 1032 865 juste
1056 801 1185 852 eaerum
1201 795 1341 872 pecunia
1355 790 1475 881 accepta
1559 807 1560 874 l

181 869 337 954 tacturus,
352 869 607 944 concessuruare
620 895 677 963 est,
694 884 863 953 domiuum
880 909 914 952 se
928 909 998 954 esse
1012 893 1130 976 credat,
1146 907 1248 978 'quum
1265 901 1307 964 eit
1321 903 1475 988 dispensa·

184 996 242 1060 tor,
257 988 313 1066 qui
328 1007 370 1049 ex
386 988 497 1051 divino
513 991 667 1055 mandato
682 995 817 1060 audivi-t:
839 999 960 1066 Grecis
974 1006 1155 1086 accepistis,
1179 1013 1293 1090 gretie
1307 1013 1389 1092 dale,
1405 1014 1477 1080 titat-

183 1098 269 1162 thaoi
286 1118 355 1181 cap.
373 1101 421 1162 10.
465 1099 667 1166 Postremum
684 1104 817 1186 adparet
843 1111 875 1172 iu
891 1123 938 1188 eo,
954 1112 1042 1192 qtrod
1057 1113 1100 1176 ita
1129 1132 1161 1180 tn
1178 1119 1273 1182 rebus
1296 1124 1392 1187 sao'ri's
1408 1123 1475 1206 quie

181 1220 323 1290 putatae
338 1211 431 1292 pesae
449 1211 575 1290 versari,
598 1228 637 1274 a'o
651 1213 679 1276 si
696 1215 834 1296 profana·
854 1237 1003 1301 qrraeque
1019 1227 1175 1288 tractaret.
1203 1228 1256 1308 ,st
1271 1231 1352 1294 naec
1374 1235 1476 1297 sedula

182 1316 390 1382 meditatione
403 1332 586 1402 prttseutur,
603 1323 711 1388 statim
729 1325 868 1406 liquebit,
885 1345 950 1390 non
964 1332 1073 1394 omnia
1089 1335 1247 1399 simoniae
1260 1339 1402 1404 ⁴erimina
1416 1363 1475 1405 esse

181 1429 280 1512 paria,
306 1428 362 1520 sed
378 1429 442 1492 alia
457 1430 530 1492 aliis
555 1433 715 1513 graviora¹
729 1435 848 1497 etenim
873 1436 907 1499 ln
928 1437 1078 1518 ‘plruibur
1092 1457 1301 1508 ¹eonourrunt
1328 1463 1475 1529 peraeque

181 1548 376 1602 memoratae
391 1557 503 1602 omnes
515 1541 743 1622 turpitudines,
766 1543 866 1606 veluti
881 1561 958 1608 eum
973 1565 1123 1612 reamare
1139 1568 1257 1632 aeetae,
1280 1567 1359 1637 putta
1375 1557 1476 1620 Sacra·

179 1657 299 1725 meula,
314 1647 508 1722 venduntur,
524 1662 687 1730 emunturr
703 1651 736 1714 in
749 1650 822 1714 aliia
838 1652 967 1716 irteumt
980 1656 1114 1735 quidem
1130 1665 1313 1738 postremae
1323 1660 1474 1724 dtraetur·

77 1762 83 1774 '
178 1774 237 1838 pes
252 1748 362 1832 no'lae,·
381 1771 445 1818 nou
461 1757 574 1836 prima,
593 1755 691 1820 veluti
714 1775 790 1820 oum
808 1758 990 1825 venduntor
1020 1765 1200 1844 petitiones,
1223 1767 1298 1849 jora
1318 1767 1473 1832 alimento·

180 1883 252 1928 rum
268 1865 301 1928 in
317 1863 477 1946 Collegiia
493 1876 525 1926 et
535 1865 753 1944 ,Mouasteriia
769 1885 809 1930 ao
823 1867 953 1930 similia.

222 1971 396 2054 Multiplex
410 1983 459 2034 est
482 1973 638 2036 simoniae
653 1975 872 2055 specleaeire
893 1975 1113 2042 emmideretur
1124 1977 1193 2042 ‘illa
1207 1996 1249 2044 ex
1265 1991 1356 2064 parte
1378 2000 1470 2066 pereo-

179 2097 297 2142 narum
312 2097 362 2142 res
384 2098 491 2142 sacras
507 2093 564 2144 aut
590 2081 747 2162 dantium,
763 2095 821 2145 aut
841 2085 1084 2166 *accipientium
1110 2089 1180 2150 sire
1205 2090 1423 2156 eorreideretur
1436 2111 1472 2156 ex

179 2199 269 2270 parto
285 2187 335 2268 rei,
351 2197 435 2270 quae
451 2189 541 2270 pretii
558 2188 665 2256 locum
681 2201 775 2269 tonet,
792 2191 862 2256 aire
875 2191 1097 2260 consideretur
1112 2213 1157 2259 ex
1173 2209 1262 2280 parte
1277 2201 1320 2263 rei
1335 2203 1472 2284 spiritiu-

178 2297 227 2376 lie,
245 2317 329 2380 quae
344 2298 443 2381 pretio
454 2298 650 2378 aestimatur,
667 2297 735 2362 sire
751 2299 891 2382 deniquo
905 2301 1125 2367 consideretur
1138 2323 1180 2367 ex
1194 2313 1285 2387 parte
1292 2306 1386 2389 legis,
1397 2321 1472 2389 quoe

178 2407 351 2472 simoniam
369 2407 521 2490 prohibet.

174 2553 177 2562 ·
220 2517 274 2582 Ex
291 2527 380 2600 parte
406 2535 613 2600 personarum
638 2537 689 2580 res
704 2535 813 2582 sacrat
839 2519 888 2582 rel
906 2520 1065 2602 dantium,
1090 2522 1469 2606 retraeetpiemimnaua

171 2628 329 2692 mentalis
343 2633 363 2692 a
379 2627 591 2710 Pragmaticis
617 2627 887 2710 appellatur,=alia
902 2630 1006 2696 malie.
1050 2632 1229 2696 Mentalem
1248 2635 1416 2697 almoniam
1429 2632 1469 2694 di·

175 2749 265 2817 cnut,
282 2738 415 2821 quondo
430 2750 487 2804 uut
501 2737 678 2819 adquirere,
702 2749 759 2801 aut
773 2757 932 2818 exemere,
945 2753 1004 2803 errt
1018 2741 1193 2806 coneedere
1214 2742 1288 2805 aliia
1302 2740 1468 2826 spiritualia

171 2848 251 2930 ,quia
266 2845 410 2925 intendit,
427 2849 609 2928 praecipue
625 2857 660 2910 ut
685 2848 877 2929 temporales
902 2849 1121 2929 obventiones,
1148 2867 1233 2932 qum
1244 2849 1466 2934 jurispirituali

175 2955 358 3033 cohaerent,
373 2952 521 3034 lueretur,
545 2953 626 3036 quiu
641 2966 750 3020 tamen
767 2956 834 3020 ulla
860 2957 912 3020 rel
927 2975 1090 3040 expressa,
1116 2959 1169 3021 vel
1183 2962 1283 3024 taeilo
1308 2959 1465 3026 conante

175 3063 379 3144 interveniam
408 3063 553 3136 consistit
568 3075 678 3128 aruem
703 3065 737 3128 iu
753 3065 858 3128 aaran
873 3069 1016 3147 quodam
1041 3085 1153 3130 saonae
1167 3067 1335 3150 parastatis
1358 3069 1466 3134 detorta

174 3174 361 3252 intentione,
388 3174 432 3236 ita
449 3185 493 3252 ut,
509 3176 564 3255 qui
581 3191 630 3236 res
645 3193 754 3237 sacras
781 3177 1182 3258 suseipitpertraemndea,
1196 3180 1361 3244 eo‘auirno
1379 3181 1422 3256 ait,
1435 3189 1464 3240 ut

177 3301 275 3346 usum
290 3301 402 3344 earum
418 3280 525 3344 flectat
541 3281 797 3344 incommodum
813 3283 996 3366 teurporale.
1040 3283 1204 3368 Exempla
1219 3299 1296 3350 artat
1311 3290 1344 3350 iu
1360 3285 1404 3365 ila,
1416 3283 1463 3366 qui

176 3395 219 3458 ad
235 3411 343 3458 saeros
358 3390 492 3470 ordines,
511 3389 562 3452 vel
577 3389 618 3452 ed
636 3389 792 3457 beneficia
804 3391 973 3473 adspirant
987 3411 1026 3455 ea
1042 3393 1214 3476 praecipue
1225 3405 1343 3470 moute,
1363 3405 1395 3456 ut
1407 3389 1463 3454 red.

176 3503 267 3568 ditus
282 3499 516 3565 ecclesiasticos
542 3499 727 3582 percipiant,
744 3520 800 3564 seu
816 3502 850 3566 iu
865 3503 913 3581 ira,
936 3503 993 3583 qui
1007 3502 1199 3586 dignitatem
1220 3515 1405 3586 mquoutnr,
1417 3501 1463 3564 lm

174 3614 310 3679 notibus
334 3609 524 3694 perfruatur,
540 3629 611 3674 ceu.
627 3611 657 3674 3.
673 3609 745 3674 dist.
762 3611 822 3690 59,
846 3629 920 3674 ¹oen.
937 3613 966 3675 7.
988 3611 1060 3674 diet.
1076 3613 1137 3692 61,
1150 3631 1233 3676 ooo.
1250 3614 1305 3678 20.
1324 3629 1407 3677 earm
1422 3609 1461 3673 lt

175 3731 299 3803 quaeat.
316 3721 344 3785 7.
361 3721 466 3784 autin
482 3719 615 3782 Oleriois
632 3721 800 3802 praecipuo
814 3721 856 3784 ob
871 3719 1149 3786 beneficiariorum
1171 3721 1336 3788 deminum
1352 3733 1460 3806 percep

171 3831 297 3896 ,tionem
313 3831 530 3894 eeclesiastico
554 3831 659 3896 offioia
675 3831 941 3912 persolventibus,
956 3842 1014 3896 aut
1029 3831 1180 3894 maeotis
1194 3835 1371 3898 oratoribus
1389 3841 1460 3914 prae

176 3941 270 4023 oipuo
284 3941 325 4004 ob
342 3940 514 4022 temporale
529 3937 737 4002 commodum
764 3940 1033 4022 praedicantibus,
1048 3953 1111 4002 aut.
1122 3941 1154 4002 in
1170 3939 1218 4018 iia,
1233 3941 1296 4022 qui
1310 3933 1459 4020 meapte

176 4062 210 4116 to
223 4051 412 4133 temporalia
438 4049 605 4115 Ecclesiae
620 4049 763 4129 offerant,
788 4069 854 4114 uon
870 4049 998 4133 pletatis
1015 4047 1142 4125 vauimo,
1158 4047 1223 4112 *aad
1240 4064 1277 4112 ut
1298 4041 1459 4130 sannam

171 4163 254 4249 jura,
270 4173 327 4224 aut
351 4161 449 4223 etiam
466 4158 653 4241 temporalia
676 4159 929 4242 praebendarum
946 4157 1116 4222 commoda
1140 4165 1458 4239 oonaeqrtamurmp

174 4271 224 4335 31.
241 4271 281 4334 de
296 4269 443 4349 simonin;
472 4281 537 4346 aut,
565 4277 600 4332 ut
615 4267 679 4331 alia
696 4268 788 4351 plura
802 4267 922 4332 similia
935 4268 1092 4344 omittam,
1108 4265 1141 4328 in
1158 4265 1206 4343 iis,
1233 4264 1294 4346 qui
1305 4261 1456 4338 antiope
1559 4209 1560 4298 l

175 4383 264 4448 ducti
281 4381 367 4446 dona
381 4381 585 4446 Monasteriia
600 4379 778 4460 conserunt,
793 4399 863 4462 cap.
882 4379 937 4443 ult.
954 4379 1024 4442 eod.
1039 4383 1087 4442 tit.
1131 4377 1215 4441 Sunt
1226 4368 1455 4461 juamda‘u·
1559 4407 1560 4454 l

171 4495 365 4567 tumvoluli
379 4493 558 4580 privilegia
571 4493 735 4580 quaedam
750 4493 892 4577 honour,
916 4493 1013 4558 earne
1023 4490 1068 4557 do
1079 4487 1234 4572 Eroimia
1243 4476 1455 4575 opimam
