3120 4980
169 363 213 432 db
423 383 514 432 raas
530 385 655 445 ratus,
673 383 916 434 crassantium
932 385 1058 451 mins,
1073 387 1150 436 aar.
1167 371 1221 437 tv.
1248 386 1253 394 ·
1312 387 1316 394 ·

172 508 236 575 dus
251 506 503 572 wormaciensis
517 527 627 591 parem
641 507 815 576 ionualam
830 507 998 594 descripsit
1012 507 1103 576 initio
1117 514 1168 580 sui
1184 505 1311 577 Decreti
1326 513 1465 580 distribn·
1545 481 1546 490 ἵ

171 617 286 682 tamin
302 618 352 680 67.
377 619 494 700 capita3
513 635 572 681 nec
597 616 777 696 defuerunt,
804 619 860 699 qai
875 619 1016 684 similem
1038 613 1134 682 etiam
1159 617 1300 698 ederent,
1324 631 1357 683 ot
1371 621 1464 684 Leoni

172 727 225 792 tv.
243 727 399 792 Pontifice
415 727 562 790 Maximo
576 725 802 790 adscriberent.
846 725 1017 792 Caeterum
1033 726 1198 794 assecula
1222 728 1396 794 undecimo
1408 729 1465 792 dici

172 843 283 918 potest,
300 832 505 915 disciplinam
531 834 627 918 hujtts
643 835 802 916 generalis
817 835 1033 916 inquisitionis
1059 833 1158 902 fuisso
1173 836 1205 900 in
1223 847 1289 898 tota
1301 835 1367 900 sere
1382 837 1464 900 Occi·

171 944 294 1007 dentali
320 943 470 1008 Ecclesia
486 955 654 1027 receptam.
698 943 863 1027 Specialiu
891 965 949 1012 seu
962 945 1136 1029 singularis
1161 947 1326 1029 inquisitio
1350 947 1465 1027 dicitur,

154 1047 249 1116 'cum
266 1049 433 1116 Praelatus
448 1068 489 1113 ex
505 1051 610 1114 cilicio
625 1053 658 1116 in
675 1063 797 1118 certum
814 1053 935 1116 crimen
951 1053 1140 1132 admissum,
1155 1055 1207 1116 vel
1223 1057 1256 1118 in
1268 1067 1391 1119 certam
1406 1075 1465 1138 per·
1545 1093 1546 1116 ι

172 1173 287 1218 sonam
303 1155 543 1237 delinquentem
559 1157 697 1240 inquirit,
724 1159 776 1222 vel
792 1141 863 1242 post
877 1160 1014 1244 alicujus
1028 1161 1314 1241 denuntiationem,
1336 1165 1388 1227 rel
1404 1173 1466 1245 post
1545 1187 1546 1236 i

173 1263 413 1343 inquisitionem
436 1266 619 1348 generalem
635 1265 755 1330 iactam
780 1268 923 1330 iudicato
937 1287 998 1348 reo,
1025 1267 1077 1330 vei
1092 1289 1134 1332 ex
1150 1269 1247 1348 fama,
1269 1291 1328 1338 seu
1350 1291 1466 1337 rumora
1545 1247 1546 1308 3

174 1371 303 1452 publico
317 1369 445 1449 rer-ente,
461 1374 604 1454 aliquem
618 1376 726 1456 gravis
740 1375 884 1438 criminis
899 1393 990 1442 mum
1005 1375 1156 1453 extitisse,
1171 1395 1238 1458 qua
1254 1375 1287 1438 in
1301 1377 1405 1458 specie
1420 1395 1466 1437 ne
1545 1391 1546 1460 j

77 1540 88 1550 .
173 1499 228 1546 mc
242 1501 307 1546 non
321 1483 417 1562 ridet,
433 1485 682 1563 Procuratorem,
699 1497 734 1551 ut
749 1497 875 1564 vocant,
892 1486 1061 1562 Fiscalem,
1079 1487 1149 1548 vico
1163 1485 1256 1568 fungi
1271 1487 1466 1565 accusatoris,
1545 1501 1546 1550 1

169 1594 264 1676 juxta
279 1613 326 1672 ea,
342 1613 426 1674 qnae
449 1593 545 1658 modo
559 1596 780 1674 observabam,
795 1613 868 1657 can.
883 1595 914 1657 ii.
930 1611 1018 1660 caus.
1033 1595 1063 1656 2.
1087 1605 1211 1674 quaest.
1227 1597 1267 1673 5.,
1282 1613 1353 1676 cap.
1368 1595 1416 1657 22.
1431 1595 1466 1656 de
1545 1567 1546 1594 ¹

175 1714 319 1783 sentent,
335 1717 367 1766 et
378 1723 413 1766 ra
423 1704 535 1788 judic,
550 1723 622 1785 cap.
640 1705 666 1766 1.
681 1705 713 1766 in
730 1703 795 1769 fine
810 1703 852 1766 de
865 1703 971 1767 officio
981 1703 1144 1780 Custodia,
1159 1717 1229 1784 cap.
1246 1723 1301 1768 un.
1319 1721 1396 1764 rers.
1413 1702 1468 1764 Sa·

174 1829 215 1873 ne
228 1809 270 1871 de
284 1810 403 1873 censib.
421 1811 454 1872 in
470 1812 499 1874 6.
544 1812 636 1873 Adeo
650 1823 760 1877 autem
775 1831 887 1878 rerum
903 1823 959 1890 est,
975 1811 1141 1894 publicam
1159 1809 1284 1872 farriam
1302 1810 1467 1892 inquisitio
1545 1787 1546 1852 Ϊ

175 1919 226 1982 nis
236 1919 358 2001 judicio
382 1937 517 1985 cainam
532 1919 617 1997 dare,
642 1931 678 1984 ut
694 1920 767 1983 licet
781 1919 855 1998 dno,
881 1921 1030 1998 veltres,
1057 1919 1110 1981 rel
1134 1919 1232 1982 etiam
1249 1917 1355 1999 plures
1381 1927 1468 1980 testes
1545 1937 1546 1972 1

175 2024 317 2088 dixerint
330 2025 473 2106 aliquem
488 2025 702 2107 diffamatum,
718 2047 783 2090 non
800 2027 875 2092 inde
890 2039 997 2090 tamen
1015 2027 1104 2092 locus
1120 2027 1319 2108 inquisitioni
1335 2026 1400 2106 dat,
1414 2027 1470 2090 nisi

176 2136 299 2217 aliquid
315 2137 434 2200 sinistri
449 2137 491 2200 de
505 2155 558 2200 reo
573 2140 606 2201 in
622 2140 749 2221 publico
765 2139 924 2216 audiatur,
951 2157 1022 2220 cap.
1039 2141 1087 2202 19.
1103 2139 1153 2200 21.
1171 2141 1191 2205 i.
1209 2137 1275 2215 ult,
1296 2147 1328 2200 et
1342 2157 1409 2221 cap.
1423 2134 1469 2201 tt.

174 2245 217 2308 de
232 2247 437 2342 accusation,
453 2267 653 2330 quamquam
668 2249 701 2310 in
717 2267 755 2310 ea
770 2249 877 2330 specie
892 2247 983 2312 locus
1008 2245 1065 2309 fiat
1081 2245 1274 2309 indicendae
1289 2245 1470 2330 pugnationi
1545 2235 1546 2280 ³

177 2355 357 2422 secundum
372 2357 538 2424 arbitrium
558 2357 743 2440 judicantis.
786 2355 892 2419 Hodie
907 2357 989 2419 haec
1004 2355 1169 2436 inquisitio
1191 2373 1233 2418 ex
1249 2356 1391 2437 generali
1404 2371 1495 2446 con·-

178 2465 348 2531 suetudine
373 2465 459 2529 sacta
473 2477 523 2528 est
548 2466 716 2544 ordinaria,
743 2465 911 2530 carnotim
937 2475 1028 2526 extra
1043 2463 1189 2526 ordinem
1215 2461 1304 2526 lieret
1328 2465 1361 2526 in
1377 2463 1469 2530 subsi-

178 2573 269 2652 dium
284 2575 507 2654 accusationis,
535 2575 641 2654 idest,
666 2593 741 2640 eum
758 2583 925 2638 accusator
940 2571 1099 2649 deiiceret,
1119 2570 1165 2632 ita
1179 2579 1215 2634 ut
1228 2579 1412 2634 accusatore
1426 2585 1471 2629 ac·
1545 2555 1546 2626 i

177 2683 311 2748 cedente
324 2683 488 2765 inquisitio
503 2684 684 2761 irritaretur,
710 2691 903 2764 argumento
916 2679 1050 2763 capituli
1077 2679 1126 2742 19.
1142 2677 1184 2741 de
1199 2679 1395 2744 accusation.
1436 2677 1470 2740 ln

178 2792 240 2855 hoo
255 2793 324 2874 ipso
350 2791 564 2874 inquisitionis
573 2791 695 2875 jndicio
710 2789 950 2854 observandum
964 2799 1020 2868 est,
1049 2785 1117 2850 lieri
1133 2785 1240 2853 locum
1261 2775 1385 2869 manae
1399 2783 1471 2848 ordi·

78 2948 84 2959 -
179 2903 288 2966 uariae
303 2921 358 2985 per
367 2879 510 2986 judicem
534 2899 729 2983 infligendae
755 2900 787 2962 in
803 2917 903 2976 mum,
929 2895 1054 2978 quoties
1068 2895 1133 2959 tale
1158 2897 1280 2959 crimen
1300 2895 1470 2959 admissam

181 3023 382 3091 proponatur,
398 3009 484 3090 qnod
501 3008 638 3089 suscepti
655 3005 777 3068 ordinis
791 2999 1024 3081 executionem,
1041 3014 1098 3068 aut
1111 3003 1318 3064 retentionem
1333 2999 1472 3064 beneficii

180 3117 279 3180 ctiam
295 3129 364 3198 post
391 3125 552 3198 peractam
569 3113 798 3194 poenitentiam
825 3109 1000 3192 impedirem
1016 3105 1160 3190 alioquin
1181 3107 1331 3174 universa
1345 3125 1387 3169 ex
1396 3103 1471 3191 judi·

180 3229 284 3290 cantis
298 3227 433 3304 arbitrio,
449 3235 481 3288 ct
495 3224 698 3291 humanitate
712 3237 850 3303 poenam
864 3217 1056 3282 moderaturi
1071 3213 1218 3299 pendere.
1261 3211 1431 3298 Perspicua
1445 3212 1472 3278 id

181 3337 351 3404 definitum
368 3335 428 3404 fuit
453 3335 495 3401 ab
509 3333 696 3399 Innocentio
723 3331 780 3394 lli.
797 3331 829 3393 in
853 3341 923 3411 cap.
938 3327 989 3391 at.
1016 3325 1057 3390 de
1070 3327 1300 3394 accusationib.
1344 3326 1472 3397 Quaesi-

182 3455 253 3531 tuna¹
267 3443 378 3518 luerat,
395 3461 437 3505 an
453 3442 689 3507 ecclesiasticus
707 3438 810 3524 judex
832 3433 1040 3519 inquisitione
1054 3447 1212 3517 suscepta,
1238 3435 1431 3516 pmbatoque
1444 3433 1472 3497 in

159 3573 160 3580 ¹
175 3553 301 3638 judicio
315 3554 456 3632 crimine,
472 3569 611 3633 poenam
625 3557 646 3614 a
660 3547 840 3614 canonibus
854 3544 1012 3610 indictam
1027 3543 1184 3607 moderari
1195 3561 1237 3606 ex
1252 3543 1414 3624 aequitate
1428 3561 1473 3603 ra·

183 3664 268 3726 leret.
299 3659 575 3743 Distinguendum
589 3658 691 3724 voluit
706 3644 924 3732 Innocentius,
938 3663 970 3715 et
981 3651 1033 3731 ait,
1050 3649 1105 3718 ubi
1118 3647 1183 3712 tale
1197 3649 1239 3712 sit
1251 3651 1384 3726 cumen,
1395 3643 1472 3729 qual

184 3774 253 3856 ipso
263 3774 334 3856 jure
348 3773 572 3834 executionem
586 3767 725 3848 suscepti
738 3763 868 3842 ordinis,
885 3783 923 3825 aa
939 3757 1087 3825 beneficii
1102 3755 1317 3820 recentionem
1331 3761 1473 3836 perpetuo

185 3881 359 3966 impediret,
384 3877 660 3962 quemadmodum
675 3874 832 3954 contingit
857 3872 891 3934 in
905 3869 1039 3934 crimine
1053 3859 1226 3940 homicidii,
1244 3867 1304 3926 aut
1316 3857 1472 3937 simoniae,

186 4011 250 4056 non
264 4009 335 4053 esso
360 3989 393 4052 in
409 3997 563 4070 potestate
589 3983 743 4068 Episcopi
757 3979 912 4045 moderari
937 3991 1086 4060 poenam:
1112 3969 1168 4037 ubi
1181 3968 1268 4032 enim
1294 3981 1400 4049 poena
1413 3964 1473 4044 ipsc

183 4104 252 4186 jure
267 4095 388 4164 indicta
401 4108 457 4178 est,
481 4107 513 4158 et
528 4113 601 4160 reus
614 4093 724 4156 statim
749 4109 788 4154 ac
802 4087 925 4151 crimen
939 4082 1079 4160 admisit,
1094 4081 1136 4144 in
1151 4092 1290 4160 menam
1303 4071 1416 4138 incidit
1428 4085 1471 4153 po

186 4221 298 4274 testata
313 4209 400 4291 legis,
415 4207 469 4270 lert
494 4207 565 4289 ipsa
578 4203 806 4287 quodcumque
820 4197 964 4264 officium
973 4193 1094 4280 judicis
1116 4189 1289 4274 praevenit,
1302 4205 1344 4250 ac
1358 4191 1472 4248 mutan

185 4319 230 4382 tia
238 4317 358 4402 judicis
383 4327 510 4382 tantam
524 4313 734 4379 declaratoria
757 4319 814 4388 est,
841 4307 946 4386 idest,
973 4303 1130 4381 indicans,
1152 4317 1253 4384 quam
1268 4315 1341 4364 reus
1355 4313 1397 4359 ex
1412 4293 1471 4372 tego

184 4443 323 4509 peccora
337 4423 511 4492 incurrerit
553 4406 774 4488 Naarioeb'et
796 4413 975 4490 innocentii
989 4410 1138 4493 formula,
1159 4407 1242 4476 datu
1255 4406 1310 4488 ait,
1331 4405 1389 4470 lroc
1401 4417 1470 4466 carc
