3276 4984
142 409 191 456 nra
208 410 415 460 consumas.
433 417 589 481 urruns,
608 423 821 486 etenira-ra,
836 427 883 474 aa·
899 425 1134 478 castratura.
1150 433 1356 486 unrrsaars.
1400 423 1442 490 1³

136 533 198 596 sed
213 554 278 614 eos,
293 556 351 619 qur
365 557 466 621 quam
481 541 665 626 longissime
691 551 902 630 recessissent,
928 565 1086 637 tanquam
1111 558 1199 622 Deos
1212 561 1272 626 sibi
1287 565 1442 634 colendos

136 659 316 727 proponere
331 667 396 712 non
421 651 650 718 erubescerent
693 657 780 726 Quia
803 677 867 722 non
894 659 1059 744 intelligat,
1085 663 1118 728 in
1145 676 1212 730 tam
1236 669 1359 734 nefario
1373 673 1440 736 ido·

137 752 286 818 lolatriae
312 775 428 838 genere
452 774 676 844 opportunum,
703 765 1014 849 saluberrimumque
1038 769 1146 852 irrisae,
1170 783 1209 836 'ut
1233 775 1324 840 Deus
1349 779 1439 862 Opti-

136 877 212 926 mus
244 863 412 933 Maximus
441 885 505 946 eos,
528 887 609 952 quos
633 869 733 936 cultui
758 892 818 936 suo
841 873 1002 956 religiosae
1031 876 1175 942 addictos
1200 895 1334 964 patema
1358 902 1438 950 sane

134 969 363 1036 benevelentia
377 974 537 1058 diligebat,
564 977 688 1059 legibus
713 980 821 1062 palam
848 982 942 1044 editis
967 985 1213 1066 continereque
1239 991 1271 1054 in
1295 993 1436 1075 pessima

136 1095 272 1146 ruerunt
298 1103 377 1148 cum
405 1087 500 1150 turba
526 1089 738 1152 caeteroruml
781 1091 832 1154 De
859 1089 1057 1159 Judaeorum
1086 1095 1204 1176 populo
1233 1096 1354 1180 loquor,
1381 1101 1437 1164 cui

133 1187 423 1256 Sanctissimcrum
448 1193 707 1261 Patriarcherum
733 1199 810 1278 vita,
833 1218 1001 1282 moresque
1021 1201 1216 1284 integerrimi
1238 1209 1357 1272 summi
1374 1209 1435 1274 Dei

131 1295 344 1364 clementiam
358 1301 514 1382 singulari
539 1305 682 1386 quadam
706 1307 827 1370 ratione
852 1309 1112 1374 conciliaverunt.
1158 1313 1245 1376 Huic
1270 1319 1356 1382 enim
1372 1319 1435 1382 ins-

134 1407 283 1471 tituendo
297 1410 411 1474 divina
425 1415 611 1476 auctoritate
625 1414 711 1478 edita
725 1414 854 1480 suerunt
869 1417 999 1500 triplicis
1025 1421 1150 1500 generis
1165 1437 1342 1508 praecepta,
1358 1447 1435 1508 quo

133 1533 209 1578 rum
224 1516 299 1578 aliis
313 1519 460 1584 naturale
470 1522 525 1603 jus
550 1521 656 1603 ipsum
682 1521 878 1588 luculentius
903 1525 1114 1609 exhiberetuq
1136 1529 1216 1608 aliis,
1245 1531 1344 1597 veluti
1359 1554 1434 1600 cau-

132 1623 285 1704 tionibus,
309 1626 444 1709 populos
469 1637 609 1692 uteretur
630 1628 673 1692 ad
698 1629 849 1694 evitanda
874 1653 1098 1720 quaecumque
1123 1639 1266 1722 pericula
1290 1642 1433 1724 polluen-

132 1729 204 1810 dae,
220 1731 459 1798 minuendaeve
474 1735 642 1820 religionis,
660 1738 745 1804 unde
759 1737 857 1820 fieret,
882 1754 917 1806 ut
939 1743 998 1808 filii
1012 1757 1197 1811 sanctorum
1212 1767 1277 1812 non
1304 1765 1433 1834 possent

132 1841 178 1904 ira
191 1843 334 1926 coniugi,
348 1845 431 1908 sicut
444 1857 563 1930 gentes,
578 1867 662 1929 quac
683 1849 874 1932 ignorabant
900 1852 1015 1933 Deum,
1042 1855 1098 1918 sed
1124 1856 1158 1920 in
1173 1858 1250 1940 ipsis
1265 1862 1434 1926 connubiis

132 1949 365 2012 contrahendis
394 1951 570 2018 Daemonis
594 1963 783 2037 potestatem
808 1957 989 2041 evaderent,
1005 1963 1280 2045 quemadmodum
1295 1969 1433 2052 legimus

131 2057 223 2139 apud
237 2058 379 2122 Tobiam
394 2080 464 2144 cap.
481 2062 509 2124 6.
526 2081 607 2126 vers.
624 2065 682 2143 17,
694 2075 725 2126 et
740 2083 809 2147 cap.
825 2067 854 2130 8.
882 2087 962 2131 vers.
990 2072 1028 2148 5,
1045 2069 1117 2134 aliis
1137 2073 1276 2156 denique
1290 2075 1432 2158 singula-

128 2168 172 2229 ris
196 2167 337 2248 quidam
362 2171 478 2236 modus
504 2174 760 2253 praestitueretur
787 2173 945 2239 fovendae
960 2178 1042 2241 inter
1063 2179 1150 2264 ipsos
1178 2181 1327 2264 Judaeos,
1355 2203 1429 2248 con-

130 2275 379 2360 firmandaeque
394 2281 564 2360 societatis,
579 2301 643 2362 quo
658 2281 747 2359 fierit,
767 2294 801 2348 ut
825 2303 902 2348 cum
925 2285 1080 2366 singulari
1105 2285 1176 2370 lege
1197 2299 1368 2368 uterentur,
1384 2289 1431 2353 ni·

128 2379 176 2444 hil
190 2383 358 2464 baberent,
374 2386 460 2467 quod
475 2396 517 2450 ab
531 2400 756 2468 extraneorum
780 2393 930 2472 moribus,
955 2393 1012 2475 qui
1037 2413 1117 2458 sane
1131 2407 1221 2460 erant
1235 2399 1430 2481 corruptissi-

128 2495 182 2573 mi,
198 2495 418 2575 exhaurirent,
444 2509 477 2560 et
499 2498 533 2560 in
558 2519 622 2581 quc
648 2500 689 2563 ad
705 2501 812 2564 aliena
827 2499 993 2584 sequenda
1008 2504 1157 2588 exempla
1172 2519 1429 2587 provocarentur.

126 2599 309 2686 Praecepta
333 2605 426 2686 primi
451 2607 576 2687 generis
601 2606 780 2672 debuerunt
800 2627 873 2672 vere
888 2609 1085 2674 naturalium
1095 2613 1166 2696 jure
1180 2614 1310 2694 censeri,
1325 2615 1429 2697 proin·

125 2711 233 2796 deque
248 2713 361 2776 baberi
376 2721 574 2798 perpetuas
595 2717 713 2798 quibus
734 2736 915 2800 numquam
941 2717 1107 2782 hominem
1132 2733 1239 2780 essent
1264 2722 1428 2784 recessuri.

125 2822 328 2908 Hujusmodi
342 2831 389 2886 est
405 2835 609 2908 praeceptum
624 2825 733 2890 Exodi
749 2845 783 2887 ca
789 2845 818 2908 p.
845 2827 895 2888 20.
922 2844 1003 2888 vers.
1021 2825 1078 2905 13.ι
1096 2803 1336 2890 ύευῑθῐοηοιηίἰ
1357 2847 1427 2911 cap.

124 2934 155 2994 5.
179 2951 266 2994 vers.
295 2933 352 3008 17,
378 2949 420 2995 ne
445 2933 518 3014 quis
542 2935 772 3014 moecharetur,
798 2951 880 2997 neve
907 2952 1040 2996 uxorem
1063 2933 1202 3014 proximi
1224 2934 1429 3016 concupisce·

121 3053 176 3120 ret
205 3059 290 3104 euve
319 3041 427 3104 minus
457 3039 597 3121 duceret,
626 3043 752 3126 adjecta
776 3043 913 3126 positivo
938 3040 1049 3104 divino
1068 3041 1140 3124 J'ure
1166 3039 1330 3102 sanctione
1356 3059 1430 3122 poe·

121 3153 199 3234 nali,
224 3155 296 3216 sive
318 3173 423 3236 poena
448 3155 558 3217 mortis
581 3153 737 3218 adversus
763 3154 923 3218 adulteros
949 3166 981 3216 et
1003 3154 1154 3216 moechos
1180 3152 1309 3234 indicta,
1334 3154 1428 3218 Levi·

121 3266 173 3328 cci
187 3285 261 3348 cap.
277 3263 330 3326 20.
346 3282 430 3326 vers.
447 3265 505 3346 10,
522 3265 763 3328 Deuteronomii
789 3283 858 3348 cap.
883 3264 934 3327 22.
961 3284 1043 3327 vers.
1065 3265 1115 3328 22.
1138 3263 1335 3348 Hujusmodi
1349 3283 1429 3347 quo·

120 3377 335 3459 quefuerunt
356 3389 533 3460 praecepta,
559 3377 697 3441 Levitlci
724 3397 793 3460 cap.
821 3378 870 3441 18.
897 3389 928 3438 et
952 3377 1013 3458 20,
1041 3376 1095 3439 ubi
1121 3388 1255 3438 cautum
1282 3377 1428 3487 legimus²

119 3495 176 3575 qui
191 3492 334 3576 proximi
348 3500 456 3554 essent
480 3491 680 3574 cognatione,
706 3491 837 3572 nuptias
863 3511 931 3554 una
956 3491 1189 3570 contraherent,
1217 3509 1284 3554 non
1299 3491 1358 3554 lilii
1373 3510 1427 3574 pa·

120 3606 274 3682 rentibus,
299 3621 367 3666 non
393 3601 505 3666 iratres
535 3603 703 3681 sororibus,
723 3603 791 3664 sive
812 3620 854 3664 ex
869 3619 935 3664 uno
963 3611 1098 3680 tantum,
1125 3601 1195 3664 sive
1221 3620 1262 3666 ex
1293 3612 1428 3682 utroque

122 3727 250 3796 parente
266 3711 455 3796 conjunctis,
482 3729 547 3776 non
574 3723 710 3794 patruus
735 3723 831 3793 nepti,
859 3722 916 3772 aut
940 3729 1039 3794 nepos
1066 3712 1184 3776 amitae
1204 3714 1424 3796 jungerentuu

122 3821 196 3884 item
223 3833 259 3884 ut
287 3818 466 3882 adfinitatis
492 3819 571 3882 ratio
596 3820 774 3899 haberetur,
801 3839 937 3901 eamque
962 3821 1004 3884 ob
1020 3841 1087 3884 rem
1101 3841 1166 3886 uon
1189 3823 1357 3907 privignus
1371 3843 1427 3886 no·

119 3949 260 4008 verram,
276 3949 343 3992 uon
357 3929 489 3992 vitricus
504 3929 696 4013 privignam,
719 3947 784 3992 non
811 3948 901 3992 socer
925 3947 1054 4010 nurum,
1079 3931 1258 4014 eademque
1284 3931 1324 3995 de
1350 3951 1425 3996 cau·

118 4061 157 4106 sa
171 4061 274 4124 nong
295 4059 504 4118 uenenorum,
520 4059 583 4104 nou
610 4042 744 4104 maritus
769 4059 907 4104 sororem
937 4043 1052 4124 rixosis,
1079 4061 1144 4106 non
1170 4043 1264 4108 frater
1290 4061 1425 4108 uxorem

115 4148 230 4228 fratris,
258 4167 325 4212 non
349 4167 449 4230 napos
475 4167 607 4212 uxorem
635 4151 748 4232 patrui,
776 4149 826 4212 vel
853 4151 1009 4214 avunculi
1035 4149 1175 4216 duceret.
1219 4153 1316 4218 Forte
1338 4152 1425 4235 quis-

114 4257 347 4342 quamadhuc
364 4257 396 4319 in
424 4257 487 4320 hac
515 4277 545 4320 re
569 4257 812 4322 deliberandum
839 4271 973 4342 putaret,
1001 4281 1081 4324 num
1109 4275 1276 4346 praecepta
1302 4263 1425 4326 isthaec

119 4371 273 4432 universa
284 4367 341 4451 jus
366 4367 471 4450 potius
497 4366 670 4449 positivum
697 4369 891 4450 contineant,
918 4391 1000 4434 num
1025 4372 1210 4436 naturalem
1231 4374 1334 4456 legem
1361 4373 1426 4438 cla·

115 4477 180 4542 rius
210 4477 386 4562 explicent,
414 4495 545 4560 gravem
576 4475 809 4542 dubitationem
839 4481 1020 4546 concitante
1044 4481 1236 4566 primigenia
1263 4483 1425 4588 conjugio
