3146 4980
271 437 318 496 nn
333 435 463 498 meur,
487 437 529 482 ac
554 435 867 485 socauurrrrrsun
889 435 1145 486 courceronurr.
1293 423 1354 489 291

22 545 23 564 ἶ
83 557 142 642 plici
152 557 305 626 Parochia
328 577 431 642 aeque
446 559 646 638 domicilium
670 558 827 640 habuerit,
850 579 958 626 coram
972 561 1123 628 alterutro
1147 561 1302 642 Parocho,
1321 567 1356 632 in

79 669 149 750 cujus
162 667 314 734 Perochia
339 687 378 732 eo
394 679 533 751 tempore
560 677 706 746 moretur,
732 666 790 731 scd
804 669 904 730 etiam
918 667 946 730 si
972 668 1045 752 quis
1061 669 1094 732 in
1110 669 1175 732 alia
1197 668 1356 736 Perochia

81 777 252 845 domicilium
265 788 339 844 utut
364 767 498 842 minime
510 776 702 848 diuturnum
726 775 932 853 constituerit,
948 773 1126 840 dummodo
1147 774 1272 840 fraudis
1286 795 1357 840 sus-

81 883 241 964 picicabsit,
267 867 558 948 clamassem
582 903 621 945 00
636 883 705 948 1000
732 881 789 946 rra
815 882 1035 966 pensaurum,
1062 884 1175 966 praru
1194 885 1356 948 autumo

82 992 151 1054 ιιιιιιιι
163 992 347 1056 contrahere
372 1011 481 1054 coram
496 991 641 1058 Perocho
665 991 811 1075 ejusdem
826 989 987 1070 domicilii,
1013 989 1099 1072 quod
1122 989 1356 1054 habitationem

80 1101 203 1181 polineio
219 1100 306 1166 sacto
330 1103 567 1178 consistentem,
592 1117 694 1181 quam
708 1098 918 1178 domicilium,
946 1109 978 1164 et
987 1100 1042 1184 jus
1057 1098 1211 1162 domicilii
1231 1099 1355 1182 proprie

81 1205 279 1288 apellaremus.
322 1207 552 1279 Quamobrem
571 1205 703 1270 tradunt
726 1205 931 1291 Pragmatici,
957 1205 1096 1268 sufficire
1111 1215 1250 1286 quatuor
1267 1223 1356 1274 men-

80 1317 147 1380 sium
158 1318 305 1398 spanum,
321 1326 357 1380 ut
371 1315 446 1398 quis
460 1314 583 1390 dicetur
597 1312 706 1398 quoad
721 1314 810 1378 hunc
825 1313 977 1380 effectum
1003 1315 1037 1378 in
1052 1315 1209 1380 Perochia
1224 1314 1356 1379 domici-

81 1419 142 1484 lium
155 1423 357 1506 contraxisse„
401 1422 476 1486 Non
491 1433 602 1486 autern
617 1421 764 1486 similiter
781 1431 953 1506 ,receptum
968 1433 1023 1502 est,
1041 1433 1088 1502 ut,
1113 1423 1254 1488 sufficiat
1268 1443 1357 1508 pree-

80 1531 163 1592 sentia
175 1529 312 1594 Parochi·
323 1530 465 1612 originis,
480 1550 521 1594 ne
536 1549 574 1594 eo
588 1539 756 1614 praetextu
771 1530 920 1614 publicae
943 1531 1139 1594 matrimonii
1149 1531 1357 1598 celebrationi

79 1637 150 1702 irarrs
161 1641 226 1720 fiat,
240 1633 499 1724 scandalumque
514 1641 635 1706 oriatur
648 1642 737 1726 apud
752 1661 815 1720 eos,
832 1641 888 1723 qui
903 1641 937 1704 in
951 1651 1039 1704 certa
1052 1641 1199 1722 dioecesi,
1215 1653 1273 1706 eut
1287 1644 1358 1708 loco

78 1749 212 1828 quosdam
228 1769 298 1814 sese
323 1763 495 1834 tamquam
518 1753 671 1834 conjuges
685 1751 805 1816 habere
831 1751 1085 1836 deprehendunt,
1111 1773 1193 1836 quos
1218 1773 1284 1818 non
1300 1757 1357 1820 ibi·

28 1874 31 1880 ·
80 1856 138 1922 dem
149 1871 270 1924 constat
296 1860 424 1942 publice
439 1860 643 1924 matrimonio
661 1862 792 1943 junctos
805 1860 914 1926 fuisse.
959 1862 1072 1944 Neque
1088 1850 1232 1928 similiter
1253 1885 1358 1949 recep-

79 1972 133 2036 tum
144 1977 195 2045 cst,
211 1978 248 2030 nt
263 1967 370 2030 valeat
384 1967 626 2050 matrimonium
642 1978 843 2030 contractum
858 1987 970 2032 coram
993 1988 1030 2030 eo
1046 1969 1199 2050 Parocho,
1215 1971 1249 2034 in
1264 1974 1358 2056 cujus

79 2067 211 2136 Pamchia
225 2076 300 2156 quis
325 2093 367 2136 ex
382 2073 541 2136 accidenti
565 2073 747 2154 reperiatur,
775 2075 863 2138 brevi
878 2093 1072 2156 reversurus,
1098 2087 1177 2158 puta
1197 2097 1299 2141 causa
1313 2098 1358 2142 re-

78 2181 232 2264 creationis,
246 2191 308 2275 'aut
323 2183 431 2262 sinuli,
451 2183 661 2264 nequeenim
684 2181 738 2244 hic
753 2181 816 2245 dici
840 2193 954 2266 potest,
976 2184 1099 2247 ibidem
1125 2185 1358 2252 habitationem

79 2295 262 2356 contraxisse.
306 2293 393 2358 Hinc
408 2303 445 2358 ut
458 2292 616 2374 exemplis
639 2291 758 2354 clarius
773 2290 991 2358 demonstrem
1015 2293 1163 2376 regulam
1185 2293 1282 2361 modo
1297 2306 1359 2360 tra·

79 2394 167 2486 dium,
179 2399 252 2464 dico
267 2399 432 2482 receptum
455 2417 534 2482 esse,
561 2407 597 2461 ut
612 2398 750 2476 Praetor,
765 2407 823 2460 erit
837 2398 857 2462 J
861 2397 946 2462 udex
960 2409 1047 2464 certe
1069 2400 1102 2462 in
1118 2402 1292 2482 provincie,
1309 2421 1362 2466 ur·

78 2505 113 2586 be,
127 2509 173 2572 rel
185 2509 303 2596 oppido
317 2507 511 2572 constitutus
526 2505 682 2570 etiamad
698 2519 822 2570 certum
837 2516 973 2590 tempus,
989 2509 1090 2592 possit
1114 2511 1360 2577 matrimonium

78 2619 241 2704 contrahere
265 2619 300 2682 in
318 2615 595 2693 carunculam
619 2633 686 2696 qua
710 2632 812 2676 cansa
835 2615 1055 2696 Magistratus,
1072 2615 1124 2678 vel
1138 2615 1236 2678 officii
1260 2615 1358 2696 degit,

77 2728 152 2808 quasi
164 2747 238 2800 cum
251 2726 372 2791 habeat
385 2722 597 2806 permanendi
612 2723 819 2804 propositum,
836 2721 1036 2784 domicilium
1051 2720 1266 2786 nanciscatur.
1303 2720 1360 2784 Sic

77 2831 157 2896 etiam
171 2833 319 2904 Medicus
334 2830 377 2894 ad
390 2839 515 2896 certum
530 2841 658 2916 tempus
674 2829 804 2912 publice
820 2829 951 2909 accitus,
975 2838 1011 2891 ut
1025 2839 1111 2892 certo
1126 2831 1159 2892 in
1175 2829 1245 2892 loco
1259 2847 1360 2893 more·

77 2951 124 3024 tur,
138 2959 166 3007 et
178 2944 309 3010 habitet.
352 2942 407 3006 Sic
420 2958 550 3027 quoque
565 2917 676 3022 truella
691 2939 723 3002 in
740 2935 1029 3020 Orphanotrophio,
1056 2935 1104 2998 vel
1123 2935 1220 2998 simili
1235 2933 1360 3018 religio·

77 3048 177 3112 scloco
191 3050 266 3129 alta,
292 3059 390 3129 atque
405 3047 543 3116 educate
568 3047 685 3110 dicitur
710 3045 909 3108 domicilium
924 3043 1124 3108 contraxisse
1150 3043 1184 3108 in
1198 3063 1237 3108 ea
1263 3045 1359 3108 Pero-

77 3156 144 3240 chia,
158 3161 192 3228 in
205 3178 273 3244 qua
283 3159 454 3242 religiosus
470 3157 559 3220 locus
575 3156 657 3220 situs
672 3167 729 3237 cst;
746 3153 834 3236 quod
860 3155 968 3237 ipsum
984 3153 1047 3218 dici
1063 3161 1171 3236 posset
1185 3151 1226 3216 de
1241 3152 1358 3236 puella,

76 3268 190 3342 quaein
214 3239 636 3352 Monastermcducationis
651 3282 753 3326 causa
777 3273 928 3342 moratur,
955 3281 1105 3346 quaeque
1127 3262 1156 3326 si
1170 3263 1360 3348 conjugium

77 3372 108 3434 sit
118 3375 229 3440 ibidem
244 3387 457 3454 contractura,
480 3393 588 3438 coram
604 3373 750 3436 Perocho
775 3371 846 3454 loci,
873 3374 907 3436 in
923 3393 987 3456 quo
1003 3373 1238 3438 Monasteriunr
1259 3375 1360 3440 situm

75 3495 119 3563 est,
133 3487 315 3552 conuehere
330 3484 467 3564 deberet,
481 3484 544 3546 nisi
558 3482 654 3546 hodie
670 3481 907 3566 Episcoporum
922 3482 1050 3545 solertia
1072 3485 1194 3566 passim
1210 3481 1307 3563 fieret,
1324 3494 1361 3548 ut

76 3591 278 3668 puellaeistae
300 3602 523 3656 contracturae
547 3598 640 3654 extra
665 3588 901 3652 lllorrasterium
926 3600 1053 3669 exeant,
1076 3589 1165 3654 etad
1189 3601 1360 3672 paternam

75 3691 201 3781 domum,
222 3701 316 3783 cujus
331 3697 530 3764 domicilium
545 3697 654 3760 adhuc
676 3698 823 3777 retinent,
848 3717 976 3760 rererae
992 3697 1110 3762 ibidem
1125 3700 1234 3782 potius
1249 3701 1359 3784 conju-

75 3799 150 3878 ginm
163 3806 330 3869 celebrent.
374 3805 429 3868 Sic
443 3814 607 3888 praeterea
622 3806 678 3886 qui
702 3805 885 3870 studiorum
899 3825 1000 3868 causa
1024 3807 1058 3868 in
1073 3807 1185 3890 alique
1200 3811 1277 3874 urbe
1291 3828 1359 3874 mo-
1440 3850 1442 3854 -

74 3927 178 3996 rantur,
202 3918 300 3980 etiarn
316 3915 350 3980 in
365 3916 427 3980 hoc
442 3915 602 4000 proposito
625 3914 746 3980 ibidem
761 3916 880 3978 habere
906 3915 1106 3980 domicilium
1125 3917 1356 4002 intelliguntur.

74 4019 121 4084 Sic
133 4026 256 4111 insuper
269 4027 468 4111 quicumque
483 4027 517 4092 in
532 4037 619 4090 certa
633 4025 729 4091 domo
743 4027 893 4091 habitant
914 4005 1087 4093 famulatui
1102 4005 1233 4110 addicti,¹
1248 4050 1358 4096 coram

73 4143 106 4186 ec
121 4129 252 4198 Perocho
267 4137 324 4198 rite
340 4133 539 4214 corrtrehent,
556 4136 588 4198 in
601 4136 693 4218 quns
709 4135 868 4200 Perochia
883 4134 1092 4202 famulantur.
1137 4140 1251 4222 Neque
1266 4140 1357 4203 aliud

73 4237 231 4314 dicendum
245 4261 293 4314 est
309 4247 349 4312 de
364 4250 411 4330 iis,
427 4249 483 4330 qui
499 4247 541 4310 ad
556 4237 680 4312 certum
696 4258 825 4328 tempus
832 4249 929 4331 Jussu
946 4249 1110 4332 Principis,
1129 4249 1181 4312 vel
1195 4251 1357 4313 sententia

74 4348 263 4434 Magistratus
278 4361 312 4424 in
327 4368 451 4428 certum
467 4357 572 4444 locum
599 4356 731 4438 relegati
747 4354 885 4438 fuerunt,
910 4367 1099 4441 argumento
1115 4358 1135 4421 ι.
1157 4359 1208 4423 22.
1219 4361 1246 4448 l.
1263 4359 1296 4422 ff.
1313 4359 1356 4424 ad

71 4462 293 4548 municipalem.
337 4463 437 4536 Quod
454 4465 560 4550 ipsum
576 4465 702 4530 admitti
724 4475 848 4550 oportet
862 4476 1007 4550 respectu
1022 4485 1141 4549 eorum,
1163 4469 1219 4553 qui
1232 4468 1276 4534 ad
1289 4489 1356 4534 cer·
