3120 4980
487 487 779 540 «nocumenta
794 495 950 544 carmen.
1079 520 1084 528 ·
1331 491 1371 560 tt

88 601 225 684 rorantia,
241 604 374 671 bonitati
388 607 483 674 dolus
498 611 615 695 malus3
640 613 795 682 traditum
807 630 867 698 est,
878 639 963 702 erim,
989 625 1046 706 qui
1061 645 1103 693 ax
1117 627 1303 702 infirmitate
1317 636 1370 704 do

75 709 196 798 linquit,
210 729 320 783 coena
334 721 473 805 Patrem3
489 743 574 804 cunr,
590 726 646 807 qui
661 745 703 790 ex
718 727 901 812 ignorantia
913 733 1080 818 delinquit,
1105 752 1216 808 contm
1235 747 1368 832 Filium

85 841 157 903 eun,
171 829 224 908 qui
238 847 281 892 ex
295 827 373 892 dolo
388 831 474 896 malo
488 831 655 918 delinquit,
671 847 780 900 centra
795 838 951 922 Spiritum
965 843 1125 912 Sanctum
1139 868 1282 934 peccare.
1300 857 1371 922 lta·

84 953 137 1018 que
150 937 174 1000 si
189 951 358 1022 peccmum
368 953 481 1007 contra
494 944 649 1028 Spiritum
663 947 804 1014 sentum
818 950 984 1020 difficillus
999 961 1175 1043 remittitur,
1191 963 1223 1028 id
1239 983 1304 1032 nea
1317 982 1370 1035 est

83 1059 239 1111 canatum
254 1050 407 1130 criminis,
422 1061 454 1118 et
469 1071 511 1118 cx
525 1053 639 1118 divina
654 1056 822 1124 voluntate
837 1063 967 1128 reniam
982 1064 1172 1155 denegante
1188 1075 1245 1140 sed
1261 1081 1368 1161 potin

83 1171 117 1215 cx
130 1157 221 1236 prava
237 1157 456 1242 delinquentis
480 1161 658 1244 effectione,
685 1167 740 1248 qui
755 1167 920 1235 difficilius
936 1175 1156 1262 poenitentiae,
1182 1201 1218 1246 se
1232 1187 1367 1272 subjicit,

82 1273 107 1323 et
120 1264 169 1328 vix
184 1267 225 1330 erl
242 1271 374 1334 reniam
387 1269 561 1338 demisse-a
579 1273 649 1336 Deo
663 1276 836 1360 petendam
852 1280 1025 1348 inducitur.
1316 1348 1320 1356 .

115 1373 203 1475 Dipta
215 1375 300 1441 haec
326 1381 515 1461 generaliter
530 1383 603 1463 sint,
631 1395 668 1447 ut
683 1388 840 1468 imprimis
854 1400 1057 1477 statueretur,
1073 1398 1181 1464 varias
1195 1403 1369 1472 criminum

29 1561 33 1567 Ι
80 1478 259 1549 differentias
284 1487 447 1569 adsignari
473 1501 623 1573 oportere,
650 1511 753 1576 quum
780 1512 913 1580 peccam
936 1521 1001 1566 non
1026 1524 1098 1608 esre
1125 1511 1208 1575 inter
1228 1520 1369 1600 seperta

78 1579 173 1656 ronna
188 1595 318 1658 Stoicos
329 1595 483 1680 diximns;
500 1597 617 1664 deinde
632 1607 833 1686 statueretur,
849 1627 914 1672 non
930 1611 1165 1683 admittendam
1188 1639 1260 1684 esse
1276 1623 1367 1691 illurn

78 1685 237 1767 eriminum
261 1703 511 1787 distinctionem,
538 1727 638 1790 qrram
656 1711 853 1780 tradiderunt
876 1717 1050 1786 Nervatiani
1065 1725 1194 1808 ajanus,
1216 1728 1367 1798 aliam

79 1814 192 1886 peccata
209 1811 422 1893 remissibilia,
439 1813 504 1878 alia
520 1816 757 1888 irremissibilia.
801 1825 988 1892 Iudicemus
1003 1849 1093 1898 nunc
1105 1847 1250 1920 receptas
1264 1843 1367 1912 crimi-

78 1931 143 1980 rrnm
168 1915 363 2002 partitiones.
409 1923 481 1988 Non
497 1925 645 1991 memoro
664 1929 764 2010 illam,
790 1953 893 2016 quam
908 1945 1090 2011 tractationi
1112 1948 1301 2018 tribuendae
1315 1973 1367 2018 ac·

78 2027 301 2092 romumdatam
317 2029 460 2112 exhibui,
476 2033 614 2118 tradens,
630 2037 695 2102 alia
710 2047 780 2106 csse
795 2045 930 2112 crimina
945 2051 1065 2118 directo
1084 2057 1241 2126 maerens
1258 2065 1365 2134 Qum

76 2131 213 2216 admlssa,
238 2138 303 2201 etia
317 2137 475 2206 aduersus
498 2163 550 2206 res
567 2145 769 2232 Densacresr
795 2153 860 2228 alia
874 2157 1054 2242 singularia
1068 2167 1274 2254 Clericorum,
1300 2176 1366 2242 alie

76 2239 249 2312 communia
265 2251 434 2336 univcrsis;
459 2255 540 2319 haec
555 2260 641 2324 euim
658 2267 767 2328 omnia
782 2285 828 2332 ex
840 2269 913 2352 ipso
933 2281 1132 2347 tractationis
1143 2286 1256 2352 ordine
1269 2307 1366 2374 epea·

74 2359 104 2428 te¹
118 2363 145 2414 et
160 2373 217 2438 per
241 2375 276 2419 se
291 2359 454 2441 patefient.
499 2364 643 2430 memore
659 2368 824 2456 imprimis,
851 2379 916 2442 alie
931 2401 1003 2446 esse
1019 2389 1164 2472 crimina,
1186 2413 1271 2477 quae
1285 2419 1364 2484 qua·

74 2455 155 2542 litate,
170 2464 246 2544 alia,
271 2483 356 2550 qnae
371 2471 551 2553 quantitate
576 2473 736 2560 differunt,
763 2483 842 2564 sive,
855 2489 914 2554 ‘uti
932 2489 1108 2574 loquuntur
1121 2500 1291 2590 Tlreolugi,
1311 2511 1364 2576 vel

72 2573 172 2655 specie,
187 2573 240 2638 vel
257 2592 395 2640 numero·
406 2578 660 2663 distinguuntur.
704 2589 800 2654 Utilia
813 2605 862 2658 ost
875 2597 1056 2666 obseruatio
1072 2606 1169 2692 lupas
1183 2616 1362 2694 partitionis

70 2687 96 2740 ct
109 2679 137 2744 in
162 2683 382 2766 poenitentiali
398 2701 526 2771 secreto,
552 2705 583 2755 et
599 2696 630 2758 in
641 2697 837 2780 judiciorum
851 2708 981 2789 publico
998 2707 1169 2784 'Flectesiae
1185 2721 1263 2788 foro,
1305 2729 1362 2794 Ni-

70 2791 178 2856 mirum
192 2794 217 2857 si
234 2794 275 2857 de
298 2795 365 2861 foro
380 2801 599 2882 poenitentiali
615 2818 737 2889 agatur,
763 2817 968 2898 perspicuum
984 2836 1033 2888 est
1047 2826 1232 2899 Tridentini
1246 2838 1361 2906 Conci·

68 2889 96 2957 iii
110 2897 273 2965 decretum
286 2903 322 2966 in
334 2923 409 2988 cap.
420 2909 449 2970 5.
465 2927 542 2973 sess.
564 2913 622 2994 tt,
636 2935 701 2997 quo
715 2932 849 2988 cantum
864 2939 920 3007 est,
938 2941 1001 2998 uta
1019 2941 1253 3018 poenitentibus
1268 2955 1358 3026 arud

67 3001 261 3074 Sacerdotem
290 3013 500 3080 absolutionis
526 3021 720 3089 obtinendae
734 3047 834 3096 carisa
860 3039 1044 3120 pendantur
1059 3061 1261 3130 peccatorum
1277 3077 1354 3126 mor·

68 3113 170 3179 talium
186 3129 217 3182 et
232 3139 395 3203 numerus,
411 3136 443 3188 et
458 3127 589 3212 species,
606 3134 880 3224 uudecongrueo,
896 3155 928 3209 et
939 3149 1096 3217 salutares
1113 3175 1169 3239 pro
1183 3163 1280 3228 modo
1295 3171 1358 3234 sirt-

66 3221 205 3298 gulonrm
230 3229 443 3310 porriiteutiae
467 3236 659 3306 iudicentur.
706 3247 752 3310 Et
765 3251 791 3312 si
807 3251 847 3315 de
861 3254 928 3318 soro
943 3271 1075 3325 esterno
1090 3285 1195 3332 senam
1216 3273 1266 3354 sit,
1282 3281 1358 3358 quis

66 3325 188 3414 ignerat,
215 3339 322 3402 statim
339 3359 502 3408 occurrere
516 3348 549 3410 in
568 3347 692 3434 legibus
720 3360 827 3422 varios
839 3369 1006 3432 coercendi
1023 3377 1136 3439 modos
1150 3397 1207 3463 pro
1223 3389 1356 3454 varieta-

66 3447 91 3498 te
104 3445 285 3540 speeierum,
312 3451 374 3512 sub
389 3453 508 3534 quillus
532 3459 669 3525 crimina
684 3469 897 3556 contineutuu
924 3476 1007 3542 itenl
1017 3481 1171 3567 disputari
1188 3511 1289 3575 posse,
1310 3520 1353 3568 eu

65 3553 294 3633 exasperandae
317 3557 381 3621 sint
407 3579 536 3644 poenae,
565 3568 617 3630 ubi
643 3591 719 3634 reus
741 3580 773 3640 in
789 3580 903 3647 eadem
928 3587 1072 3654 criminis
1098 3599 1354 3678 speciccrimina

64 3657 319 3745 multiplicaverit,
344 3680 375 3732 et
389 3670 535 3738 habitam
561 3677 708 3747 habuerit
724 3675 950 3772 delurqnemllt
992 3701 1172 3775 Incidimus
1194 3714 1228 3778 in
1244 3715 1351 3804 dispu-

64 3767 186 3834 tationes
211 3773 484 3862 scholasticormn,
513 3789 637 3866 quoties
663 3793 882 3878 disceptamus
908 3803 948 3866 de
975 3809 1131 3880 tradenda
1156 3822 1276 3904 regula,
1305 3829 1386 3910 ad·

63 3883 341 3966 quamexigantur
365 3887 511 3956 diversae
527 3900 648 3980 species
672 3901 870 3988 delictorum,
897 3923 928 3976 et
954 3920 1136 4004 criminum.
1179 3931 1244 3995 Alii
1260 3937 1349 4000 errim

62 4005 98 4049 ex
111 3989 286 4060 diversitate
301 4005 470 4086 praecepti,
494 4007 656 4076 diversam
673 4033 875 4097 peccatorum
901 4031 1042 4109 speciem
1062 4042 1271 4129 consumme
1288 4048 1345 4113 alii

60 4113 98 4157 ex
111 4099 229 4169 diuersa
244 4110 350 4191 specie
365 4113 486 4196 objecti,
513 4117 545 4180 iu
561 4121 646 4201 quod
664 4125 775 4190 tendat
798 4147 977 4221 peecatum
1005 4143 1058 4208 alii
1074 4165 1114 4210 ea
1136 4149 1263 4218 diversa
1277 4179 1348 4241 spe-

61 4207 103 4270 cio
124 4213 253 4298 virtutis,
280 4222 334 4283 cui
359 4235 528 4306 peccatum
553 4236 733 4315 opponitur.
777 4241 832 4308 Ex
849 4245 1033 4318 diversitate
1060 4267 1217 4348 praecepti
1246 4271 1345 4340 videri

59 4333 115 4383 nin
129 4337 226 4406 potest
240 4331 318 4394 satis
334 4334 401 4396 erui
416 4335 577 4404 distinctio
593 4347 743 4426 specifica
758 4367 974 4443 peccatorum
1000 4383 1040 4428 nc
1055 4367 1132 4434 sorte
1148 4375 1221 4456 quis
1238 4380 1341 4448 rlicera

61 4441 186 4516 cogatur,
202 4437 235 4500 in
250 4438 423 4506 homicidio
446 4445 588 4512 admisso
604 4452 758 4536 triplicem
774 4472 895 4544 peccati
919 4474 1057 4554 speciem
1073 4489 1235 4569 cottonem,
1252 4507 1342 4573 prop-

58 4539 129 4601 terca
143 4543 227 4626 quod
251 4546 367 4631 triplici
384 4551 452 4636 lege
475 4553 688 4628 homicidium
710 4565 893 4656 damnatur,
920 4589 1068 4668 naturali,
1095 4591 1215 4680 divina,
1232 4613 1263 4665 et
1278 4601 1337 4666 ltu·
