3216 4988
625 409 633 420 ¹
662 381 708 464 ne
737 417 875 463 neuere.
1355 393 1416 456 261

114 547 280 630 atquibus
296 563 392 638 nemo
406 541 609 624 experiretur,
633 541 694 604 nisi
710 539 884 622 pandendo
897 547 1020 603 secreta
1035 537 1160 612 domus,
1183 544 1216 598 et
1231 533 1273 598 rei
1293 533 1421 598 uuiver-

114 681 170 724 sae
186 658 366 734 familiaris,
393 654 611 718 inhumanum
627 649 692 710 alia
717 667 758 709 ex
776 659 863 728 parte
879 645 1039 709 videretur
1053 657 1164 706 contre
1186 643 1362 706 debitorem
1377 661 1420 706 ex

115 767 259 832 versutia
284 762 446 826 creditoris
463 760 504 836 id,
531 758 616 840 quod
633 758 772 834 interest,
799 755 880 844 adeo
896 754 959 816 late
984 751 1124 830 extendi,
1142 763 1177 814 ut
1201 753 1357 816 miserum
1385 751 1419 814 in

114 873 253 936 modurn
269 869 391 932 debitor
406 868 590 930 obrueretur
604 885 645 926 ex
661 865 731 926 sola
745 863 940 946 allegatione
955 859 1127 940 creditoris,
1142 859 1422 942 quemadmodum

114 977 236 1042 deduci
252 977 354 1057 potest
368 994 409 1036 ox
426 973 445 1035 l.
462 992 517 1035 un.
532 973 602 1040 cod.
619 972 659 1034 de
675 972 842 1034 sententiis
857 990 942 1052 quae
957 989 1013 1050 pro
1028 989 1066 1032 eo
1081 967 1167 1050 quod
1183 969 1324 1048 interest.
1347 969 1421 1035 Non

111 1085 281 1149 salubrius
298 1083 435 1164 profecto
461 1082 631 1144 consilium
649 1084 680 1142 in
698 1081 749 1142 bis
767 1099 871 1142 rerum
887 1080 1109 1145 humanarum
1133 1079 1294 1164 adjunctis
1308 1099 1423 1160 capere

110 1193 223 1257 decuit
250 1189 515 1271 prudentissimos
541 1187 795 1271 Legurnlatores,
821 1207 922 1268 qoam
950 1198 984 1252 ut
1009 1197 1096 1258 certa
1119 1205 1231 1250 annua
1253 1191 1422 1270 quantitas

110 1301 177 1364 sub
194 1317 311 1362 usurae
338 1299 501 1378 legitimae
516 1297 646 1358 nomine
672 1293 869 1374 definiretur,
896 1294 939 1356 ad
955 1294 996 1374 id,
1012 1289 1099 1374 quod
1113 1294 1253 1376 interest,
1277 1296 1422 1360 determi-

110 1407 251 1484 uadum,
267 1406 361 1486 quasi
378 1403 592 1482 tantumdem,
608 1422 669 1466 nec
684 1403 835 1484 amplius,
852 1404 1005 1466 interesse
1019 1403 1183 1478 creditoris
1199 1405 1425 1486 utplurimum

109 1525 381 1597 praesumeretur.
428 1512 651 1592 Aequissimas
666 1510 776 1592 legum
790 1509 976 1572 sanctiones
991 1511 1083 1592 sequi
1098 1510 1280 1574 debuerunt
1302 1511 1425 1594 publici

111 1621 339 1700 Magistratus,
360 1619 577 1680 conscientiae
591 1617 784 1682 creditorum
800 1617 1028 1700 relinquentes,
1056 1628 1100 1698 ut,
1117 1621 1145 1682 sl
1160 1638 1270 1682 revera
1287 1621 1365 1684 uihil
1381 1623 1425 1702 lp

111 1749 225 1792 sorum
243 1729 416 1806 interesset,
443 1729 617 1808 apetendo
632 1729 774 1794 indebito
788 1729 993 1808 abstinerent,
1019 1729 1299 1810 quemadmodum
1316 1752 1425 1796 resera

110 1839 276 1900 abstinere
287 1839 452 1920 jusserunt
467 1855 529 1912 eoS,
546 1837 602 1916 qui
619 1854 734 1898 ttsuras
750 1837 954 1917 perlongum
971 1848 1100 1919 tempus
1111 1859 1175 1904 non
1193 1840 1347 1921 petentes,
1361 1841 1424 1904 fac
1506 1877 1512 1884 ·

111 1958 145 2006 to
163 1944 248 2006 nibil
272 1964 332 2008 sua
347 1945 499 2006 iuteresse
526 1941 838 2020 demonstraverunt,
866 1942 886 2004 l.
905 1945 953 2006 17.
971 1947 993 2012 l,
1011 1944 1039 2006 1.
1055 1943 1088 2006 ff.
1116 1945 1157 2008 de
1173 1947 1289 2012 usuris.
1334 1947 1424 2008 Haec

109 2056 340 2116 Rornanorum
368 2047 476 2132 legum
504 2050 721 2130 interpretatio
747 2050 891 2132 primum
917 2069 959 2120 ex
986 2070 1024 2112 eo
1053 2051 1246 2132 probabilior
1273 2051 1424 2128 redditur,

110 2156 215 2238 quod,
243 2156 289 2218 uti
303 2167 528 2237 praenotatum
544 2168 601 2234 est,
628 2157 663 2220 in
677 2158 895 2220 contractibus
911 2159 1015 2225 bonite
1038 2157 1164 2225 facilius
1180 2178 1281 2244 quarn
1302 2160 1338 2222 iu
1352 2179 1426 2222 con-

110 2265 273 2328 tractibus
288 2266 388 2326 stricti
398 2267 488 2347 juris,
507 2267 612 2352 usuris
628 2265 719 2328 locus
733 2266 970 2346 concederetur,
995 2268 1086 2350 quod
1101 2268 1249 2334 videlicet
1265 2271 1297 2356 in
1315 2273 1426 2352 prioris

110 2373 243 2454 generis
269 2373 486 2436 contractibus
509 2371 710 2454 frequentius
737 2375 889 2439 iuteresse
905 2376 1006 2444 soleat
1027 2375 1201 2454 creditoris,
1226 2397 1291 2442 non
1307 2373 1425 2444 'differri

109 2482 321 2562 solutionem5
349 2480 491 2542 secundo
506 2501 547 2544 ex
563 2499 608 2560 ee,
635 2480 724 2562 quod
738 2481 836 2547 modo
860 2483 1073 2548 centesimam
1092 2501 1233 2564 usuram,
1257 2501 1342 2564 quae
1357 2495 1426 2548 erat

108 2591 265 2654 omnium
280 2589 434 2666 maxima,
450 2587 546 2676 modo
561 2590 755 2654 centesimae
772 2609 890 2658 usurae
905 2591 1063 2668 trientem,
1084 2590 1182 2657 modo
1197 2593 1424 2674 quincuncem,

94 2700 216 2770 ¹inodo
230 2697 396 2762 semissem
423 2698 560 2778 singulis
576 2697 743 2779 mensibus
758 2698 842 2762 solvi
858 2699 1011 2780 potuisse,
1038 2699 1091 2764 vel
1107 2697 1258 2764 debuisse
1273 2701 1424 2781 sciamus

108 2810 204 2892 qued
221 2828 286 2870 non
312 2807 378 2870 alia
403 2805 443 2868 de
458 2825 558 2866 causa
585 2805 683 2869 variis
710 2805 1182 2870 vicissitudinibusobnoxium
1209 2825 1281 2872 esse
1307 2805 1424 2883 decuit,

107 2919 178 2982 nisi
195 2915 283 2996 quod
309 2915 417 2977 variae
433 2925 540 2974 esseut
556 2923 746 2996 temporum,
762 2922 794 2984 et
808 2912 1075 2986 commerciorum
1092 2913 1200 2990 vices,
1215 2913 1312 2974 itaut
1328 2910 1423 2974 modo

105 3027 233 3108 magis,
261 3022 356 3086 modo
371 3024 480 3084 minus
495 3022 647 3084 interesse
674 3021 813 3104 potuerit
826 3019 1028 3102 creditorum,
1056 3031 1185 3100 sortem
1199 3020 1260 3082 sibi
1282 3019 1424 3084 debitam

108 3135 283 3216 consequi.
514 3111 523 3126 ¹

157 3242 197 3304 lu
215 3250 391 3322 conspectu
407 3241 520 3302 saltem
534 3240 718 3306 divinorum
735 3235 986 3322 praeceptorum,
1002 3250 1033 3304 et
1047 3223 1198 3324 perennis
1213 3239 1347 3302 Petrum
1363 3237 1426 3300 Ec·

109 3345 237 3410 clasiae
253 3345 439 3424 traditionis,
468 3365 563 3408 uerno
578 3366 619 3408 ex
635 3349 684 3425 iis,
710 3347 766 3428 qui
783 3347 959 3415 Christiani
982 3367 1103 3412 nomeu
1119 3347 1180 3410 sibi
1201 3346 1425 3418 vindicaturus

107 3453 165 3528 sit,
184 3460 313 3511 tautum
339 3451 458 3512 audere
473 3471 566 3532 posse
579 3452 719 3534 uidetur,
750 3465 785 3518 ut
800 3457 963 3522 usurarios
978 3465 1133 3538 quaestus
1149 3473 1214 3516 uon
1232 3453 1345 3517 doceat
1360 3456 1423 3516 evi·

110 3557 244 3622 tandos.
289 3558 409 3622 ilerum
433 3561 547 3624 Graeci
574 3561 772 3629 schismatici
788 3564 930 3648 primum
955 3566 1100 3645 deerrare,
1128 3564 1356 3645 quodcumque
1376 3565 1424 3628 lu-

108 3685 209 3730 crum
224 3685 266 3726 cx
281 3685 381 3728 causa
405 3668 503 3734 etiam
521 3670 624 3732 mutui
643 3670 715 3752 jure
742 3671 861 3752 percipi
877 3689 978 3751 possa
1025 3669 1092 3732 Eos
1108 3683 1238 3732 secutus
1264 3670 1425 3735 Calvinus

110 3771 155 3834 ad
173 3790 243 3852 cap
275 3772 322 3832 18.
341 3772 525 3852 Ezeqtrielis
543 3773 679 3852 tradidit,
704 3793 746 3839 cx
761 3787 876 3842 mutuo
892 3793 1007 3839 usuras
1034 3769 1098 3854 peti
1113 3793 1216 3856 posse,
1244 3776 1424 3852 dummodo

111 3898 181 3942 nori
198 3889 315 3960 agatur
330 3879 370 3940 de
385 3875 494 3943 usulis
509 3882 700 3962 immodicis,
725 3885 841 3951 neceb
856 3885 951 3971 inope
966 3885 1144 3971 exigendis.
1189 3888 1316 3950 Clarius
1332 3887 1424 3950 Moli·

112 4008 220 4052 naeus
236 3992 270 4050 iu
287 4000 423 4054 tractatu
448 3992 487 4053 de
503 3993 611 4055 usuris
626 4005 796 4076 postquam
815 3997 997 4078 usurarium
1016 3995 1137 4070 'foenus
1153 3989 1218 4060 nou
1234 4009 1346 4060 contra
1356 4001 1422 4082 jus·

113 4098 230 4174 titiam,
248 4097 303 4160 sed
320 4109 429 4162 contra
444 4099 634 4164 charitatem
650 4105 790 4168 exerceri
805 4106 959 4185 statuerit,
980 4119 1041 4170 tres
1057 4107 1227 4173 imminum
1242 4118 1357 4170 mutuo
1372 4129 1423 4172 ae-

113 4205 305 4286 cipientium
323 4207 443 4288 gradus
459 4209 618 4292 distir·rxit;
635 4209 785 4280 videlicet
800 4231 981 4296 pauperum
995 4215 1296 4294 emendicatastipe
1313 4215 1423 4278 vireu-

112 4314 206 4389 tium,
222 4315 341 4394 quibus
358 4335 421 4380 nou
438 4327 596 4396 mutuom,
621 4319 678 4384 scd
693 4321 899 4406 eleemosyna
914 4323 1025 4390 danda
1040 4325 1093 4405 sit,
1109 4323 1335 4405 indigentium,
1352 4329 1422 4406 qui·

113 4417 178 4480 bus
193 4436 269 4482 curn
286 4419 424 4488 facultas
440 4424 481 4486 sit
494 4439 580 4490 certo
595 4439 737 4512 tempore
759 4431 955 4516 restituendi,
973 4433 1168 4514 eorrcodatur
1184 4444 1336 4500 mutuum
1352 4439 1422 4498 sine
