3276 4984
184 352 228 430 ΤΞ
541 375 782 424 nissaarauro
803 379 977 443 secunus,
1000 383 1077 428 cre.
1100 365 1159 430 111.
1270 403 1274 410 -

181 512 286 580 genus
300 496 469 582 adJuuctal
512 497 599 564 Eam
613 501 655 566 ob
676 519 744 574 rem
759 503 843 570 actio
858 503 915 571 illa
939 525 981 570 cx
995 505 1150 590 stipulatu
1164 506 1200 572 iu
1210 507 1335 594 judicio
1346 509 1433 576 adita
1448 519 1488 580 et

180 605 357 687 plurimum
382 605 468 670 datis
482 609 735 691 exceptionibus,
760 623 818 674 aut
834 611 1030 694 Praetorium,
1056 625 1114 679 aut
1128 615 1306 682 Gensorum
1321 618 1483 700 acquitate

180 715 402 795 enarrabatur,
417 735 482 780 uon
497 736 576 780 sane
590 716 678 802 quod
693 717 894 802 sponsalium
923 719 1074 806 obligatio
1083 723 1156 806 jure
1170 724 1339 794 honorario
1353 746 1484 809 genera-

180 821 252 886 liter
266 823 505 907 improbaretur,
531 825 587 888 sed
603 826 690 907 quod
705 825 878 908 Praetores,
905 829 1102 893 Censoresre
1117 839 1153 893 ut
1173 830 1351 914 plurimum
1366 851 1483 916 agnos·

180 945 296 1015 cerem,
312 935 407 998 maiis
432 935 618 1001 hominibus
632 958 672 1000 ea
697 938 849 1003 celebrari
864 941 1022 1024 conjugia,
1045 947 1164 1023 quec'a
1190 941 1309 1025 litigiis,
1325 929 1357 1005 et
1365 945 1483 1028 jurgiis

180 1039 310 1106 initium
334 1053 494 1125 caperent
511 1053 608 1126 atque
634 1043 706 1108 ideo
721 1045 845 1126 quoties
870 1046 1038 1110 commode
1053 1065 1243 1128 sponsorum
1266 1050 1393 1114 animos
1407 1069 1483 1116 con·

180 1147 288 1212 ciliare
303 1167 343 1211 ex
359 1148 530 1231 prudentia
552 1151 731 1232 nequirent,
747 1151 934 1216 auctoritato
960 1171 1021 1216 sua
1036 1171 1107 1218 eam
1123 1154 1351 1238 obligationem
1366 1157 1483 1224 effectu

179 1250 359 1320 succurere
382 1255 476 1322 facile
491 1268 681 1340 paterentur.
725 1259 812 1324 Hinc
826 1270 882 1340 est,
906 1279 990 1342 quoe
1020 1262 1182 1328 Praetores
1205 1267 1364 1332 actionem
1387 1266 1484 1332 dene-

179 1375 292 1448 garent
306 1365 344 1446 ei,
360 1367 414 1428 cui
440 1367 623 1448 quisquam,
640 1367 667 1430 si
693 1379 814 1432 certam
839 1389 974 1435 uxorem
989 1390 1053 1435 non
1068 1371 1207 1454 duceret,
1227 1379 1398 1458 pecuniam
1413 1398 1483 1462 pro-

178 1473 330 1554 misisset,
345 1494 387 1538 ne
402 1473 542 1557 eligendi
557 1475 752 1540 matrimonii
768 1475 896 1542 libertas
919 1475 1101 1560 auferretur,
1118 1479 1138 1542 l.
1154 1481 1204 1544 71.
1222 1483 1244 1548 i.
1262 1483 1290 1545 1.
1307 1482 1338 1546 ii
1354 1483 1394 1546 dc
1408 1503 1485 1548 con-

177 1583 234 1648 dit.
249 1593 281 1646 et
295 1583 478 1664 demonstr,
505 1603 642 1648 necnom
657 1584 691 1647 iu
707 1585 813 1667 specie
837 1585 916 1669 legis
933 1586 1002 1650 134.
1017 1586 1050 1650 ff.
1066 1585 1107 1650 de
1122 1589 1208 1650 verb.
1224 1587 1356 1670 obligat.
1370 1587 1485 1652 adver·

178 1713 235 1756 sus
249 1713 305 1756 eas
329 1693 552 1776 stipulationes
567 1691 696 1758 daretur
720 1697 875 1778 exceptio,
891 1715 975 1779 quae
1000 1707 1074 1760 utut
1088 1698 1122 1762 in
1146 1699 1352 1780 sponsalibus
1377 1697 1484 1762 sactae

177 1803 418 1886 quoquomodo
434 1803 572 1868 libertati
587 1804 809 1888 conjugiorum
829 1805 1083 1872 adversarentur.
1127 1809 1235 1890 Atque
1248 1827 1290 1872 ex
1306 1827 1343 1870 eo
1357 1807 1485 1874 sactum

178 1915 320 1998 conjicio,
335 1925 371 1978 ut
385 1913 546 1997 paulatim
561 1914 649 1997 apud
664 1913 831 2000 Romanos
847 1915 1011 1998 sponsalia
1025 1925 1244 1980 contracturos
1258 1917 1483 2000 stipulationes

178 2023 425 2106 negligerentur,
452 2043 491 2086 ac
505 2021 595 2088 nudo
618 2041 787 2104 consensu,
811 2022 1087 2105 quemadmodum
1116 2022 1206 2086 initio
1222 2023 1410 2104 scribebam,
1424 2021 1486 2086 illa

176 2129 234 2196 illa
258 2129 501 2210 celebrarentur,
517 2130 606 2212 quod
630 2131 751 2214 passim
766 2141 984 2215 agnoscerent,
1011 2150 1077 2196 uon
1091 2135 1245 2216 majorem
1272 2135 1306 2196 iu
1322 2134 1487 2217 proposita

177 2241 283 2326 specie
298 2244 366 2306 rim
381 2243 486 2306 inesse
511 2241 722 2328 stipulationi,
737 2263 838 2325 quam
852 2241 941 2306 nudo
966 2243 1146 2324 consensui,
1162 2245 1262 2320 immo
1275 2245 1374 2312 etiam
1389 2265 1486 2328 gene·

177 2351 285 2418 raliter
309 2349 494 2432 traderetur,
510 2352 675 2435 sponsalia
699 2351 782 2419 nihil
798 2353 919 2432 obesse,
945 2352 1123 2434 quominus
1143 2371 1263 2438 sponsa
1278 2355 1378 2421 tinius
1392 2354 1486 2423 altari

178 2457 300 2522 nubere
314 2457 444 2538 valeret,
460 2459 480 2522 l.
498 2461 526 2524 1.
542 2459 612 2524 cod.
628 2460 898 2544 desponsalibus

219 2565 272 2630 Ad
287 2567 369 2632 haec
394 2567 535 2633 Romani
554 2569 640 2653 juris
662 2569 819 2652 principia
844 2571 1000 2654 respicere
1017 2570 1077 2636 visi
1100 2569 1231 2639 fuerant
1245 2573 1356 2640 Patres
1371 2573 1487 2648 Eccle-

178 2675 307 2758 siastici,
331 2677 387 2741 ubi
402 2677 443 2742 dc
458 2679 581 2744 viribus
596 2676 692 2744 datae
707 2679 741 2744 in
767 2679 972 2762 sponsalibus
997 2679 1074 2744 fidei
1089 2681 1282 2746 arentiam
1296 2684 1489 2765 pronuntia-

177 2797 303 2851 rerunt.
348 2787 482 2853 Etenim
505 2799 690 2854 statuerunt
716 2789 882 2873 imprimis,
909 2799 946 2852 ut
959 2789 1070 2872 spousi
1085 2808 1286 2872 sponsaeque
1311 2791 1354 2856 ad
1369 2790 1487 2863 datam

178 2897 279 2972 fidem
293 2901 502 2983 implendam,
525 2902 634 2984 quoad
649 2901 719 2967 lieri
732 2911 839 2986 posset
853 2899 1091 2982 indumentum
1117 2911 1149 2964 et
1163 2903 1319 2984 quoniam
1333 2903 1485 2987 religiosa

178 3027 304 3090 semper
319 3009 431 3074 habita
452 3008 515 3076 luit
528 3010 709 3076 observatio
720 3020 897 3094 pactorum,
923 3009 1035 3093 poenis
1050 3008 1206 3082 adsersus
1220 3011 1390 3079 violatores
1406 3012 1487 3083 fidei

178 3117 361 3186 indicendis
375 3119 509 3185 minime
519 3129 737 3204 pepercerunt,
757 3119 947 3186 comminati
961 3119 1118 3185 adversus
1133 3117 1348 3188 detractantes
1362 3122 1488 3204 grauis-

179 3227 299 3292 simam
313 3247 454 3311 poenam
468 3228 821 3307 excommunicationis,
847 3245 919 3290 can.
933 3226 995 3306 47,
1009 3237 1041 3290 et
1055 3227 1105 3290 al.
1122 3245 1212 3298 raus.
1227 3227 1279 3292 27.
1303 3239 1428 3310 quaest.
1444 3227 1489 3310 2,,

178 3359 248 3424 cap.
263 3340 293 3402 2.
310 3353 342 3403 et
358 3341 397 3406 10
413 3339 453 3404 dc
468 3340 620 3424 sponsal,
643 3359 712 3422 cap.
730 3341 758 3404 1.
784 3337 825 3404 dc
840 3356 960 3422 sponsa
974 3335 1124 3404 duorum.
1167 3339 1289 3410 Verum
1304 3341 1338 3408 iu
1352 3339 1415 3407 hac
1430 3357 1486 3423 pe·

178 3469 220 3514 ne
235 3448 484 3514 comminatione
496 3450 653 3524 sistentes,
670 3449 727 3514 ubi
741 3467 876 3532 sponsos
891 3445 1103 3514 detractantes
1117 3446 1236 3528 adbuc,
1261 3457 1486 3516 contumaces·

178 3579 242 3644 que
254 3558 538 3642 deprehenderent,
552 3569 746 3642 paratosque
767 3557 875 3641 potius
890 3555 933 3620 ad
956 3553 1164 3622 subeundam
1176 3543 1488 3624 excommunicatio·

178 3669 230 3732 nis
252 3688 398 3752 poenam,
424 3687 526 3752 quam
549 3667 592 3732 ati
615 3667 802 3751 conjuginm
827 3663 1095 3744 contrahendum,
1120 3663 1163 3728 ab
1187 3661 1354 3733 inferenda
1377 3683 1483 3748 poena

178 3778 409 3844 abstinendum
437 3777 618 3857 voluerimt,
642 3775 778 3842 libertati
804 3771 1098 3842 contrahendarum
1123 3771 1345 3855 conjugiorum
1373 3769 1490 3837 lenius

178 3891 393 3974 indulgentes,
420 3909 491 3972 cap.
509 3890 557 3954 17.
582 3887 623 3952 de
637 3887 788 3970 sponsal,
813 3906 880 3968 qua
894 3887 928 3950 in
941 3905 976 3951 re
991 3883 1135 3948 maxime
1149 3883 1247 3948 enitet
1262 3881 1484 3954 Maximorum

178 3999 375 4064 Pontificum
399 3998 566 4082 sapientia,
592 3999 650 4080 qui
664 3997 742 4061 hinc
768 3995 938 4080 perfidiam
952 3995 1217 4080 improbaverunt
1241 3991 1319 4057 hinc
1333 3990 1485 4074 publicae

180 4113 320 4191 utilitati,
336 4130 420 4193 quae
434 4129 477 4174 ex
491 4111 650 4194 conjugiis
665 4129 746 4193 pene
761 4108 880 4172 coactis
895 4107 1040 4170 maxime
1054 4104 1233 4172 laederetur
1241 4102 1491 4172 consuluerunt..

179 4223 248 4285 Ista
272 4239 337 4285 non
363 4220 409 4283 ita
423 4219 596 4302 intelligas,
621 4221 717 4301 quasi
731 4218 759 4281 si
781 4215 1129 4282 excommunicationis
1153 4231 1257 4296 poene
1281 4211 1492 4290 indiceretur,

179 4331 268 4396 etad
291 4351 364 4394 caru
380 4330 585 4396 evadendam
609 4331 783 4413 quisquam
799 4317 1043 4405 matrimonium
1059 4325 1269 4404 contraheret,
1292 4324 1423 4390 nullam
1436 4342 1488 4388 ese

180 4450 239 4518 set,
254 4437 442 4522 irritumque
466 4439 666 4523 conjugium,
690 4438 793 4502 veluti
808 4449 897 4502 metu
911 4435 1040 4517 initum3
1064 4435 1184 4500 etenim
1197 4443 1305 4500 maur
1318 4434 1365 4500 ita
1378 4433 1489 4502 ineu
