3120 4980
932 197 942 224 b

187 425 229 490 66
429 448 519 493 enas
537 449 662 511 eurus,
679 419 920 502 ntsssarsrto
935 441 1109 524 secunus,
1125 465 1202 510 cre.
1219 443 1244 511 I.
1341 516 1344 522 ,

183 579 228 631 tre.
244 565 415 648 duxerunt,
440 573 628 651 posteriores
642 574 750 639 Hebes
773 577 854 640 inter
870 582 1005 664 majores
1019 583 1188 650 Abraham
1210 587 1412 656 Patriarchae
1425 611 1471 658 no

181 681 480 758 menretimrerunt,
505 681 626 762 quibus
642 682 760 747 deinde
785 705 826 764 ex
842 688 1123 774 JudaAbraharni
1148 709 1321 779 pronepote
1347 701 1471 764 Judaeo.

180 807 251 851 rum
278 807 397 854 nomen
422 795 566 855 accessit.
612 792 699 854 Cum
716 813 789 856 vero
809 786 953 860 'Hebraei
970 799 1016 863 ita
1038 800 1178 864 invicem
1200 804 1471 870 arctissimamne·

132 913 136 939 ·
178 893 406 958 cessitudinem
433 896 637 979 pepigissent,
664 913 699 964 ut
714 921 778 964 non
805 906 899 985 quasi
915 906 1063 988 popalus,
1087 909 1144 971 sed
1160 913 1253 991 quasi
1278 931 1344 975 una
1360 914 1472 978 familia
1555 893 1556 976 ff

176 1003 371 1085 vidererrtur3
388 1005 444 1068 alii
460 1007 570 1089 populi
586 1027 650 1071 uon
668 1023 733 1074 tam
749 1013 888 1093 regione,
904 1035 1005 1095 quarn
1022 1015 1196 1096 voluntate,
1214 1018 1403 1104 legibusque
1418 1023 1472 1086 dis·
1555 1071 1556 1092 ,

175 1115 251 1175 nissi
266 1113 465 1198 quicumque
493 1117 627 1182 Hebraei
645 1131 823 1202 nouerant,
851 1125 979 1200 Gentes,
1007 1143 1065 1186 seu
1081 1126 1226 1188 Gentiles
1241 1130 1398 1212 appellari
1412 1152 1474 1194 cue·
1555 1107 1556 1114 ἵ

176 1235 298 1304 perant,
314 1227 409 1305 qnasi
424 1246 466 1290 ex
492 1229 589 1289 variis
605 1229 763 1311 gentibus,
790 1241 821 1294 et
837 1231 1007 1314 multiplici
1024 1235 1198 1316 propagine
1217 1241 1380 1318 procreati,
1396 1239 1473 1322 apud

174 1333 314 1396 Graecos
329 1335 488 1414 Aethnici,
514 1337 602 1418 quod
620 1337 706 1402 idem
722 1352 825 1422 sonat3
853 1360 891 1402 ac
909 1340 1040 1404 tandem
1056 1354 1228 1424 postquam
1250 1352 1271 1409 a
1286 1346 1474 1410 Christianis
1555 1361 1556 1386 ³

131 1503 136 1518 ,
172 1441 421 1523 Irnperataribus
437 1447 499 1508 sub
525 1445 623 1510 finem
640 1449 753 1528 quarti,
771 1435 822 1509 vel
838 1449 967 1536 initium¹
989 1451 1092 1531 quinti
1117 1453 1237 1516 sacculi
1248 1455 1332 1538 jussi
1350 1456 1475 1519 suntab

173 1553 304 1617 urbibus
319 1557 460 1632 exulare,
477 1557 601 1640 Pagani
620 1560 724 1622 vocati
740 1571 825 1640 sunt,
842 1561 929 1642 quod
946 1581 1054 1643 pagos,
1080 1583 1139 1626 seu
1156 1566 1224 1626 loca
1241 1570 1382 1648 agrestia
1399 1569 1477 1632 inco·

171 1659 279 1724 latent.
313 1662 418 1724 Hodie
435 1663 726 1744 indiscriminatim,
742 1667 1019 1747 quemadmodum
1036 1669 1201 1732 Hebraeos
1216 1671 1368 1752 dicimus,
1385 1695 1474 1756 quos·
1555 1661 1556 1740 J

170 1790 311 1852 cumque
329 1773 450 1834 seimus
466 1785 559 1836 vetus
573 1773 682 1838 adhuc
699 1785 927 1838 testamentum
944 1795 1080 1856 servare,
1097 1789 1128 1840 et
1144 1779 1368 1863 Evangelium
1385 1783 1477 1844 ablro·

170 1903 259 1961 rrere,
278 1883 322 1944 ita
337 1883 518 1945 Saracenos
532 1901 696 1962 vocamus,
714 1883 872 1966 Paganos,
889 1885 1074 1963 Aethnicos,
1092 1887 1286 1966 Gentilesve,
1305 1909 1479 1970 quoscum·
1555 1879 1556 1960 ᾗ

169 2011 233 2072 que
248 1991 622 2078 Idolorumsuperstitio
637 1991 767 2070 detinet,
794 2011 852 2054 seu
869 1993 986 2074 supina
1014 1994 1129 2057 misere
1144 1997 1248 2059 obruit
1272 1999 1343 2061 veri
1361 2000 1422 2062 Dei
1440 2000 1478 2080 ig·

141 2136 143 2140 ·
168 2104 301 2182 notatio,
317 2124 398 2186 quos
409 2103 536 2189 jamdiu
564 2102 663 2165 ferme
679 2121 791 2165 omnes
817 2103 858 2164 ab
874 2121 960 2164 anuo
975 2101 1057 2178 630,
1081 2113 1139 2165 aut
1153 2106 1239 2168 circa
1260 2123 1339 2168 eum
1357 2125 1479 2170 aunum
1555 2087 1556 2098 ἵ

169 2214 268 2296 'turpia
281 2213 475 2276 Mahornetis
488 2211 631 2274 doctrina
644 2211 794 2294 pervasit,
807 2211 921 2274 Persas
933 2210 1014 2289 dico,
1028 2209 1194 2290 Tartarus,
1207 2212 1342 2288 Arabes,
1355 2214 1480 2293 Aegyp·

167 2319 236 2399 tiae,
253 2319 430 2400 Africanos,
447 2321 586 2400 Mauros,
613 2331 644 2382 et
659 2332 801 2382 caeteros
817 2339 898 2401 quos
924 2338 984 2381 neo
1000 2319 1202 2383 circumcisio
1224 2321 1384 2383 Abrahae
1401 2321 1482 2384 filros

168 2407 250 2506 lecit,
267 2447 326 2490 nac
352 2428 555 2509 baptismatis
571 2427 661 2490 undo
687 2429 816 2490 Christo
832 2427 1039 2509 regenerabit.
1084 2427 1189 2492 Nemo
1204 2427 1280 2490 inde
1308 2449 1380 2492 non
1398 2428 1483 2492 eolli-

99 2583 101 2589 .
167 2537 220 2621 git,
236 2538 381 2600 Gentiles
397 2537 561 2600 idolorum
586 2537 865 2618 superstitionibus
881 2537 1066 2614 servientes,
1090 2547 1242 2618 perpetuo
1258 2535 1366 2600 fuisse
1384 2539 1484 2600 detes-

165 2647 280 2710 tabiles
306 2647 393 2729 apud
411 2648 528 2725 Deum,
555 2647 697 2710 ludaeos
724 2655 834 2708 antem
862 2645 1033 2726 usquead
1060 2645 1180 2707 Christi
1207 2643 1399 2716 adventum
1417 2647 1486 2708 Deo

76 2747 83 2766 ⁴
167 2766 282 2837 gratos,
299 2769 397 2836 atque
421 2753 563 2832 delictas,
580 2763 650 2814 tum
676 2751 816 2834 primum
844 2769 919 2813 vero
945 2751 1181 2814 abominabiles
1210 2751 1324 2830 factos,
1351 2751 1487 2836 quando

168 2863 287 2927 Christi
304 2864 482 2928 Servatoris
499 2873 677 2944 praecepta,
695 2861 728 2922 in
744 2861 862 2940 quibus
876 2859 1002 2941 figurae
1017 2871 1140 2923 veteres
1155 2860 1425 2942 complebantur,
1444 2880 1488 2922 re·

166 2976 270 3056 cipere
286 2963 559 3036 detrectaverunt.¹
578 2969 746 3050 Siquidem
763 2975 781 3032 a
799 2969 916 3032 Christi
933 2968 1112 3032 servatoris
1128 2955 1272 3028 adventu
1286 2986 1361 3030 una
1378 2967 1487 3029 Chris-

169 3085 257 3146 tiana
274 3082 509 3164 religio-veram
536 3099 662 3160 semper
677 3078 799 3154 habuit,
826 3085 858 3138 et
872 3095 1063 3158 germanam
1091 3075 1190 3138 fidem
1210 3075 1355 3138 Judaeis
1374 3094 1489 3156 aeque,

168 3209 205 3252 ac
221 3191 380 3252 universis
395 3187 545 3269 gentibus
568 3183 832 3266 praedicandam,¹
845 3183 932 3264 quod
948 3181 1060 3243 divina
1075 3199 1154 3243 sane
1176 3181 1409 3244 illustratione
1425 3199 1490 3264 per-

166 3295 279 3360 fecturi
294 3296 448 3378 Apostoli,
474 3295 588 3357 Petrus
605 3291 799 3374 praesertim,
826 3311 864 3354 ac
880 3291 1004 3352 Paulus
1031 3300 1062 3350 et
1077 3291 1207 3368 Gentesr,
1234 3301 1265 3350 et
1281 3291 1442 3354 ludaeos
1458 3291 1488 3350 in

169 3403 287 3466 Christi
305 3401 369 3464 fide
384 3397 577 3463 erudiendos
592 3400 710 3461 tributo
725 3397 948 3480 evagelizandi
971 3397 1076 3460 officio
1092 3409 1316 3478 susceperunt,
1338 3402 1392 3462 uti
1409 3391 1491 3462 Pau-

171 3515 220 3575 lus
237 3513 322 3576 idem
337 3523 473 3574 testatur
499 3512 532 3573 in
548 3510 682 3594 epistola
698 3509 737 3570 ad
755 3510 899 3587 Galatas,
925 3530 996 3592 cap.
1012 3511 1052 3588 2.,
1068 3527 1133 3572 nou
1148 3508 1281 3590 quidem
1308 3521 1353 3573 ut
1371 3512 1492 3572 invitos

169 3634 317 3706 cogerent
332 3621 373 3685 ad
400 3621 642 3703 suscipiendum
659 3614 859 3701 baptismatis
875 3619 1132 3696 Sacramentum,
1154 3627 1185 3678 et
1201 3635 1330 3680 nomen
1358 3621 1493 3682 Christo

170 3734 325 3812 dandum,
352 3732 408 3796 sed
426 3743 460 3797 ut
485 3729 634 3812 exeruplo
660 3729 906 3812 praedicatione,
933 3746 971 3792 ac
998 3729 1129 3790 monitis
1145 3728 1341 3810 invitarent,
1371 3729 1493 3814 capQ.

169 3841 209 3904 de
225 3839 368 3904 ludaeis.
677 3829 681 3838 '

211 3949 389 4030 Praecipua
404 3948 486 4009 haec
499 3965 625 4030 semper
639 3945 700 4008 suit
715 3943 1004 4007 ecclesiasticorum
1019 3941 1210 4004 Antistituur
1230 3959 1328 4020 cura,
1349 3965 1394 4009 ac
1412 3945 1498 4009 solti-

168 4057 288 4134 c'itudo,
303 4075 369 4136 qua
395 4053 492 4133 fieret,
510 4065 545 4117 ut
559 4053 679 4116 Christi
705 4053 785 4116 fides
811 4071 911 4140 quam
936 4051 1092 4112 latissime
1117 4049 1371 4134 extenderetur,
1398 4059 1495 4139 juxta

123 4229 127 4238 ,
168 4163 406 4248 Evangelicurn
433 4161 513 4225 illud
529 4139 734 4224 mandatum:
760 4160 809 4224 Ite
824 4164 860 4224 in
874 4163 1068 4224 universum
1082 4161 1254 4239 mutuum,
1280 4169 1499 4246 praedicate

167 4275 401 4358 ‘Evangeliam
415 4276 504 4340 omni
519 4283 697 4338 creaturae.
742 4272 820 4337 Dixi
834 4271 1125 4337 ecclesiasticorum
1147 4271 1368 4358 Antisttturn,
1384 4279 1497 4343 exclu-

170 4382 321 4446 derentur
335 4385 377 4447 ab
390 4383 453 4446 hoc
477 4381 582 4446 officio
596 4393 654 4445 aut
679 4381 794 4446 Clerici
811 4380 980 4460 tutatores,
1006 4391 1065 4444 aut
1080 4381 1198 4464 potiore
1207 4381 1282 4466 jure
1310 4385 1412 4470 laici,
1438 4391 1499 4452 nisi

78 4497 98 4519 f
168 4501 287 4573 agatur
301 4489 340 4554 de
356 4490 489 4558 Clericis
504 4491 577 4572 illis,
598 4491 654 4575 qut
671 4489 851 4574 legitimum
866 4490 1059 4555 Antistitum
1080 4489 1277 4556 mandatum
1293 4492 1504 4567 habuerint.
