3184 4984
226 403 289 469 366
556 425 799 474 nissanrnrro
821 409 1199 494 semimasculum.

221 531 307 614 Hinc
322 549 401 613 sorte
416 529 530 632 evenit,
548 559 591 632 ut,
608 551 761 634 quoniam
776 569 859 616 uxor
874 554 906 618 in
922 573 1058 620 manum
1078 559 1140 622 viri
1155 559 1328 624 conventre
1348 561 1514 644 dtobbattm
1579 571 1580 634 J

219 665 251 720 et
266 652 308 718 ad
323 655 383 720 viri
398 656 555 722 familiam
571 659 734 742 pertinere,
751 661 779 723 si
794 659 872 724 forte
887 663 1056 728 abeodem
1070 665 1140 728 viro
1151 664 1374 750 dimitteretur,
1393 688 1517 754 praeso-

219 777 358 832 meretur
372 786 439 830 non
464 767 526 830 nisi
542 787 582 831 ex
598 787 736 852 magna·
753 781 785 832 et
800 771 1105 860 gravissimacausa
1122 775 1249 854 dimitti,
1274 777 1353 858 qttin
1368 777 1514 862 deeajtt
1579 757 1580 792 ³

218 873 302 937 dicio
317 875 446 956 publico
462 887 672 957 quaereretur.
716 875 759 938 At
774 877 888 958 primis
900 877 1069 940 Ecclesiae
1091 880 1392 946 saeculisnondum
1409 882 1515 947 defini-

218 998 251 1052 ta
265 974 411 1070 quaestio
426 997 500 1067 erat,
524 1008 567 1050 an
583 985 652 1050 nlla
667 1007 812 1070 unquam
839 989 971 1078 'proponi
998 1005 1098 1054 causa
1113 993 1225 1073 possit,-
1242 1011 1315 1073 qua
1333 995 1513 1076 eonjugium
1579 969 1580 988 Χ

216 1095 391 1177 dirimatur,
407 1117 482 1160 cnm
498 1095 538 1158 de
550 1083 747 1179 quiliusdam
764 1095 1095 1179 gravissimiseansis,
1120 1115 1159 1159 ac
1175 1094 1356 1180 specialiter
1374 1098 1416 1160 de
1430 1097 1513 1162 adul·

216 1204 301 1282 tario,
318 1203 519 1286 disputatum
545 1203 642 1267 etlam
658 1203 744 1286 apud
770 1203 1002 1267 ecclesiasticos
1029 1205 1142 1268 Patres
1161 1205 1342 1288 aliqutmdo
1363 1207 1510 1284 suemus,
1551 1234 1554 1242 ·
1579 1249 1580 1300 p

216 1307 491 1392 quemadmodum
509 1309 570 1374 fuit
593 1313 737 1394 superius
753 1313 1000 1376 observandum.
1047 1313 1180 1382 Quibus
1201 1323 1286 1376 recte
1298 1299 1511 1392 consideratis,

216 1417 421 1480 excusandos
436 1403 550 1481 'saltem
576 1429 653 1500 puto
668 1427 791 1480 veteres
816 1417 1158 1500 illos·Le'gumlatores‚·
1182 1419 1240 1500 qtti
1254 1435 1322 1480 nott
1345 1437 1404 1482 eas
1418 1418 1458 1482 de
1471 1437 1512 1482 re·
1579 1429 1580 1484 l

214 1527 320 1610 podiis
336 1529 468 1593 omnino
483 1529 648 1593 abolendis
664 1523 751 1612 leges
767 1521 953 1609 sanxerunt,
977 1547 1061 1612 qnae
1076 1529 1510 1614 recentioribus-temporibus

213 1634 322 1720 palem
338 1635 397 1716 edi,
415 1655 453 1700 ae
468 1639 599 1721 proponi
616 1638 817 1702 commodius
833 1645 1013 1726 potnerunt}
1052 1657 1059 1664 ·

711 2039 956 2112 nuenario
968 2040 1013 2106 ll.

657 2250 721 2316 Da·
734 2253 887 2322 semida
913 2252 1064 2340 Nuptiis.

315 2491 319 2500 ·
422 2479 497 2544 Huc
521 2477 710 2544 referendus
733 2487 784 2544 oet
806 2476 921 2542 titulus
945 2478 996 2544 at.
1023 2477 1093 2544 libr.
1118 2478 1159 2558 4.,
1178 2428 1294 2564 juncto
1356 2435 1361 2446 Ι

548 2609 550 2614 ’
579 2585 744 2650 titulodl.
767 2587 834 2650 libr.
860 2589 887 2650 1„
911 2585 1142 2665 [decretalium¹

205 2708 418 2952 NOMINE
445 2842 662 2928 secundarum
678 2859 864 2946 nuptiarum
879 2859 1002 2944 proprie
1025 2845 1092 2923 ¹non
1108 2858 1162 2923 hio
1178 2881 1233 2924 cas
1249 2844 1408 2946 intelligo,
1423 2859 1500 2947 q't'lae
1579 2833 1580 2882 t

203 2972 445 3052 contrahuntur,
469 2955 644 3054 postquam
659 2960 859 3032 declaratum
885 2980 942 3048 est,
968 2969 1070 3052 primo
1086 2980 1266 3066 contractas
1293 2989 1357 3034 non
1387 2973 1499 3050 valere

202 3084 281 3153 istae
296 3082 383 3144 cuim
399 3079 472 3172 lieet
486 3077 570 3142 lacto
592 3077 754 3176 secundae
770 3077 951 3140 dicantur'
920 3097 1009 3162 ,Jure
1025 3079 1134 3140 tumen¹
1158 3087 1233 3140 sunt
1250 3077 1384 3160 primae:
1402 3079 1501 3162 neq'ue

201 3193 254 3275 liic
269 3191 413 3276 intelligo
427 3165 508 3270 illas,
535 3210 619 3274 quae
635 3189 790 3278 prioribus
806 3189 913 3254 adliuc
930 3187 1178 3251 consistentibus
1199 3209 1367 3272 perperam
1383 3184 1500 3256 contia-

199 3304 330 3387 httntur5
358 3304 439 3368 istae
464 3303 550 3366 enlm
577 3301 724 3366 adulterii
748 3301 881 3384 prr-im,
889 3321 987 3384 quam
1015 3303 1199 3382 nuptiarum
1227 3301 1358 3365 nomine
1386 3303 1498 3388 dignae

199 3425 285 3494 suut,
300 3413 440 3499 etiamsi
456 3423 541 3486 tune¹
556 3412 653 3478 initae
667 3399 1041 3496 proponantur,‘quando
1057 3409 1230 3474 divortium
1254 3401 1498 3496 inler'conjuges

198 3528 301 3613 primo
314 3529 503 3612 conjunctos
525 3525 722 3612 vcelebratum
738 3522 840 3586 fuerit.
858 3501 861 3508 “
884 3521 961 3585 lllas
977 3521 1082 3604 potius
1099 3521 1252 3606 intelligo,
1278 3541 1364 3604 quae
1380 3535 1497 3586 contra·

197 3638 322 3706 bruttnr
336 3644 358 3704 a
370 3639 507 3722 conjuge
521 3629 593 3720 post
608 3645 742 3698 mortem
757 3633 911 3716 conjugis,
939 3631 990 3696 vel
1007 3631 1135 3695 vivente
1151 3631 1281 3716 quidem
1299 3629 1412 3697 adhue
1427 3653 1496 3697 eon-

191 3751 278 3834 juge,
294 3747 351 3812 sed
376 3744 580 3820 matrimonio
594 3743 690 3806 etiam
716 3740 824 3824 quoad
840 3739 1007 3803 vinculum
1034 3739 1090 3801 rito
1107 3735 1273 3818 dissoluto,
1300 3737 1332 3801 in
1350 3737 1392 3801 iis
1407 3737 1495 3801 nimi·

195 3877 268 3926 rum
284 3857 459 3941 speciebus
485 3873 567 3936 quas
583 3853 730 3934 superins
755 3847 988 3932 expendebam.
1032 3847 1118 3910 Sane
1133 3863 1208 3905 cum
1225 3843 1265 3905 de
1281 3838 1403 3906 talibus
1418 3860 1494 3924 nup

195 3969 246 4034 tiis
262 3968 398 4050 agimus
421 3963 514 4032 nulla
540 3957 697 4024 dubitatio
712 3969 767 4038 est,
793 3958 873 4040 quin
900 3954 1019 4032 divina,
1046 3962 1078 4015 ot
1100 3950 1316 4014 ecclesiastica
1342 3947 1492 4034 legenon

183 4077 395 4153 damnentur,
421 4091 497 4138 oum
515 4070 587 4134 vel
579 4090 647 4154 ipse
672 4065 845 4151 Apostolus
861 4061 985 4128 Paulus
1012 4059 1043 4122 id
1060 4078 1209 4142 expresse
1235 4057 1468 4120 declaraverit
1460 4075 1491 4119 tn

192 4185 282 4277 epist.
300 4187 326 4248 l
342 4183 384 4264 ad
410 4179 552 4246 Corinth.
569 4197 639 4260 cap.
655 4179 683 4241 7.
729 4177 899 4238 Caeterum
915 4171 1054 4254 plurima
1079 4176 1155 4231 sunt
1171 4165 1259 4249 apud
1285 4175 1411 4228 veteres
1431 4163 1490 4228 Ec-

192 4296 310 4360 elesiae
325 4294 436 4358 Patres
450 4296 670 4366 monumenta,
686 4284 805 4368 quibus
820 4279 932 4344 fideles
947 4283 966 4344 a
982 4277 1133 4340 secundis
1152 4275 1274 4357 nuptiis
1288 4274 1398 4353 arceri,
1414 4289 1490 4354 qna·

191 4407 219 4472 ai
233 4411 255 4470 d
267 4401 391 4486 flagitio
416 4397 557 4482 quodam
566 4396 729 4482 jubentur.
775 4391 847 4458 Non
863 4389 949 4452 enirn
965 4389 1084 4469 ignore,
1111 4373 1206 4448 modo
1220 4383 1368 4464 bigamos
1391 4379 1487 4444 sitisse

190 4508 402 4598 poenitentiae
416 4503 565 4590 publicae
579 4501 732 4584 addictos,
758 4499 854 4564 modo
869 4503 889 4563 t
905 4495 1003 4561 sacris
1019 4491 1195 4559 Ordinibus
1209 4490 1383 4573 exclusos„
1392 4487 1485 4596 modo
