3216 4988
251 479 298 525 na
315 473 484 524 crearem
500 475 643 524 couruu
666 475 906 521 urscrrnrurn
924 471 1260 520 nnnruousrvrraus.
1349 449 1416 514 233

100 613 133 664 ta
149 599 223 664 dist
238 600 289 664 86.
317 599 360 663 de
371 581 488 664 eidem
503 599 715 664 venationum
730 597 835 680 specie
861 594 1091 677 intelligamus,
1107 591 1239 675 quando
1260 589 1346 672 apud
1366 590 1416 672 ip·
1492 575 1496 586 ⁸

102 725 156 769 sos
173 706 320 789 legimus,
346 723 412 768 uon
427 707 490 768 nisi
516 723 572 789 per
596 705 763 788 quoddam
788 705 896 768 scelus
923 703 1150 782 venationibus
1175 719 1306 784 operam
1325 697 1412 762 thri?

102 819 257 882 Oenones
272 819 302 882 8.
316 817 356 897 9.,
371 827 404 879 et
420 817 478 896 lll,
493 817 551 899 qui
566 823 642 880 suut
657 817 691 880 S.
707 816 894 898 Augustini,
910 816 955 877 ita
970 813 1115 898 concepti
1132 825 1217 892 suut,
1235 823 1271 875 nt
1286 831 1351 876 non
1367 813 1413 875 ni-

101 929 130 988 si
145 925 189 988 de
204 925 267 988 hae
282 926 502 1002 venationum,
517 933 549 987 ot
563 935 756 988 venatorum
782 923 889 1006 specie
904 921 1040 1006 intelligi
1057 925 1189 1005 possint.
1233 923 1272 985 ln
1287 939 1416 986 canone

101 1037 130 1100 8.
149 1035 183 1113 ii,
198 1035 255 1116 qui
270 1033 484 1096 venatoribus
493 1031 623 1111 donant,
647 1031 897 1114 aequiparantur
911 1033 959 1110 iis,
976 1033 1032 1114 qui
1049 1031 1172 1096 donant
1194 1029 1416 1108 histrionibus,

100 1139 261 1204 dicuntur
284 1139 381 1202 etiam
397 1157 507 1202 amare
522 1139 556 1201 in
580 1137 786 1201 venatoribus
810 1135 900 1216 illud,
927 1138 1041 1219 inquo
1065 1137 1255 1220 nequissimi
1271 1148 1357 1220 suun
1378 1134 1412 1198 e't

100 1245 237 1308 venatio
251 1246 323 1327 ipsa
337 1245 455 1308 dicitur
469 1245 614 1327 nequitia
629 1245 759 1328 publica
781 1245 928 1328 exposita
942 1244 1047 1308 oculis
1061 1245 1218 1310 omnium.
1264 1246 1303 1308 lu
1319 1263 1415 1308 cano

100 1377 144 1423 ne
159 1358 191 1422 9.
208 1357 326 1420 dicitur
340 1357 469 1418 venatio
485 1375 539 1420 ars
555 1355 764 1438 nequissime,
780 1357 873 1440 cujus
887 1375 988 1422 causa
1004 1373 1067 1420 non
1080 1357 1151 1439 jure
1167 1355 1251 1420 fiunt
1269 1355 1418 1436 donatio·

101 1485 174 1548 nes;
190 1475 225 1528 et
239 1467 272 1529 in
286 1481 412 1528 canone
429 1465 479 1528 10.
494 1465 715 1548 improbantur
730 1463 760 1543 ii,
776 1463 833 1546 qul
849 1461 1051 1527 delectantur
1076 1465 1108 1526 iu
1124 1473 1300 1548 conspectu
1316 1484 1412 1527 vena-

100 1587 224 1638 torum.
246 1571 340 1644 Quid
355 1571 445 1637 aliud
461 1573 522 1635 ista
537 1571 732 1656 sigtrilioaut,
748 1587 849 1652 quam
866 1570 1031 1654 publicam
1050 1571 1237 1635 venantium
1254 1569 1415 1653 pugnaml

100 1683 223 1748 Canon
249 1681 292 1745 ll.
308 1682 341 1745 S.
367 1679 568 1763 Hieronymo
591 1681 730 1744 tributus
755 1679 948 1761 Hieronymi
973 1698 1038 1744 non
1054 1689 1109 1759 est,
1137 1677 1416 1763 quemadmodum

99 1789 329 1855 demonstravi
352 1789 385 1852 in
412 1787 505 1854 meis
520 1787 798 1854 lucubrationibus
817 1787 851 1850 iu
877 1765 1023 1852 codicem
1047 1789 1269 1867 Gratianaum,
1296 1782 1415 1851 etenir'n

99 1895 341 1976 commentaria
365 1895 400 1958 in
414 1893 573 1974 Psalmos,
599 1913 642 1959 ex
657 1895 776 1977 quibus
791 1913 898 1959 canon
914 1895 969 1958 ille
984 1895 1192 1978 depromptus
1207 1909 1264 1973 est,
1292 1907 1418 1959 scatent

99 2007 253 2092 undique
268 2005 455 2084 solecismis,
472 2005 558 2089 stylo
572 2003 721 2086 demisso,
736 2015 769 2066 et
783 2004 901 2068 humili
915 2005 1098 2088 conscripta
1113 1991 1278 2088 adparent,
1298 2005 1417 2088 allego·

100 2117 180 2180 ricis
194 2115 318 2198 figuris,
346 2131 443 2197 saepe
465 2115 563 2177 etiam
590 2131 706 2197 parum
729 2113 814 2198 aptit
828 2113 1030 2195 adumbrata,
1045 2133 1129 2197 quae
1150 2133 1229 2178 saue
1245 2115 1416 2198 praesefer-

98 2239 135 2284 re
151 2237 224 2283 non
247 2229 384 2302 possim
409 2219 601 2303 Hieronymi
615 2239 760 2286 manum.
806 2222 1010 2304 Otrieumquo
1026 2233 1137 2287 arrtem
1162 2241 1268 2287 canon
1290 2223 1345 2286 illo
1361 2225 1412 2287 tri-

98 2327 229 2391 buatur
242 2325 374 2406 auctori,
390 2325 520 2392 nullum
537 2325 673 2390 lecemot
688 2329 863 2410 negotium,
880 2329 1006 2410 quoties
1021 2328 1204 2410 ard-integra
1223 2329 1417 2411 autographi

97 2419 308 2515 exemplaria
330 2433 489 2516 exigatur.
530 2433 700 2516 ‚Siquidem
716 2447 829 2500 auctor
854 2435 917 2500 snb
932 2435 1131 2518 Hieronymi·
1149 2437 1281 2500 nomine
1296 2455 1416 2519 expeu-

97 2547 188 2610 dens
206 2546 303 2610 verbe
317 2541 441 2608 Psalmi
456 2545 506 2608 90.
542 2543 619 2628 Ipse
633 2543 785 2612 liberabit
798 2569 850 2612 me
863 2548 904 2612 de
928 2549 1043 2634 loqneo
1058 2541 1259 2627 venantium,
1280 2550 1325 2611 itu
1340 2550 1416 2612 scri·

100 2653 161 2715 hit:
179 2649 288 2714 Mutet
312 2660 575 2715 camoenarum
599 2654 637 2716 in
651 2655 715 2718 isto
728 2658 861 2735 utenda
889 2657 1114 2741 putianitnum
1129 2665 1279 2720 nostrum
1299 2637 1417 2722 venuti

97 2768 279 2836 conaretur.
314 2759 466 2844 Denique
475 2755 647 2825 ‘Nauaron
670 2764 727 2827 ille
738 2765 849 2847 gigas
863 2783 1013 2848 magnus
1034 2767 1071 2828 in
1086 2773 1258 2849 cartapeotn
1282 2765 1350 2828 Dei
1367 2765 1416 2830 ta-

97 2869 345 2950 unterfutter
360 2869 610 2934 Etottnenotor
624 2881 704 2949 erat,
721 2875 880 2955 qnoniam
892 2882 1041 2956 peccator
1056 2883 1141 2962 eron·
1158 2881 1189 2938 et
1200 2873 1337 2958 peritate
1350 2895 1417 2937 non
1506 2877 1509 2880 ’

98 2981 301 3048 monimus
315 2983 352 3045 in
376 2981 565 3065 Scripturis
589 2986 717 3046 sunnis
740 2983 904 3048 &uotum
926 2985 1074 3069 aliquem
1096 2993 1290 3064 venatorem,
1308 2985 1416 3069 pisca·

97 3101 195 3155 tores
221 3091 411 3153 invenimus
426 3088 572 3152 Sounion.
617 3087 707 3152 Nihil
723 3089 839 3172 adjicio
864 3089 1196 3170 adcanoues'12.,et
1220 3091 1278 3169 13,
1302 3111 1416 3174 quarn·

98 3215 211 3282 quam
226 3195 314 3260 enim
328 3207 398 3260 tuto
413 3197 576 3260 adfirmari
592 3207 707 3280 posset,
723 3215 779 3260 eos
804 3195 888 3260 salso
902 3198 1073 3262 Ambrosio
1087 3197 1188 3262 irrisae
1203 3201 1345 3280 tributos,
1362 3219 1416 3264 no·

99 3315 181 3370 tatu
195 3315 306 3368 temen
322 3303 460 3388 dignum
474 3313 532 3382 est,
546 3305 580 3367 in
596 3305 635 3368 iis
651 3323 718 3368 non
732 3306 838 3389 ipsam
853 3308 1059 3372 mononem
1075 3309 1254 3404 improbapi,
1273 3311 1332 3373 sed
1348 3322 1417 3398 tau3

99 3431 181 3482 tum
196 3413 357 3498 objurgari
381 3433 445 3494 eos,
470 3415 528 3496 qui
542 3415 810 3481 oblectationibus
836 3415 1008 3498 indulgent
1033 3416 1147 3481 diebus
1159 3419 1362 3502 jejuniorum,
1386 3427 1418 3482 et

99 3518 244 3610 quaudo
263 3524 458 3608 jejuniorum
472 3511 542 3586 dies
567 3525 749 3586 consecrari
773 3534 895 3606 oportet
920 3523 1126 3602 orationibus,
1147 3543 1186 3588 ac
1202 3523 1416 3608 meditationi-

99 3637 170 3701 bus
185 3651 294 3696 rer-run
309 3631 503 3710 divinarum,
529 3649 584 3694 eos
600 3632 706 3714 potius
729 3633 763 3694 in
780 3630 948 3713 sylvatiuis
963 3631 1191 3714 vagationibus
1214 3631 1416 3713 impendunt.

99 3731 314 3806 sciturum
329 3737 497 3801 Ambrosio
522 3739 675 3802 tribulam
692 3739 915 3820 interpretetur
935 3739 1136 3817 Ambrosius,
1160 3739 1267 3821 quiin
1282 3739 1419 3803 homilia

100 3851 156 3914 at.
176 3847 224 3910 ita
238 3847 405 3910 scribebat:
434 3845 549 3920 Quum
563 3849 640 3912 bene
661 3855 774 3912 autem
792 3849 1001 3932 y‘ay'rmiomun
1026 3855 1170 3932 tenpore
1190 3849 1325 3916 eertum
1350 3849 1419 3912 Dei

101 3957 199 4023 distr
215 3975 292 4046 esse,
308 3955 394 4040 qnod
408 3954 519 4038 reficit,
536 3965 574 4018 ut
589 3955 779 4034 ostenderet,
796 3956 933 4040 Manus
947 3963 1063 4018 austra
1077 3975 1143 4018 non
1168 3950 1280 4020 debere
1293 3954 1421 4018 anemii

101 4061 240 4128 actibus
253 4062 415 4144 compuri,
431 4062 490 4124 sed
501 4063 610 4126 sooria
623 4063 906 4128 literiseneroeril
949 4063 1028 4126 Post
1042 4061 1128 4126 hanc
1144 4079 1334 4144 germanam
1349 4061 1418 4126 lau·

100 4171 262 4232 datorum
286 4183 450 4230 canonum
474 4168 776 4254 interpretationem,
802 4169 967 4234 evanescit
991 4189 1064 4236 raso
1081 4169 1205 4253 judicio
1231 4169 1419 4252 turpissima

100 4279 164 4344 illa
180 4277 366 4340 venationis
381 4277 497 4360 impu,
519 4298 621 4360 quam
635 4279 745 4344 decisa
760 4280 816 4344 illa
831 4299 996 4345 canonum
1011 4280 1194 4364 fragments
1211 4280 1419 4362 exhibebant,
1442 4315 1447 4325 ·

99 4395 138 4450 et
150 4379 279 4466 quibus
301 4381 581 4454 siinhaerendum
606 4367 699 4468 esset,
725 4405 791 4452 non
807 4387 943 4452 clericis
963 4399 1100 4469 tautum,
1117 4389 1174 4456 sod
1194 4400 1227 4454 et
1241 4389 1332 4456 laicis
1349 4392 1420 4455 uni-

102 4491 215 4558 versis
229 4489 437 4557 interdictum
448 4509 519 4558 esse
536 4496 761 4563 vonauonibus
776 4495 1327 4648 dommarprreutr.wuup⁰nronrem
1341 4519 1418 4565 cum

978 4603 1036 4645 OM.
1106 4621 1150 4647 .·-
1201 4631 1208 4648 .
