3134 4984
278 461 325 508 oa
341 453 544 519 arosotrrs,
561 453 795 516 naannrrcrs,
812 451 860 500 aa·
872 451 1142 499 seraranan-rora.
1314 429 1374 496 11⁵

91 583 191 652 ohrtat
215 583 409 669 baptismate
434 579 553 644 deiecit
575 579 620 643 ad
643 577 869 656 idololatriam,
893 587 925 640 et
950 573 1195 658 superititlones
1218 573 1374 656 gentium,

90 697 185 761 acriter
210 695 311 758 etiarn
339 691 542 756 christianos
570 691 755 767 insecutus,
785 686 872 752 unde
900 683 1071 750 lulianum
1100 682 1221 765 passim
1251 680 1377 744 histori-

91 809 115 870 ci
131 813 303 890 apostatam
329 802 510 866 nominant.
554 797 632 862 Post
656 796 779 876 iuliani
804 795 929 860 obitum
953 813 1037 878 opus
1062 789 1180 856 exinde
1205 789 1267 854 suit
1282 788 1377 853 novis

91 913 205 996 legibus,
220 921 257 976 ιιι
271 919 438 994 apostatae
446 907 651 990 punirentur,
678 903 864 986 praesertim
879 901 966 985 quod
984 919 1048 964 non
1070 899 1174 964 multo
1189 909 1298 982 postea
1314 897 1378 961 Va·

91 1017 276 1097 latroianus,
293 1013 422 1095 Valens,
445 1025 478 1077 et
491 1013 668 1077 Gratianus
683 1031 770 1075 anuo
784 1011 856 1076 att.
874 1011 1051 1094 unicuique
1076 999 1210 1074 liberam
1226 1007 1378 1073 fecissent

91 1126 258 1192 inclutam
282 1123 411 1190 colendi
434 1133 565 1202 secam,
591 1141 649 1186 sen
675 1121 871 1204 religionem,
898 1139 983 1203 quae
1009 1120 1192 1204 placuisset,
1219 1119 1239 1184 1.
1255 1119 1284 1184 9.
1306 1117 1378 1182 eod.

92 1233 236 1303 'l'lreodoa
262 1234 304 1298 de
318 1233 485 1298 maleficis.
529 1231 632 1316 igitur
645 1230 770 1314 primus
796 1229 1005 1293 Theodosius
1032 1229 1174 1312 Magnus
1197 1245 1286 1292 anno
1304 1227 1379 1314 381,

92 1343 147 1410 inl.
162 1344 188 1406 1.
202 1335 273 1405 cod.
289 1339 454 1405 Theodos.
470 1339 511 1403 de
526 1340 681 1424 apostatis
696 1339 742 1402 ita
756 1339 852 1402 cavit:
869 1337 944 1417 Hes,
961 1339 1019 1424 qui
1030 1359 1070 1402 er
1089 1336 1295 1404 Cdristiunis
1311 1341 1381 1405 Po-

89 1459 254 1545 ganisocti
268 1456 547 1542 srmt,·eripietur,
566 1455 729 1540 facultas,
737 1455 862 1538 jusqrn
883 1451 1036 1516 testandi.
1064 1449 1171 1514 Omne
1186 1451 1334 1538 defuncti
1348 1449 1382 1517 si

92 1573 230 1660 prodest
253 1577 495 1648 testamentare,
522 1567 655 1631 sublata
680 1564 870 1642 mariniane,
894 1563 1113 1627 rescindatur.
1157 1561 1248 1627 Idem
1271 1577 1382 1630 autem

91 1677 251 1762 Imperator
265 1693 353 1740 auno
366 1673 438 1740 383.
465 1673 606 1758 amplius
622 1690 808 1756 progressus
832 1681 880 1734 est
895 1669 928 1734 ιιι
944 1671 963 1734 ι.
980 1671 1009 1734 2.
1037 1670 1106 1734 cod.
1129 1671 1294 1737 Theodos.
1311 1673 1382 1737 eod.

92 1785 138 1867 tit,
150 1787 202 1852 ubi
216 1786 367 1850 distinxit
382 1781 668 1866 interbap‘tizatos,
685 1793 717 1846 et
730 1781 993 1862 cathecumenos,
1015 1799 1153 1864 quorum
1169 1801 1290 1866 magna
1305 1797 1383 1848 tunc

92 1897 226 1978 temporis
241 1905 310 1958 erut
334 1892 520 1974 moltitud03
534 1891 705 1971 sanciens,
732 1901 768 1954 ut
783 1892 810 1953 si
826 1891 867 1953 de
893 1891 1064 1974 baptizatis
1090 1903 1245 1974 ageretur,
1269 1893 1325 1976 qui
1341 1895 1384 1959 ad
1421 1919 1425 1926 ·

93 2005 227 2092 lagenos
256 2007 337 2072 ritus
361 2003 545 2088 migrarent,
575 1998 623 2068 illi
648 2003 781 2067 omuino
806 2003 988 2067 testamenti
1015 2003 1154 2068 factione
1180 2019 1326 2070 carerent
1350 2007 1384 2073 in

92 2113 317 2200 quamcumque
340 2123 524 2202 personam,
550 2123 582 2178 et
597 2125 705 2178 esseut
720 2116 842 2200 absque
862 2115 939 2201 jure
955 2117 1124 2199 Romana·
1146 2131 1179 2182 ot
1195 2119 1222 2183 si
1238 2099 1386 2204 ageretur

93 2223 126 2285 de
139 2225 386 2303 cathecumenis,
401 2233 529 2286 tantum
543 2223 650 2287 testari
667 2235 798 2306 possent
815 2226 918 2306 gratia
933 2223 1083 2306 filiorum,
1099 2237 1155 2292 aut
1167 2227 1302 2295 fratrum
1318 2253 1387 2316 ger-

92 2349 258 2398 manorum.
301 2333 393 2397 Haec
415 2331 623 2396 Theodosius
650 2333 682 2395 in
711 2333 850 2412 Oriente,
877 2334 933 2416 qui
959 2333 1052 2397 visus
1077 2333 1139 2398 suit
1162 2339 1387 2404 immutavisse

92 2443 324 2524 praecedentem
339 2441 453 2524 legem,
470 2441 502 2506 id
518 2451 575 2520 est,
591 2441 714 2504 dictam
731 2441 835 2528 tegern
853 2445 880 2506 1.
897 2443 966 2506 eod.
983 2445 1149 2510 Tlreodos.
1165 2447 1205 2510 de
1220 2453 1386 2534 apostatis3

90 2569 157 2618 curn
172 2554 258 2618 enim
282 2553 317 2616 in
333 2551 390 2614 illa
415 2551 589 2614 dumtaxat
615 2561 790 2632 caveretur,
819 2563 856 2614 ut
881 2561 1111 2617 testamentum
1138 2555 1389 2642 rescinderetur,

92 2662 169 2742 quod
184 2663 417 2745 tantum'juxta
426 2661 481 2746 jus
496 2661 719 2725 Ronranorum
735 2660 803 2722 fiori
817 2671 939 2742 poterat
954 2661 1113 2744 proposita
1130 2661 1297 2726 inofficiosi
1313 2685 1389 2747 que·

94 2771 158 2852 reia,
181 2773 215 2836 ιιι
231 2772 332 2838 altera
356 2769 474 2834 deinde
488 2769 705 2852 subsequente
734 2771 813 2854 lege
829 2771 907 2833 anni
932 2769 1003 2834 383.
1031 2769 1140 2853 votuit,
1158 2783 1389 2839 testamentum

93 2881 217 2962 omnino
228 2881 353 2945 irritum
369 2896 448 2942 asse.
494 2877 589 2942 Porro
605 2878 830 2957 eodem‘anuo,
847 2889 877 2942 et
895 2891 966 2962 post
981 2899 1084 2944 unum
1101 2881 1187 2945 diem
1202 2887 1222 2947 tr
1237 2885 1392 2950 eonstitu-

95 2987 171 3050 tione
194 2983 357 3074 posteriori
371 2965 460 3050 ‘edita
483 2968 716 3064 d'l'heodosio,
745 2983 994 3050 Valentinianus
1018 2988 1132 3053 Junior
1147 2989 1180 3052 in
1205 2989 1409 3072 Occidente,-

94 3097 144 3179 qui
157 3115 234 3162 sane
247 3097 394 3162 necdum
405 3095 557 3158 conscius
577 3111 648 3157 esse
664 3103 788 3188 poterat
802 3095 983 3178 posterioris
999 3095 1253 3160 'theodosianae
1275 3100 1391 3162 consti·

94 3205 215 3268 tutionis
230 3214 341 3288 utpote
356 3203 458 3287 pridie
472 3203 584 3284 editoe,
601 3205 711 3266 sanxit
728 3207 758 3267 in
773 3205 792 3266 l.
807 3204 838 3266 3.
854 3204 927 3269 cod
942 3205 1106 3270 Theodos.
1123 3208 1193 3271 eod,
1210 3209 1265 3290 tit,
1284 3223 1318 3272 ut
1335 3213 1401 3276 im·'

93 3313 196 3394 primis
219 3315 335 3380 eadem
362 3315 441 3376 ratio
466 3314 639 3378 haberetur
664 3313 923 3378 Christianorum
950 3333 1008 3379 seu
1033 3315 1121 3400 apud
1151 3319 1308 3402 Paganos,
1332 3293 1392 3386 seu

92 3421 172 3502 apud
188 3418 338 3500 ittdaeos,
354 3435 411 3486 sert
428 3422 516 3504 'apud
539 3421 750 3486 Manichaeos
766 3421 1006 3504 deffinientlum,
1022 3425 1147 3509 deinde,
1170 3439 1209 3492 nt
1223 3433 1254 3494 si
1270 3433 1327 3518 qni
1341 3433 1393 3497 de·

83 3531 235 3612 functtun
249 3533 399 3612 violatae,
418 3542 523 3618 ‘utpote
537 3533 684 3597 desertae
711 3533 925 3598 Christianae
940 3537 1115 3619 religionis
1129 3550 1278 3621 aaronem
1299 3542 1389 3608 errmss

91 3661 149 3726 pne
160 3645 197 3708 in
210 3643 393 3725 sacrilegia
418 3644 625 3728 templorum,
649 3643 701 3707 uei
715 3643 752 3707 in
766 3645 854 3708 ritus
869 3643 1034 3725 Jauana,
1050 3645 1101 3708 vel
1122 3647 1167 3710 ad
1183 3647 1395 3716 Monic'ltoeo.
1491 3666 1492 3669 ’

90 3767 165 3814 rurn
177 3752 316 3816 &dectus
331 3752 494 3814 transisse
508 3753 680 3832 contendit,
707 3773 809 3839 copore
822 3755 1075 3836 gratia'testari
1095 3757 1234 3823 minime
1243 3765 1395 3844 potuisse

91 3862 265 3943 confirmat,
281 3865 374 3928 intra
390 3865 654 3950 qttiuqrrenniuor
667 3865 758 3949 jugo,
776 3865 862 3951 proed
876 3864 1062 3952 iruffloiosis
1081 3871 1266 3935 actionibus
1280 3875 1396 3938 corasti-

15 3977 20 3982 '
92 3973 198 4034 tenura
211 3979 267 4050 est,
291 3973 453 4056 proprias
467 3979 580 4035 ereren
595 3974 744 4068 salimes,
753 3975 934 4060 sectarique
939 3973 1069 4059 judicii
1087 3975 1314 4061 nujuscemodi
1328 4001 1397 4046 sor·

92 4079 174 4145 titur
188 4083 368 4162 euaristum,
395 4091 435 4147 nt
449 4085 559 4150 eodem
583 4085 706 4150 induce
731 4086 881 4166 durante,
910 4089 1006 4173 eujus
1018 4091 1263 4173 praevaricatio
1286 4095 1396 4157 ariori-

91 4195 204 4259 nandet
218 4194 418 4282 est,flogitii
443 4195 553 4281 ιιιι]ἰιι,
578 4205 610 4262 et
622 4199 754 4262 sceleris
776 4201 947 4289 particeps
961 4203 1077 4285 fuisse
1095 4203 1398 4294 duceatnrpubiiea

91 4305 151 4368 arrd
166 4309 390 4394 testificatione
405 4315 552 4388 testatus,
577 4310 692 4395 prodet
707 4313 878 4392 irtdioiutn,
895 4335 998 4401 raeque
1012 4335 1112 4402 qnam
1135 4336 1280 4400 supano
1294 4325 1396 4383 reama

91 4416 128 4476 ni
143 4421 262 4484 tacitus
275 4419 447 4504 praestitit
457 4419 646 4505 perfidiam,
670 4421 845 4488 sceleribus
859 4425 1085 4510 adquiescens:
1108 4427 1398 4510 praeuaricatione

92 4519 250 4612 deinceps,
265 4535 437 4616 tamqnam
451 4527 599 4612 ignarus
613 4537 751 4595 accuset.
795 4529 887 4598 llaec
903 4543 980 4598 sunt
995 4534 1066 4618 ipsa
1088 4532 1310 4600 Valentiniani
1325 4555 1394 4601 rer·
