3216 4988
134 411 139 420 Ι
257 431 304 476 DE
320 429 489 476 conuicia
516 422 659 472 ΟθΝΤΙῑΑ
676 421 916 470 discretim
933 419 1264 470 DEHNQUENTI'BUS.
1349 397 1413 462 2¹ss

108 556 161 619 chi
170 553 362 632 induerunt,
385 550 587 616 imitantibus
602 549 666 612 hac
691 547 725 612 iu
740 565 774 610 re
787 547 858 610 sire
884 545 1065 626 Monachis,
1088 543 1157 608 sive
1179 542 1313 608 Clericis
1328 551 1414 604 vete·

108 679 181 724 rum
198 660 466 742 Philosophorum
489 655 691 737 modestiam,
707 656 763 740 qui
779 655 965 742 hujusmodi
981 653 1183 718 indumentis
1202 653 1315 718 auricti
1330 653 1414 716 iuce·

107 768 183 830 dere
198 766 354 848 solebann
382 767 461 830 item
474 763 659 828 verosimile
672 773 729 843 est,
756 761 909 826 modoad
925 759 1173 826 similitudinem
1197 769 1345 843 togarum
1361 777 1416 821 re·

107 885 213 936 terum
229 883 336 939 restes
360 872 524 936 clericales
538 870 640 950 inissa
654 880 834 953 contextura
851 887 892 934 uc
907 871 1021 936 Gleuci
1045 870 1230 934 viderentur
1244 869 1288 935 ab
1301 870 1415 932 habitu

105 963 196 1040 cirili
212 975 368 1057 recodere,
384 988 416 1040 et
432 979 639 1044 barbararum
655 980 801 1062 gentium
816 997 919 1042 novos
934 979 1065 1043 habitus
1081 977 1244 1057 adamare,
1261 977 1415 1042 modoad

105 1083 354 1158 ,similinidiuem
379 1083 562 1166 palliorum,
589 1085 708 1168 quibus
734 1095 857 1150 veteres
882 1085 1073 1168 Philosophi
1095 1085 1299 1168 simplicioris
1322 1087 1415 1150 iuda·
1460 1109 1466 1122 ·

103 1197 208 1260 utenti
222 1213 324 1258 causa
336 1196 523 1278 utebantur,
545 1181 679 1260 ‘tunicas
692 1207 868 1280 propterea,
892 1197 962 1260 sive
977 1195 1107 1260 casulas
1126 1193 1314 1278 appellatas,
1330 1213 1416 1284 quas
1446 1177 1451 1186 ’

103 1302 228 1368 deinde
240 1304 276 1368 iu
290 1305 503 1370 Laternucnsi
518 1305 665 1370 Ocnoilio
679 1305 759 1370 anni
779 1305 873 1370 1215.
888 1303 1054 1368 decretum
1069 1302 1138 1384 fuit,
1158 1321 1219 1368 uec
1233 1305 1337 1370 nimia
1351 1306 1407 1368 bre

102 1418 217 1500 ritate,
244 1432 306 1480 nec
319 1417 421 1482 nimie
447 1416 651 1500 lungitudine
666 1435 738 1480 esso
762 1415 934 1495 notandas,
950 1417 1050 1482 immo
1071 1425 1104 1478 et
1117 1413 1281 1501 adjectum
1295 1427 1354 1496 est,
1370 1416 1416 1480 in·

101 1527 268 1592 dumento
281 1527 377 1610 rubri,
401 1525 557 1592 viridiore
569 1525 687 1592 coleris
701 1527 744 1591 ab
758 1527 909 1592 Ecclesia
930 1528 1113 1610 improbari,
1129 1547 1200 1612 cap.
1218 1529 1267 1592 15.
1284 1527 1324 1594 dc
1339 1530 1417 1610 rita,

56 1624 63 1635 ¹
100 1649 132 1702 ct
143 1640 276 1702 houset.
292 1637 407 1702 Olario.
424 1638 608 1703 concilium
624 1637 858 1704 'Pridentinuut
874 1637 957 1702 nihil
969 1639 1003 1704 in
1020 1639 1082 1702 hec
1098 1660 1131 1704 re
1145 1641 1311 1724 singulare
1325 1661 1418 1708 cons·

101 1749 202 1814 tituit.
237 1747 389 1814 'dantum
405 1749 439 1814 in
455 1765 534 1813 sess.
561 1749 610 1813 14.
627 1767 698 1832 cap.
713 1750 735 1813 d
749 1749 791 1814 de
805 1749 877 1815 Rei.
903 1751 1095 1834 generaliter
1109 1753 1288 1833 mandavit,
1311 1765 1346 1820 ut
1361 1757 1417 1820 ha-

101 1862 194 1925 bitus
210 1857 410 1924 clericorum
425 1858 551 1941 proprio
567 1857 673 1922 ordini
688 1877 866 1942 congruere
880 1859 995 1924 debeat
1006 1861 1103 1943 juxte
1117 1857 1352 1944 Episcoporum
1371 1879 1419 1924 or·
1441 1949 1446 1954 Ι

100 1951 301 2047 dinanoucs',
327 1977 360 2031 et
374 1967 540 2047 mandata,
563 1965 686 2032 indicta
700 1967 860 2034 adversus
874 1969 1096 2033 inobedientes
1118 1989 1222 2054 poena
1238 1972 1419 2055 suspensio

102 2077 246 2156 uiuant
260 2075 449 2158 privationis
464 2073 704 2157 beneficiorum,
729 2077 952 2144 officiorurnve
966 2077 1124 2142 adversus
1136 2092 1356 2163 contumaces,
1372 2084 1419 2148 iu·
1521 2083 1523 2091 ‘

99 2197 231 2252 novata
244 2185 474 2250 constitutione
499 2187 695 2253 Viennensis
710 2187 849 2254 Ooucilii
874 2189 908 2253 iu
924 2187 1026 2254 Olem.
1053 2190 1083 2253 2.
1099 2189 1140 2252 de
1156 2191 1232 2270 vita,
1254 2202 1286 2256 ct
1301 2193 1418 2257 honer-

99 2309 168 2362 tate
185 2293 396 2365 clericorum.
424 2313 466 2358 ex
480 2297 600 2378 quibus
615 2297 768 2362 omnibns
793 2297 859 2362 duo
874 2296 977 2360 veluti
991 2297 1191 2362 consectaria
1210 2296 1418 2382 colliguntur.
1464 2375 1465 2378 Ἴ

99 2404 255 2470 Primum
270 2413 327 2484 cst,
354 2418 482 2488 semper
496 2403 681 2469 Ecclesiam
706 2407 878 2490 optavisse,
905 2417 942 2471 ut
957 2405 1073 2470 Olelici
1088 2406 1186 2470 etima
1213 2407 1247 2470 iu
1263 2389 1425 2473 exteriore*

97 2516 222 2580 habitu
237 2512 437 2600 singularem
453 2503 657 2579 'modestiam
672 2515 914 2604 praeseferrenn
940 2515 1081 2580 aiterum
1095 2525 1152 2595 est,
1176 2516 1210 2580 iu
1224 2515 1421 2584 determina·

98 2626 191 2689 tione
207 2623 341 2687 habitus
356 2623 488 2706 speciali
511 2623 689 2708 plurimum
704 2625 894 2690 dioeceseon
911 2625 1032 2706 usibus,
1056 2635 1088 2690 et
1102 2625 1336 2693 ordinariorum
1352 2627 1418 2692 An·

99 2735 248 2798 tistiturn
262 2733 547 2801 constitutionibus
561 2731 675 2798 desem
690 2746 843 2819 oportere.

651 3105 803 3174 CAPUT
826 3105 885 3170 111.

238 3329 444 3416 Segouia
459 3333 624 3420 quaedem
638 3335 881 3418 expenduntur,
905 3357 989 3422 quoe
1003 3347 1151 3427 spectant
1157 3340 1293 3426 judicia

548 3442 743 3508 criminalia
771 3443 983 3510 Gentem-am.

99 3693 180 3905 IN
196 3829 396 3897 Clericomm
407 3835 515 3898 causis
530 3833 613 3900 illud
626 3837 789 3922 singulare
804 3855 931 3922 semper
944 3837 1049 3923 viguit
1063 3839 1150 3921 olim,
1168 3851 1204 3906 ut
1215 3843 1314 3908 semel
1329 3841 1423 3908 dam*
1502 3916 1511 3931 ⁴
1526 3847 1528 3856 '

98 3943 179 4018 nati
194 3944 230 4008 in
255 3944 427 4027 pristinum
442 3945 607 4012 honorem·
624 3951 755 4015 restitui.
769 3952 961 4034 neutiquam
985 3963 1125 4036 possent,
1150 3973 1229 4018 oove
1251 3956 1420 4020 minusad
1470 4009 1474 4016 .

98 4057 266 4140 majorem
281 4055 421 4138 gradum
444 4061 632 4140 promoveri,
648 4065 746 4126 etiam
761 4065 789 4126 si
804 4074 935 4146 peracta
950 4063 1146 4146 poenitentia
1161 4075 1192 4128 et
1207 4066 1286 4145 Dee,
1310 4077 1344 4130 et
1358 4068 1422 4134 Ee-

100 4165 230 4230 clesiae
245 4164 485 4246 satisfecissent,
510 4188 581 4232 cau.
599 4171 627 4234 1.
643 4171 683 4251 2,
708 4182 740 4234 et
754 4173 876 4254 passim
897 4173 972 4236 dist.
989 4172 1049 4254 50,
1075 4173 1138 4238 hisi
1151 4173 1232 4238 forte
1255 4176 1421 4258 quaedam

101 4273 295 4355 singulares
310 4284 429 4338 causae
455 4275 613 4341 mitiorem
628 4276 835 4362 disciplinam
857 4281 1066 4364 postularent,
1089 4303 1154 4348 uon
1170 4285 1300 4368 quidem
1317 4289 1422 4369 gratia

80 4379 271 4466 ''singulari
285 4405 505 4469 personarum,
530 4390 585 4453 sed
602 4381 734 4473 publica
749 4393 906 4458 suadente
922 4397 1067 4478 utilitate,
1094 4397 1371 4480 quemadmodum
1387 4401 1422 4468 in
1478 4435 1487 4440 -

105 4491 269 4559 Africana
285 4495 435 4560 Ecclesia
450 4517 526 4562 cum
543 4495 722 4566 Donatistis
738 4513 848 4568 acuum
862 4501 1139 4658 sitisserprobptpr,
1155 4529 1227 4658 {epm
1243 4507 1304 4593 23,
1323 4521 1355 4574 et
1369 4513 1421 4577 252

988 4613 1046 4656 ou.
1110 4633 1158 4658 .-
1206 4643 1213 4658 .
