3120 4980
277 412 323 462 ns
340 383 544 474 secessere,
559 409 794 474 struentem,
810 410 856 458 eu
872 407 1142 458 scsrsrrerrete.
1319 387 1362 454 st

91 535 264 623 luctuosum
291 537 421 604 Christi
444 545 635 622 mucetum
660 537 706 602 ud
728 535 902 601 Irtotcraae
915 525 1050 613 culturis,
1075 541 1106 596 ct
1119 530 1362 618 sacn'ficicrum
1438 543 1446 550 '

90 646 351 712 auctenticam
376 654 597 712 revertantur.
641 643 752 708 Etiam
766 663 886 709 nomen
900 643 1070 708 haereseos
1093 640 1248 706 latissime
1263 639 1360 722 sigui·

88 757 147 838 licet
159 769 255 824 sectae
268 759 464 842 cuiusquam
477 755 668 820 electionem
681 755 804 820 miani
816 756 859 820 ab
874 756 921 834 iis,
941 755 998 838 qui
1013 755 1048 818 iu
1063 753 1208 836 aliquam
1222 749 1359 818 faculta-

87 877 137 928 tem
149 867 261 932 tributis
285 866 402 935 studiis
416 885 493 932 cum
515 865 674 930 divisione
689 865 872 930 animorum
893 863 1095 928 incumbunt
1138 862 1226 926 Hinc
1242 861 1277 926 in
1291 860 1311 924 l.
1327 861 1357 925 6.

86 976 103 1039 l.
114 973 137 1036 2.
151 973 179 1038 ff.
193 975 230 1039 de
244 975 449 1040 excusatius.
460 985 553 1040 tutor.
570 985 789 1038 memorantur
803 973 951 1038 haereses
967 971 1156 1050 Remorum,
1179 971 1214 1034 id
1229 980 1286 1052 ost,
1304 989 1358 1034 ve-

84 1083 135 1145 rice
147 1065 316 1148 Remorum
344 1095 458 1164 motae,
474 1084 508 1148 in
523 1101 606 1165 quas
630 1083 686 1164 qui
704 1081 897 1146 Rethoricee
910 1081 988 1144 urtis
1002 1079 1147 1150 studiosi
1162 1089 1262 1160 erent,
1278 1079 1358 1144 divi-

83 1192 222 1260 debaotur.
264 1195 362 1260 Unde
376 1195 492 1258 iterum
517 1193 661 1258 Isidorus
676 1194 710 1258 in
735 1191 821 1256 dicto
836 1192 905 1258 libr.
931 1193 961 1256 Β.
977 1211 1047 1275 cap.
1073 1194 1103 1256 3.
1119 1192 1173 1258 ait:
1198 1191 1360 1256 Haerceis

84 1297 188 1364 Graece
210 1301 250 1366 ab
264 1303 415 1369 electione
428 1311 573 1384 cccutrtr,
598 1303 681 1390 quid
703 1303 827 1368 scitica
851 1303 1079 1387 uuusquisque
1103 1301 1141 1366 id
1163 1303 1227 1366 sibi
1241 1303 1359 1386 eligat,

67 1409 426 1491 ceramussense
440 1411 579 1492 videar,
595 1422 628 1476 et
638 1411 859 1492 Hieronymus
872 1411 905 1474 iu
916 1429 989 1474 ceu.
1004 1411 1055 1474 27.
1066 1429 1156 1476 caris.
1168 1410 1220 1474 24.
1232 1420 1358 1493 quaest.
1373 1391 1377 1398 ¹

79 1512 217 1580 sorau:
242 1519 405 1584 meru
424 1517 612 1594 eruam
626 1495 777 1582 traua
801 1518 934 1594 arerem,
960 1517 1046 1602 quoa
1059 1517 1181 1582 scurra
1207 1539 1281 1582 ram
1294 1517 1360 1582 rrae

78 1625 281 1712 umerumque
296 1629 403 1710 eligat
415 1627 639 1712 discplinam
655 1645 758 1712 mmm
768 1634 870 1711 putat
895 1647 963 1692 esse
977 1627 1154 1692 aucorem.
1198 1627 1297 1710 Apud
1312 1629 1359 1692 vi-

76 1751 116 1798 ros
126 1736 353 1802 ecclesiasticos
367 1747 532 1804 coutracta
545 1755 675 1822 quoque
687 1735 750 1804 rou
763 1737 864 1820 hujus
878 1738 1019 1804 nominis
1033 1737 1228 1822 significatio
1242 1739 1286 1804 ed
1304 1738 1358 1806 de·

75 1844 229 1926 signandas
242 1867 308 1928 eos,
324 1847 382 1931 qui
396 1865 431 1912 sc
445 1847 579 1932 quidem
589 1847 723 1936 Christo
736 1845 874 1927 obedire,
889 1857 923 1910 et
935 1847 970 1910 in
985 1845 1135 1917 Ecclesia
1149 1847 1271 1922 Christi
1286 1867 1358 1912 esse

11 1937 12 1942 ¹
74 1957 152 2021 rubo
164 1959 361 2043 profitentia,
387 1962 422 2029 in
438 1958 589 2028 Ecclesia
614 1969 723 2024 maren
738 1975 812 2024 vere
828 1975 893 2022 non
907 1967 994 2035 suot,
1020 1969 1187 2044 propterea
1200 1957 1288 2044 quod
1304 1978 1358 2027 uo

71 2083 109 2146 rt,
123 2077 152 2132 et
165 2067 247 2134 isles
272 2068 430 2151 dogmata
441 2067 474 2134 in
492 2065 591 2135 fidem
616 2083 711 2136 suam
736 2065 903 2149 inducent3
929 2083 996 2149 quo
1010 2083 1110 2132 sensu
1129 2066 1308 2135 haereticos
1321 2066 1358 2130 iu

71 2171 199 2244 nerea
212 2199 286 2244 esse
308 2179 470 2244 scribebat
482 2177 703 2261 Hieronymus
717 2179 763 2244 ita
776 2197 913 2264 pergens
935 2178 968 2242 in
984 2177 1070 2244 dicto
1083 2197 1158 2244 cau.
1172 2177 1225 2244 27.
1274 2179 1359 2254 Qui·
1411 2203 1420 2214 ·

66 2299 184 2372 amque
197 2288 311 2371 ἐρίων
325 2287 424 2352 albet·
437 2285 642 2372 scripturam
656 2285 826 2368 intelligit,
842 2306 945 2372 qaam
955 2305 1073 2352 serrare
1083 2283 1242 2370 Spiritus
1254 2284 1359 2352 Sanc.

67 2389 90 2453 ti
91 2391 232 2478 meat,
248 2417 314 2485 qao
327 2396 455 2480 scripta
469 2402 526 2474 est,
552 2393 627 2460 licet
640 2395 681 2460 dc
695 2393 850 2460 Ecclesia
872 2417 938 2460 aaa
951 2397 1130 2476 recesserit,
1156 2405 1268 2462 tamea
1284 2398 1358 2467 hae

65 2499 171 2568 ratim
183 2501 355 2588 opprimi
364 2511 487 2587 potem
501 2499 590 2584 quod
604 2503 712 2586 ipsum
726 2502 868 2586 explicet
883 2501 1035 2568 laudatus
1050 2503 1203 2584 Isidorus,
1226 2503 1358 2578 durnin

65 2597 120 2668 libr.
137 2607 164 2670 1.
187 2608 425 2674 sententiarum
448 2627 519 2693 cap.
537 2609 586 2674 16.
610 2607 666 2676 ait:
689 2609 760 2686 Qut
784 2620 864 2678 suat
888 2611 1053 2692 haeretici,
1076 2614 1146 2678 uisi
1160 2635 1227 2700 qua
1241 2615 1357 2684 relicta

65 2705 121 2772 ilci
142 2711 297 2780 Ecclesia
318 2717 475 2800 priuatas
499 2717 673 2801 clegertmt
694 2721 882 2790 societates?
924 2721 964 2784 In
978 2731 1153 2806 conspectu
1177 2723 1357 2790 traditionis

63 2823 210 2894 tantorum
225 2824 379 2905 virorum,
406 2825 486 2890 mibi
501 2825 629 2910 placere
653 2846 719 2892 non
735 2838 840 2912 potest
862 2829 1061 2896 subscribere
1084 2829 1146 2895 illis
1161 2831 1357 2910 Grammati,

60 2927 173 3014 eisqui
199 2935 254 3000 vel
268 2933 355 3018 quod
382 2947 486 3002 errent
500 2943 521 3004 a
537 2947 630 3020 recto,
657 2939 812 3022 estquod
834 2940 1031 3006 ereiscentur
1057 2939 1166 3022 fidem,
1192 2941 1244 3006 vel
1266 2939 1357 3024 qnod

58 3035 200 3112 haeream
213 3045 323 3126 nimis,
339 3056 373 3108 ct
385 3065 461 3110 cnm
477 3046 655 3128 pertinacia¹
666 3045 832 3112 doctrinae
847 3069 935 3130 suae,
951 3049 1004 3114 rel
1014 3049 1175 3116 similibus
1190 3051 1357 3118 decausis

56 3156 228 3223 namneus
254 3159 549 3240 baereticossjunt.
590 3158 770 3222 Haereticis
795 3161 941 3242 proxime
956 3159 1117 3228 accedant
1143 3163 1354 3230 schismatici-

56 3261 132 3339 quod
146 3281 268 3338 nomen
293 3264 320 3328 si
336 3263 400 3327 late
415 3275 571 3346 sumatur,
599 3266 762 3349 significat
776 3287 841 3349 eos,
855 3269 913 3352 qui
928 3290 962 3334 so
977 3271 1019 3334 ab
1041 3271 1177 3338 aliorum
1193 3274 1360 3355 societate,¹

55 3375 268 3442 accommuni
295 3376 630 3442 consortiadividunt
673 3379 1096 3466 Stricteautemaccipitur
1121 3384 1224 3466 dalis,
1252 3371 1357 3468 quiet
1416 3415 1419 3421 ·

55 3477 212 3548 Christum
228 3487 324 3566 ssqtri
339 3505 373 3547 se
388 3485 585 3568 profitentur,
601 3506 668 3570 qua
682 3491 716 3556 iu
730 3509 763 3554 re
778 3491 820 3555 ab
835 3493 1003 3574 apostatis,
1024 3503 1057 3556 et
1071 3495 1226 3559 universa
1243 3495 1356 3562 Eccle-

52 3586 111 3653 siae
123 3591 307 3658 catholicae
321 3593 476 3676 dogrnmo
491 3593 658 3677 recipiunt,
674 3617 741 3680 qua
755 3599 789 3664 iu
806 3619 839 3664 re
853 3602 895 3664 ab
909 3601 1077 3668 haereticis
1097 3604 1355 3690 distinguuntur,

52 3707 150 3766 tantm
164 3703 354 3768 obedientia
378 3714 473 3768 tenus
489 3705 531 3768 ab
547 3705 697 3772 Ecclesia
721 3728 756 3770 se
771 3708 930 3790 dividunt,
948 3711 1103 3776 Praelatis
1130 3713 1199 3780 suis
1214 3717 1353 3798 obedire,

53 3819 103 3870 aru
116 3809 256 3892 obsequi
272 3809 495 3891 detrectantes,
521 3831 593 3876 ceu.
608 3815 638 3878 7.
654 3827 776 3896 quaest
795 3817 831 3896 1.,
847 3835 918 3884 eeu.
945 3819 995 3884 26.
1011 3839 1100 3883 caus.
1115 3821 1166 3886 24.
1182 3837 1306 3905 quaest.
1324 3825 1353 3892 3.

53 3915 273 3985 Quamobrem
289 3919 406 3984 iterum
429 3919 572 3986 isidotus
598 3922 733 3988 indicto
758 3943 830 4008 cap.
845 3925 876 3990 3.
903 3918 971 3989 libr.
987 3927 1015 3991 8.
1034 3927 1208 4011 Originum
1234 3931 1353 3996 scribit:

50 4025 199 4096 &burna
225 4031 412 4096 asciscere
438 4031 630 4098 animorum
654 4053 771 4098 conica
786 4036 918 4118 accepit,
944 4036 1055 4100 codem
1072 4039 1174 4102 etiam
1192 4039 1292 4116 cultra,
1309 4059 1356 4104 ec·

47 4135 180 4226 dentque
193 4140 270 4206 ritu
284 4139 396 4218 credit,
423 4148 461 4202 ut
475 4142 604 4220 caeteri,
629 4143 697 4206 saio
711 4146 982 4226 congregationis
1007 4145 1187 4210 delectetur
1202 4147 1356 4212 dissidio·

81 4249 269 4330 Apostatae,
297 4259 332 4312 ut
347 4249 387 4312 de
410 4250 448 4313 iis
461 4249 605 4332 'primum
632 4249 748 4328 dicam,
776 4269 852 4314 euru
880 4253 976 4316 unuin
1003 4253 1078 4320 fidoi
1101 4255 1256 4338 dogmata
1278 4257 1353 4340 reje-

44 4359 150 4437 cerint,
164 4360 273 4424 immo
287 4371 320 4430 nt
342 4361 412 4444 ipsa
428 4359 633 4428 Christianae
648 4357 723 4424 fidoi
740 4359 953 4426 sundameura
980 4369 1050 4429 tuse
1067 4365 1206 4430 evellere
1222 4365 1356 4431 studue-

53 4463 121 4544 rint,
138 4478 301 4550 tanqrmtn
317 4465 424 4544 laesae
438 4467 569 4535 divinae
584 4470 762 4554 majestatis
777 4469 820 4534 rei
830 4470 1026 4556 judicantur,
1050 4474 1229 4560 iisdemque
1244 4479 1359 4562 poenis

1422 2355 1430 2391 l

1538 4537 1540 4584 l

1539 4595 1540 4625 l
