3276 4984
194 407 236 470 26
540 429 784 474 orssanrsrro
807 430 934 488 rarus,
956 428 1107 475 ausser.
1130 397 1179 474 t'

192 549 283 632 quini,
301 569 366 614 uno
380 549 485 632 verbo,
501 561 659 633 quotquot
672 552 760 614 cives
775 551 916 614 Romani
931 567 996 615 non
1012 562 1127 630 essent,
1154 549 1395 613 matrimonium
1422 569 1496 616 con·

191 655 378 720 traxissentl
421 658 441 721 J
444 669 553 722 ustum
583 657 644 720 boc
673 659 860 740 conjugium
896 657 1053 738 Romanis
1083 656 1209 739 legibus
1245 675 1311 720 non
1348 657 1493 737 babetur,

193 766 293 848 princ.
310 767 407 830 instit.
420 769 460 832 de
475 771 605 854 nuptiis,
621 771 702 852 quin
718 779 827 832 tamen
843 769 1030 852 conjugium
1046 766 1131 828 idem
1147 765 1298 831 Romana
1313 767 1383 850 lego
1408 767 1499 830 dam·

192 885 296 956 netur;
313 875 400 958 quod
422 889 587 961 propterea
612 880 645 942 in
672 898 797 962 genere,
818 882 915 964 juxta
940 879 1107 961 Pomponii
1135 877 1279 960 phrasim
1304 875 1338 937 in
1366 874 1385 937 l.
1409 873 1438 936 8.
1464 871 1497 935 ff.

193 983 235 1046 de
250 986 310 1048 ritu
327 998 426 1070 nupt,
449 1007 514 1051 non
541 989 666 1072 legibus
688 989 872 1071 quidquam
893 987 1066 1052 definitum
1090 986 1232 1070 adparet,
1256 985 1312 1048 sed
1336 1005 1378 1047 ex
1404 982 1498 1046 mori-

191 1093 254 1158 bus
264 1096 437 1178 judicatur.
481 1097 543 1162 His
556 1099 676 1181 positis,
692 1098 772 1176 dico,
797 1101 1045 1166 Sacramentum
1071 1095 1212 1181 conjugii
1237 1095 1390 1158 accedere
1403 1109 1498 1177 possa

186 1203 347 1288 conjugio,
362 1223 421 1268 seu
436 1204 528 1286 quod
533 1207 659 1290 justum
674 1207 724 1288 sit,
739 1227 796 1274 seu
822 1207 910 1290 qood
937 1197 1100 1290 injustum,
1129 1205 1307 1270 dummodo
1329 1223 1397 1268 non
1423 1203 1494 1286 lege

190 1312 395 1378 demnatum.
418 1317 588 1399 Siquidem
614 1317 723 1382 statirn
749 1337 788 1381 ac
812 1319 958 1382 consistit
981 1316 1179 1401 conjugium,
1193 1315 1292 1380 etiam
1308 1315 1334 1378 ει·
1349 1333 1391 1376 ex
1407 1331 1499 1376 mere

189 1424 349 1489 neutralis
360 1425 441 1508 juris
456 1426 661 1509 simplicitate
675 1403 747 1490 sine
759 1429 878 1512 majora
888 1429 970 1510 juris
985 1427 1105 1510 publici
1129 1425 1296 1510 praesidio,
1314 1425 1383 1508 jam
1406 1423 1499 1505 quid·

189 1543 292 1612 quam
308 1531 447 1612 profecto
462 1533 604 1615 posituro
619 1544 677 1614 est,
692 1536 746 1601 coi
772 1537 1020 1600 Sacramentum
1045 1535 1191 1618 accedat,
1219 1536 1497 1618 quemadmodum

185 1637 219 1702 si
230 1637 593 1724 dejurejurandosermo
600 1644 648 1722 sit,
656 1645 728 1727 jure
738 1644 864 1722 dicitur,
876 1646 963 1710 istud
973 1647 1178 1729 pactionibus
1186 1647 1339 1712 accedere
1350 1665 1497 1732 nonpos-

187 1751 310 1834 selega
325 1753 498 1834 damnatis,
514 1770 556 1820 ne
571 1755 740 1820 vinculum
768 1757 945 1839 iniquitatis
970 1747 1138 1840 habeatur,
1165 1777 1259 1842 posse
1282 1770 1391 1824 tamen
1409 1757 1505 1823 acce'

190 1855 266 1920 dere
281 1860 484 1940 pactionibus
511 1879 576 1926 non
602 1864 831 1947 undecumque
855 1866 925 1950 loge
950 1869 1101 1948 probatis,
1127 1869 1218 1933 autlr.
1241 1869 1499 1936 Sacramentum

186 1964 356 2048 puberum
368 1967 437 2030 cod.
455 1971 482 2032 si
497 1971 654 2032 aduersus
669 1970 899 2036 venditionem.
944 1975 1018 2037 Non
1033 1987 1082 2037 est
1094 1976 1189 2058 longe
1200 1977 1299 2058 petite
1310 1979 1498 2062 jurisq'uran-

188 2071 226 2134 ui
241 2074 426 2138 similitudo.
471 2078 647 2160 Utrobique
662 2079 704 2141 de
718 2082 902 2144 accessoriis
917 2083 1033 2164 agituq
1050 2084 1182 2165 quando
1197 2101 1311 2148 vorum
1325 2097 1382 2166 est,
1400 2097 1431 2148 et
1446 2085 1498 2148 fir·

189 2181 320 2244 mandis
335 2186 524 2266 generaliter
538 2190 750 2251 convetrtibns
771 2190 1008 2274 jusjurandum,
1031 2203 1064 2253 et
1089 2191 1266 2272 firmandis,
1292 2194 1498 2257 sanctifican-

97 2378 102 2392 .
187 2290 306 2373 disque
321 2297 479 2379 conjugiis
504 2297 752 2362 Sacramentum
774 2299 937 2381 accedere3
965 2319 1004 2361 ac
1019 2311 1184 2384 propterea
1210 2299 1339 2382 siquod
1366 2311 1498 2383 pactum

189 2403 283 2468 nullo
298 2405 393 2468 modo
408 2409 560 2488 consistit
577 2427 643 2472 non
660 2407 807 2473 firmatur
813 2409 1030 2494 jurejurando,
1047 2409 1193 2476 firmatur
1204 2425 1314 2478 autem
1325 2411 1410 2495 quod
1424 2433 1498 2476 con·

188 2511 281 2592 sistit,
298 2513 367 2575 sive
381 2515 478 2606 omni,
479 2517 560 2600 jure,
585 2517 653 2578 sire
669 2527 800 2579 tantum·
813 2519 846 2581 in
862 2519 1068 2602 simplicitate
1083 2533 1220 2582 naturae
1234 2521 1400 2602 consistat;
1425 2539 1499 2584 con·

183 2621 325 2704 jugium,
341 2622 429 2702 quod
444 2621 535 2686 nullo
550 2622 647 2685 modo
657 2625 811 2702 consistit,
825 2625 958 2688 minime
968 2625 1171 2690 sanctificare
1182 2628 1296 2710 poterit
1308 2627 1499 2690 Sacramen-

189 2741 230 2812 to,
246 2743 358 2794 contra
382 2731 645 2812 sanctificabitur,
672 2735 760 2814 quod
776 2753 906 2817 quoquo
922 2733 1018 2796 modo
1033 2735 1196 2814 consistat,
1223 2735 1341 2797 saltem
1355 2737 1390 2799 in
1406 2747 1498 2800 natu·

189 2843 266 2908 ralis
276 2845 358 2927 juris
373 2845 586 2928 simplicitate.
632 2846 729 2910 Nunc
745 2857 933 2912 revocentur
955 2847 1063 2910 isthuc
1078 2867 1181 2931 nuper
1197 2837 1376 2910 memorata
1391 2865 1499 2912 exem·

189 2957 245 3040 pla
259 2959 491 3041 conjugiorum,
506 2977 593 3041 quae
607 2959 773 3040 peregrini,
788 2977 875 3040 quae
890 2959 984 3036 servi,
1009 2977 1093 3040 quae
1109 2959 1258 3022 homines
1273 2960 1441 3022 Romanae
1455 2959 1499 3022 ci·

189 3067 301 3130 vitatis
310 3069 382 3151 jure
396 3078 541 3130 carentes
552 3067 754 3132 contrahant.
798 3067 967 3137 Quoniam
983 3067 1044 3129 ista
1060 3077 1133 3132 utut
1147 3085 1212 3130 non
1221 3070 1317 3152 justa,
1330 3067 1440 3132 adhuc
1455 3079 1500 3134 ta·

188 3197 265 3243 men
281 3191 397 3243 natura
412 3181 603 3259 consistunt,
617 3199 680 3242 nec
695 3176 854 3242 Romanis
870 3178 994 3261 legibus
1010 3189 1087 3242 runt
1102 3177 1267 3258 damnata,
1290 3181 1500 3245 Sacramento

188 3289 306 3353 eedem
321 3290 450 3370 firmari,
478 3309 517 3354 ac
532 3288 738 3367 sanctificari,
766 3287 992 3352 ecclesiasticis
1018 3287 1145 3370 legibus
1159 3288 1332 3352 definitum
1358 3290 1500 3373 adparet,

188 3415 260 3481 cap.
280 3403 306 3462 l.
330 3400 374 3462 de
390 3399 539 3484 conjugio
564 3415 739 3462 servornm.
783 3397 898 3479 Neque
925 3397 1029 3460 simile
1044 3397 1234 3479 exemplum
1255 3399 1430 3480 qnisquam
1445 3399 1500 3462 ad·

188 3508 270 3573 ferre
286 3512 398 3591 poterit
413 3511 444 3572 in
461 3509 620 3592 conjugiis
634 3507 766 3569 alterius
781 3507 915 3589 generis,
940 3525 1025 3587 qnae
1041 3504 1197 3568 damnata
1212 3505 1346 3566 omnino
1356 3507 1428 3588 jore
1443 3523 1500 3588 pu·

189 3619 273 3685 blico
288 3619 555 3682 demonstrentur.
599 3617 713 3698 Itaque
730 3617 906 3698 perspicue,
922 3627 964 3678 ut·
973 3613 1114 3692 arbitror,
1130 3613 1334 3676 declaratum
1350 3623 1406 3689 est,
1422 3629 1501 3692 quo·

188 3727 286 3790 modo
301 3725 512 3808 intelligenda
527 3727 568 3790 sit
583 3725 727 3807 vulgaris
742 3726 799 3788 illa
814 3725 950 3803 traditio,
970 3741 1036 3805 qua
1051 3722 1223 3800 docemur„
1242 3741 1336 3804 posse
1351 3723 1500 3802 aliquan·

189 3833 232 3900 do
247 3855 317 3897 esse
331 3834 519 3918 conjuginm
534 3844 648 3912 return,
664 3835 745 3915 quin
761 3834 802 3896 sit
816 3833 1006 3916 legitimum,
1025 3829 1130 3907 idest,
1146 3829 1358 3894 Sacramento
1382 3829 1501 3892 sancti·

189 3949 331 4026 ficetum,
347 3947 426 4028 quin
442 3963 554 4009 omnes
571 3947 773 4028 publicarum
788 3945 901 4027 legum
915 3943 1049 4006 effectus
1064 3941 1224 4005 sortietur.

232 4057 484 4138 eralecumqne
509 4073 586 4120 vero
601 4057 641 4119 sit
666 4057 863 4140 conjugium,
890 4054 943 4118 vol
959 4053 1140 4136 legitimum
1166 4061 1303 4128 tanturn,
1333 4051 1385 4112 vel
1401 4052 1500 4113 etiarn

190 4173 306 4241 ratum,
323 4163 431 4226 adhuc
447 4176 555 4228 tamen
577 4167 649 4249 jure
665 4167 818 4246 subsistit,
833 4177 866 4227 et
880 4164 1064 4227 firmitatem
1080 4161 1205 4224 obtinet
1219 4179 1323 4239 suam,
1350 4163 1449 4223 etiarn
1475 4163 1502 4224 si
1551 4203 1557 4220 .

189 4273 338 4337 nondum
353 4274 460 4338 liberis
485 4293 616 4356 operam
636 4278 789 4359 conjuges
804 4273 960 4356 dederint3
990 4272 1075 4336 uode
1097 4273 1170 4356 jure
1185 4271 1306 4353 optimo
1322 4277 1343 4336 a
1358 4272 1502 4354 legitimo

189 4387 243 4447 vel
259 4383 340 4448 ratio
353 4387 504 4471 conjugio
519 4385 727 4470 distinguitur
742 4393 1016 4462 consummatum,
1044 4399 1110 4446 non
1125 4399 1204 4445 sane
1231 4381 1379 4462 dixerim,
1405 4381 1502 4464 quasi

188 4492 415 4577 conjuginma
440 4493 598 4580 conjugio,
625 4492 681 4556 sed
696 4492 790 4576 quasi
813 4491 942 4556 ulterior
967 4491 1020 4555 vel
1038 4491 1107 4572 rati,
1133 4491 1186 4555 vel
1204 4491 1345 4576 legitime
1358 4489 1501 4578 conjugii
