3276 4984
154 395 198 440 me
214 397 416 442 consuetos.
434 399 589 459 urruns,
605 398 821 460 nrortrrsre,
835 399 882 444 sn·
897 399 1133 448 susurrante.
1151 401 1355 446 unrvsnsrs.
1401 382 1439 446 11

147 525 416 602 etcontemptum
460 519 516 584 Ex
531 521 591 584 isto
616 521 718 584 veluti
742 521 896 604 principio
919 521 962 586 ed
990 523 1155 588 clariorem
1180 524 1337 588 naturalis
1358 525 1441 608 juris

146 628 390 710 explicationem
404 630 571 712 praejacto,
588 630 621 694 in
644 629 732 712 quod
746 628 840 692 facile
854 641 904 692 est
917 641 1029 712 gentes
1056 630 1230 708 universas,
1255 642 1313 694 aut
1326 631 1442 694 saltem

144 735 299 816 cultiores,
331 751 443 820 sponte
465 737 623 802 adductas
652 737 889 820 circumpicere,
906 757 1002 802 nemo
1031 758 1096 804 nou
1125 739 1221 818 videt,
1237 750 1315 821 quot
1330 757 1441 804 nume·

144 865 183 924 ro,
197 859 231 908 et
245 859 371 930 quanta
397 847 561 930 pendeant
583 847 790 928 consectaria3
818 847 903 910 hinc·
921 827 1007 910 enim
1023 845 1190 908 commode
1215 857 1273 908 aut
1298 843 1440 922 dissolvi,

142 965 195 1014 aut
210 952 247 1014 in
262 954 395 1016 clariore
410 954 525 1018 saltem
552 955 624 1018 lnce
649 956 799 1018 collocari
826 966 976 1037 poterunt
1002 956 1161 1037 plurimae
1186 953 1443 1037 disceptationes,

143 1065 309 1147 inquibus
324 1067 447 1150 passim
462 1079 640 1148 versantur,
655 1068 854 1150 quicumque
868 1067 908 1132 de
935 1067 973 1130 iis
998 1065 1174 1148 disputant,
1200 1085 1286 1148 quae
1308 1066 1340 1129 in
1368 1083 1443 1127 con-

137 1172 232 1254 jugiis
247 1173 391 1238 naturali
402 1157 474 1256 jure
489 1185 547 1238 eut
562 1175 726 1256 permissa,
742 1185 799 1238 aut
814 1175 914 1238 vetita
939 1173 1120 1253 rideantur,
1146 1193 1294 1256 quaeque
1309 1171 1442 1237 inferius

140 1280 279 1346 decursu
294 1284 490 1348 tractationis
502 1286 597 1367 juxta
612 1285 806 1367 propositam
820 1283 1010 1348 methodum
1035 1283 1270 1367 opportunitate
1285 1282 1362 1346 data
1377 1300 1443 1345 non

141 1389 335 1456 omittentur.
380 1394 435 1456 Sic
450 1393 547 1474 igitur
572 1393 677 1476 prima
699 1391 812 1474 regula
837 1393 1025 1474 praestituta
1045 1405 1106 1474 est,
1131 1413 1197 1476 qua
1216 1395 1270 1476 jus
1294 1389 1442 1454 naturale

140 1493 314 1562 definiatur
326 1497 419 1578 illud,
435 1499 521 1581 quod
537 1499 704 1564 hominem
718 1501 764 1564 ite
779 1499 894 1582 dirigit,
910 1513 948 1564 ut
970 1519 1186 1584 unaquaeque
1199 1500 1244 1564 ad
1259 1519 1335 1563 suos
1360 1499 1443 1564 fines

140 1610 292 1670 enatura
307 1609 512 1690 praestitutos
536 1609 687 1690 adducat3
715 1609 991 1692 quemadmodum
1017 1611 1105 1674 enirn
1131 1620 1247 1674 natura
1270 1607 1441 1692 operando,

142 1711 400 1796 instituendoque
416 1727 517 1780 certos
532 1716 646 1783 babuit
662 1716 751 1797 fines,
768 1718 813 1780 ita
824 1729 959 1782 naturae
975 1718 1101 1801 legibus
1116 1719 1170 1782 ille
1185 1737 1295 1800 parere
1310 1718 1441 1797 dicetur,

139 1823 257 1902 quires
274 1825 386 1907 exiget
401 1826 444 1890 ad
458 1825 540 1890 lines
556 1833 576 1894 a
598 1837 713 1892 natura
729 1827 799 1909 ipsa
813 1828 997 1910 propositos.
1042 1827 1130 1910 Ergo
1145 1829 1179 1892 in
1193 1829 1350 1912 conjugiis
1365 1828 1444 1889 veti-

139 1940 202 1994 tum
218 1933 396 2030 habebitrp
407 1937 478 2018 jure
491 1947 636 2016 naturae,
652 1935 813 2018 quidquid
827 1937 861 2000 in
875 1937 1032 2020 conjugiis
1047 1939 1157 2002 obesse
1183 1937 1283 2022 possit
1297 1937 1443 2020 perenni-

138 2046 190 2104 tati
205 2043 346 2126 generis,
363 2044 523 2125 quidquid
539 2045 623 2110 bono
647 2045 818 2128 religionis,
833 2045 967 2127 quando
980 2045 1131 2128 conjugia
1157 2045 1200 2110 ad
1224 2045 1306 2108 haec
1332 2042 1442 2106 omnia

137 2145 216 2210 bona
233 2160 315 2212 sunt
325 2153 398 2234 jure
413 2163 549 2216 naturae
563 2152 692 2216 directe

174 2257 349 2326 Sufficeret
364 2261 521 2344 generalis
546 2261 628 2324 haec
653 2261 765 2344 regula
788 2262 943 2328 humanis
968 2265 1138 2344 mentibus,
1161 2264 1286 2346 quoties
1310 2271 1443 2346 peccato

135 2365 279 2448 originis,
293 2369 381 2449 quod
396 2371 509 2434 nucero
535 2383 688 2436 naturam
712 2383 854 2436 nostram
877 2373 1062 2436 universam
1088 2371 1203 2450 infecit,
1229 2369 1441 2434 labefactatae

135 2497 196 2544 non
211 2491 334 2544 essent.
379 2481 434 2546 Uti
449 2482 535 2544 enim
551 2481 702 2546 voluntas
717 2502 754 2546 eo
769 2482 884 2548 delicto
899 2485 1016 2548 vitium
1036 2487 1204 2562 contraxit,
1220 2493 1252 2546 et
1267 2482 1442 2546 deflectens

134 2589 262 2668 abono,
281 2590 314 2654 in
330 2589 455 2656 malum
470 2591 573 2673 coepit
586 2611 658 2654 esse
673 2592 830 2680 proclivis,
858 2595 903 2658 ita
918 2593 1099 2658 intellectus
1114 2589 1227 2654 eodem
1242 2589 1359 2652 delicto
1387 2586 1442 2652 de·

135 2711 294 2780 pravatus
309 2709 366 2780 est,
391 2711 423 2762 et
448 2699 625 2766 deflectens
638 2707 659 2765 a
673 2720 758 2782 rem,
773 2701 859 2766 salsa
871 2702 1070 2785 quandoque
1086 2721 1142 2784 pro
1164 2701 1249 2764 veris
1264 2700 1443 2783 apprehen·

134 2805 186 2888 dit,-
216 2807 311 2872 unde
336 2819 535 2872 emerserunt
549 2810 632 2872 inter
646 2810 795 2874 homines
820 2811 860 2874 de
876 2812 1080 2876 naturalibus
1108 2812 1206 2874 etiem
1232 2811 1351 2893 regulis
1366 2829 1441 2872 con-

134 2917 338 2995 certationes,
356 2916 429 2980 aliis
445 2917 617 2982 inhonesta
630 2917 796 3000 quaedem
818 2939 889 2982 esse
903 2919 1092 3000 dicentibus,
1108 2939 1192 3002 quae
1207 2920 1343 2984 honesta
1369 2920 1442 2984 aliis

135 3023 330 3106 riderentur,
346 3027 393 3090 uti
408 3025 503 3090 modo
529 3026 735 3092 adnotabam.
779 3028 823 3092 At
845 3038 952 3110 grates
978 3029 1042 3092 sint
1072 3028 1140 3092 Deo
1163 3047 1328 3111 perennes,
1352 3027 1441 3110 quod

133 3135 414 3216 quemadmodum
430 3135 631 3201 voluntatem
646 3137 679 3200 ia
706 3137 793 3200 mala
817 3155 952 3220 pronam
976 3137 1133 3220 singulari
1158 3139 1261 3219 gratia
1286 3136 1442 3220 adjuvare
1512 3131 1522 3150 “

134 3239 362 3324 dignatusest,
378 3245 470 3306 itaet
484 3243 684 3308 intellectum
698 3244 732 3306 in
757 3241 842 3308 falsa
868 3243 1053 3326 proclivem,
1080 3243 1218 3308 oraculis
1233 3243 1302 3308 suis
1317 3243 1360 3306 ad
1385 3261 1440 3306 re-

134 3365 211 3428 tum,
227 3356 252 3416 a
268 3369 334 3431 quo
349 3349 445 3417 valde
465 3349 658 3432 deflexisset,
674 3353 812 3432 reduxit,
829 3353 915 3435 quod
941 3351 1064 3418 famarm
1088 3365 1137 3416 est
1162 3373 1217 3436 per
1232 3351 1376 3434 divinas,
1391 3371 1441 3418 sa-

134 3475 271 3541 crasque
285 3459 400 3539 literas,
417 3460 536 3541 quibus
551 3460 661 3526 lumen
682 3473 826 3540 naturae,
853 3464 945 3547 cujus
960 3461 1178 3545 perspicuitati
1194 3461 1372 3544 plurimum
1386 3459 1440 3524 de

135 3575 275 3632 tractum
289 3579 365 3647 erat,
382 3567 562 3652 adjuratur,
579 3579 692 3651 et'quo
705 3570 824 3634 clarius
838 3571 888 3651 sit,
915 3570 1113 3634 obfirmatur.
1156 3570 1238 3634 Heio
1263 3587 1323 3652 ego
1349 3587 1440 3634 cons-

137 3675 213 3740 tituo
226 3676 367 3742 alteram
383 3678 538 3760 regulam,
564 3699 631 3760 qua
645 3679 711 3758 fiet,
728 3691 765 3744 ut
789 3683 915 3763 quoties
930 3683 970 3746 de
993 3682 1133 3748 naturali
1156 3682 1379 3765 conjugiomm
1389 3683 1439 3764 ju·

140 3803 167 3848 re
178 3787 341 3852 dubitatio
354 3797 497 3870 emergat
511 3789 553 3852 ob
569 3787 675 3854 varias
700 3789 873 3856 hominum
897 3791 1073 3874 opiniones,
1090 3799 1121 3852 et
1146 3807 1262 3870 mores,
1288 3785 1331 3852 ad
1346 3787 1438 3852 illam

138 3895 218 3976 juris·
237 3896 343 3964 divini
372 3897 478 3982 scripti
508 3909 631 3982 partem
665 3898 880 3982 confugiatur,
916 3899 951 3964 in
979 3921 1046 3983 qua
1080 3899 1162 3964 nibil
1190 3909 1239 3961 est
1268 3893 1443 3990 singulari-

142 4003 193 4070 bus
206 4005 410 4090 quibusdam
423 4027 608 4088 causarum,
627 4025 846 4092 personarum,
863 4020 921 4073 aut
935 4021 1114 4093 temporum
1138 4007 1298 4094 adjunctis
1314 4019 1439 4068 accont-

139 4119 310 4199 mcdatum,
337 4119 394 4184 sed
423 4119 589 4204 generales
617 4123 858 4204 praeceptiones
886 4123 1036 4187 universo
1062 4123 1209 4186 humano
1233 4118 1340 4202 generi
1369 4133 1439 4198 pro·

138 4209 258 4307 positae
272 4231 487 4310 continentum
504 4230 657 4298 nimirum
673 4229 716 4294 ad
740 4250 851 4294 sacras
865 4232 982 4294 veteris
996 4231 1202 4296 'I'ertamenti
1229 4229 1345 4304 literas,
1372 4241 1439 4288 non

138 4339 268 4419 quidem
287 4341 369 4421 illas,
395 4359 479 4422 quae
505 4341 685 4422 singulares
711 4340 798 4424 leges
823 4339 961 4405 Judaico
986 4341 1104 4424 populo
1130 4337 1388 4422 praestituerunt,
1404 4333 1438 4396 in

138 4441 182 4508 eir
196 4448 284 4510 enim
298 4447 474 4532 positivum
484 4449 537 4532 jus
553 4457 700 4514 versatur
722 4460 759 4514 ut
782 4449 969 4534 plurimum,
984 4451 1120 4529 sedeas,
1136 4466 1220 4530 quae
1235 4446 1376 4528 primum
1391 4443 1439 4527 ip·
