<?xml version="1.0" encoding="UTF-8"?>
<!DOCTYPE html PUBLIC "-//W3C//DTD XHTML 1.0 Transitional//EN"
    "http://www.w3.org/TR/xhtml1/DTD/xhtml1-transitional.dtd">
<html xmlns="http://www.w3.org/1999/xhtml" xml:lang="en" lang="en">
 <head>
  <title>
</title>
<meta http-equiv="Content-Type" content="text/html;charset=utf-8" />
  <meta name='ocr-system' content='tesseract 3.04.00' />
  <meta name='ocr-capabilities' content='ocr_page ocr_carea ocr_par ocr_line ocrx_word'/>
</head>
<body>
  <div class='ocr_page' id='page_1' title='image "./carolisebastian00beragoog_0572.png"; bbox 0 0 3134 4984; ppageno 0'>
   <div class='ocr_carea' id='block_1_1' title="bbox 477 535 1411 600">
    <p class='ocr_par' dir='ltr' id='par_1_1' title="bbox 477 535 1411 600">
     <span class='ocr_line' id='line_1_1' title="bbox 477 535 1411 600; baseline 0.02 -19"><span class='ocrx_word' id='word_1_1' title='bbox 477 535 523 584; x_wconf 82' lang='lat' dir='ltr'>nc</span> <span class='ocrx_word' id='word_1_2' title='bbox 539 537 675 586; x_wconf 75' lang='lat' dir='ltr'>seuera</span> <span class='ocrx_word' id='word_1_3' title='bbox 690 541 803 588; x_wconf 75' lang='lat' dir='ltr'>caere</span> <span class='ocrx_word' id='word_1_4' title='bbox 819 546 1045 594; x_wconf 73' lang='lat' dir='ltr'>seueronnu.</span> <span class='ocrx_word' id='word_1_5' title='bbox 1350 535 1411 600; x_wconf 64' lang='lat' dir='ltr'>1OE</span> 
     </span>
    </p>
   </div>
   <div class='ocr_carea' id='block_1_2' title="bbox 74 647 1450 3380">
    <p class='ocr_par' dir='ltr' id='par_1_2' title="bbox 74 647 1450 3234">
     <span class='ocr_line' id='line_1_2' title="bbox 118 647 1410 761; baseline 0.024 -49"><span class='ocrx_word' id='word_1_6' title='bbox 118 647 239 714; x_wconf 83' lang='lat' dir='ltr'>Christo</span> <span class='ocrx_word' id='word_1_7' title='bbox 250 654 477 739; x_wconf 81' lang='lat' dir='ltr'>occnbtterant3</span> <span class='ocrx_word' id='word_1_8' title='bbox 493 660 590 722; x_wconf 87' lang='lat' dir='ltr'>modo</span> <span class='ocrx_word' id='word_1_9' title='bbox 605 664 776 741; x_wconf 81' lang='lat' dir='ltr'>viridiceti,</span> <span class='ocrx_word' id='word_1_10' title='bbox 792 669 910 750; x_wconf 84' lang='lat' dir='ltr'>quibus</span> <span class='ocrx_word' id='word_1_11' title='bbox 921 671 1048 736; x_wconf 87' lang='lat' dir='ltr'>decreto</span> <span class='ocrx_word' id='word_1_12' title='bbox 1063 673 1230 746; x_wconf 74' lang='lat' dir='ltr'>Ecclesiae</span> <span class='ocrx_word' id='word_1_13' title='bbox 1240 675 1309 761; x_wconf 87' lang='lat' dir='ltr'>jam</span> <span class='ocrx_word' id='word_1_14' title='bbox 1325 676 1410 760; x_wconf 60' lang='lat' dir='ltr'>Mae</span> 
     </span>
     <span class='ocr_line' id='line_1_3' title="bbox 116 761 1408 868; baseline 0.026 -49"><span class='ocrx_word' id='word_1_15' title='bbox 116 769 215 839; x_wconf 82' lang='lat' dir='ltr'>tyrum</span> <span class='ocrx_word' id='word_1_16' title='bbox 229 761 335 826; x_wconf 89' lang='lat' dir='ltr'>cultus</span> <span class='ocrx_word' id='word_1_17' title='bbox 347 765 590 833; x_wconf 73' lang='lat' dir='ltr'>exhibebantur.</span> <span class='ocrx_word' id='word_1_18' title='bbox 615 773 718 836; x_wconf 86' lang='lat' dir='ltr'>Paulo</span> <span class='ocrx_word' id='word_1_19' title='bbox 732 779 887 840; x_wconf 81' lang='lat' dir='ltr'>recentior</span> <span class='ocrx_word' id='word_1_20' title='bbox 897 777 958 842; x_wconf 85' lang='lat' dir='ltr'>snit</span> <span class='ocrx_word' id='word_1_21' title='bbox 972 781 1080 844; x_wconf 88' lang='lat' dir='ltr'>cultus</span> <span class='ocrx_word' id='word_1_22' title='bbox 1092 783 1124 846; x_wconf 92' lang='lat' dir='ltr'>in</span> <span class='ocrx_word' id='word_1_23' title='bbox 1143 784 1291 848; x_wconf 74' lang='lat' dir='ltr'>Ecclesia</span> <span class='ocrx_word' id='word_1_24' title='bbox 1305 807 1408 868; x_wconf 80' lang='lat' dir='ltr'>praes·</span> 
     </span>
     <span class='ocr_line' id='line_1_4' title="bbox 116 867 1405 976; baseline 0.028 -50"><span class='ocrx_word' id='word_1_25' title='bbox 116 867 220 932; x_wconf 85' lang='lat' dir='ltr'>titntns</span> <span class='ocrx_word' id='word_1_26' title='bbox 248 871 322 945; x_wconf 71' lang='lat' dir='ltr'>ciris</span> <span class='ocrx_word' id='word_1_27' title='bbox 332 875 436 955; x_wconf 66' lang='lat' dir='ltr'>iustis,</span> <span class='ocrx_word' id='word_1_28' title='bbox 461 879 516 957; x_wconf 89' lang='lat' dir='ltr'>qui</span> <span class='ocrx_word' id='word_1_29' title='bbox 533 899 598 956; x_wconf 79' lang='lat' dir='ltr'>neu</span> <span class='ocrx_word' id='word_1_30' title='bbox 625 885 777 964; x_wconf 88' lang='lat' dir='ltr'>martyria</span> <span class='ocrx_word' id='word_1_31' title='bbox 802 899 833 948; x_wconf 90' lang='lat' dir='ltr'>et</span> <span class='ocrx_word' id='word_1_32' title='bbox 850 875 957 966; x_wconf 78' lang='lat' dir='ltr'>fidem,</span> <span class='ocrx_word' id='word_1_33' title='bbox 984 900 1016 952; x_wconf 91' lang='lat' dir='ltr'>et</span> <span class='ocrx_word' id='word_1_34' title='bbox 1031 891 1221 956; x_wconf 82' lang='lat' dir='ltr'>charitatem</span> <span class='ocrx_word' id='word_1_35' title='bbox 1238 896 1271 960; x_wconf 93' lang='lat' dir='ltr'>in</span> <span class='ocrx_word' id='word_1_36' title='bbox 1288 897 1405 976; x_wconf 86' lang='lat' dir='ltr'>Deum,</span> 
     </span>
     <span class='ocr_line' id='line_1_5' title="bbox 112 971 1405 1077; baseline 0.032 -47"><span class='ocrx_word' id='word_1_37' title='bbox 112 971 164 1033; x_wconf 87' lang='lat' dir='ltr'>sed</span> <span class='ocrx_word' id='word_1_38' title='bbox 180 976 295 1058; x_wconf 79' lang='lat' dir='ltr'>insigni</span> <span class='ocrx_word' id='word_1_39' title='bbox 322 981 474 1046; x_wconf 82' lang='lat' dir='ltr'>virtutum</span> <span class='ocrx_word' id='word_1_40' title='bbox 493 984 687 1066; x_wconf 82' lang='lat' dir='ltr'>professione</span> <span class='ocrx_word' id='word_1_41' title='bbox 714 991 871 1058; x_wconf 85' lang='lat' dir='ltr'>adfinem</span> <span class='ocrx_word' id='word_1_42' title='bbox 900 1016 1002 1077; x_wconf 90' lang='lat' dir='ltr'>usqne</span> <span class='ocrx_word' id='word_1_43' title='bbox 1020 1001 1102 1064; x_wconf 81' lang='lat' dir='ltr'>vitae</span> <span class='ocrx_word' id='word_1_44' title='bbox 1127 1003 1272 1076; x_wconf 85' lang='lat' dir='ltr'>exhibita</span> <span class='ocrx_word' id='word_1_45' title='bbox 1299 1008 1405 1072; x_wconf 78' lang='lat' dir='ltr'>testati</span> 
     </span>
     <span class='ocr_line' id='line_1_6' title="bbox 110 1077 1406 1198; baseline 0.034 -59"><span class='ocrx_word' id='word_1_46' title='bbox 110 1077 188 1159; x_wconf 84' lang='lat' dir='ltr'>sarit,</span> <span class='ocrx_word' id='word_1_47' title='bbox 204 1104 284 1164; x_wconf 90' lang='lat' dir='ltr'>qnos</span> <span class='ocrx_word' id='word_1_48' title='bbox 312 1089 517 1154; x_wconf 77' lang='lat' dir='ltr'>confessores</span> <span class='ocrx_word' id='word_1_49' title='bbox 534 1099 685 1174; x_wconf 73' lang='lat' dir='ltr'>posterior</span> <span class='ocrx_word' id='word_1_50' title='bbox 710 1113 799 1164; x_wconf 82' lang='lat' dir='ltr'>aetas</span> <span class='ocrx_word' id='word_1_51' title='bbox 814 1104 999 1185; x_wconf 89' lang='lat' dir='ltr'>appellavit,</span> <span class='ocrx_word' id='word_1_52' title='bbox 1027 1129 1098 1191; x_wconf 89' lang='lat' dir='ltr'>cap.</span> <span class='ocrx_word' id='word_1_53' title='bbox 1116 1131 1168 1174; x_wconf 91' lang='lat' dir='ltr'>un.</span> <span class='ocrx_word' id='word_1_54' title='bbox 1196 1113 1236 1176; x_wconf 89' lang='lat' dir='ltr'>de</span> <span class='ocrx_word' id='word_1_55' title='bbox 1259 1116 1357 1198; x_wconf 82' lang='lat' dir='ltr'>reliq,</span> <span class='ocrx_word' id='word_1_56' title='bbox 1371 1127 1406 1182; x_wconf 80' lang='lat' dir='ltr'>et</span> 
     </span>
     <span class='ocr_line' id='line_1_7' title="bbox 108 1187 1403 1308; baseline 0.032 -58"><span class='ocrx_word' id='word_1_57' title='bbox 108 1205 175 1252; x_wconf 84' lang='lat' dir='ltr'>ren.</span> <span class='ocrx_word' id='word_1_58' title='bbox 190 1193 301 1258; x_wconf 78' lang='lat' dir='ltr'>Sciret.</span> <span class='ocrx_word' id='word_1_59' title='bbox 345 1189 506 1264; x_wconf 82' lang='lat' dir='ltr'>Nimirum</span> <span class='ocrx_word' id='word_1_60' title='bbox 521 1187 646 1268; x_wconf 88' lang='lat' dir='ltr'>onlttnu</span> <span class='ocrx_word' id='word_1_61' title='bbox 674 1207 771 1270; x_wconf 89' lang='lat' dir='ltr'>istum</span> <span class='ocrx_word' id='word_1_62' title='bbox 789 1211 954 1292; x_wconf 88' lang='lat' dir='ltr'>publicum</span> <span class='ocrx_word' id='word_1_63' title='bbox 980 1214 1248 1308; x_wconf 78' lang='lat' dir='ltr'>quarto&#39;primnm</span> <span class='ocrx_word' id='word_1_64' title='bbox 1272 1227 1403 1291; x_wconf 87' lang='lat' dir='ltr'>soeculo</span> 
     </span>
     <span class='ocr_line' id='line_1_8' title="bbox 105 1293 1402 1408; baseline 0.032 -52"><span class='ocrx_word' id='word_1_65' title='bbox 105 1293 279 1380; x_wconf 76' lang='lat' dir='ltr'>inolevisse,</span> <span class='ocrx_word' id='word_1_66' title='bbox 307 1305 421 1368; x_wconf 88' lang='lat' dir='ltr'>eruditi</span> <span class='ocrx_word' id='word_1_67' title='bbox 440 1307 497 1370; x_wconf 86' lang='lat' dir='ltr'>viri</span> <span class='ocrx_word' id='word_1_68' title='bbox 524 1309 734 1394; x_wconf 71' lang='lat' dir='ltr'>tradidernnn</span> <span class='ocrx_word' id='word_1_69' title='bbox 760 1335 825 1396; x_wconf 92' lang='lat' dir='ltr'>qno</span> <span class='ocrx_word' id='word_1_70' title='bbox 841 1322 981 1400; x_wconf 89' lang='lat' dir='ltr'>primum</span> <span class='ocrx_word' id='word_1_71' title='bbox 1008 1335 1147 1408; x_wconf 89' lang='lat' dir='ltr'>tempore</span> <span class='ocrx_word' id='word_1_72' title='bbox 1173 1333 1402 1398; x_wconf 81' lang='lat' dir='ltr'>oratiouesuli-</span> 
     </span>
     <span class='ocr_line' id='line_1_9' title="bbox 104 1407 1400 1530; baseline 0.036 -65"><span class='ocrx_word' id='word_1_73' title='bbox 104 1411 236 1484; x_wconf 84' lang='lat' dir='ltr'>quatita</span> <span class='ocrx_word' id='word_1_74' title='bbox 262 1415 530 1498; x_wconf 86' lang='lat' dir='ltr'>coricipiebentur,</span> <span class='ocrx_word' id='word_1_75' title='bbox 559 1434 593 1484; x_wconf 90' lang='lat' dir='ltr'>ut</span> <span class='ocrx_word' id='word_1_76' title='bbox 609 1442 721 1488; x_wconf 87' lang='lat' dir='ltr'>earum</span> <span class='ocrx_word' id='word_1_77' title='bbox 736 1407 887 1492; x_wconf 64' lang='lat' dir='ltr'>&#39;farinula</span> <span class='ocrx_word' id='word_1_78' title='bbox 912 1433 1012 1498; x_wconf 86' lang='lat' dir='ltr'>dnbio</span> <span class='ocrx_word' id='word_1_79' title='bbox 1038 1439 1214 1504; x_wconf 85' lang='lat' dir='ltr'>admodum</span> <span class='ocrx_word' id='word_1_80' title='bbox 1230 1445 1400 1530; x_wconf 83' lang='lat' dir='ltr'>videretur,</span> 
     </span>
     <span class='ocr_line' id='line_1_10' title="bbox 90 1518 1400 1632; baseline 0.038 -62"><span class='ocrx_word' id='word_1_81' title='bbox 90 1521 142 1573; x_wconf 63' lang='lat' dir='ltr'>nm</span> <span class='ocrx_word' id='word_1_82' title='bbox 157 1533 210 1595; x_wconf 87' lang='lat' dir='ltr'>pro</span> <span class='ocrx_word' id='word_1_83' title='bbox 226 1518 355 1584; x_wconf 81' lang='lat' dir='ltr'>Sanctis</span> <span class='ocrx_word' id='word_1_84' title='bbox 383 1523 445 1585; x_wconf 85' lang='lat' dir='ltr'>illis</span> <span class='ocrx_word' id='word_1_85' title='bbox 463 1525 611 1590; x_wconf 84' lang='lat' dir='ltr'>Ecclesia</span> <span class='ocrx_word' id='word_1_86' title='bbox 626 1543 729 1594; x_wconf 84' lang='lat' dir='ltr'>oraret</span> <span class='ocrx_word' id='word_1_87' title='bbox 745 1533 860 1614; x_wconf 90' lang='lat' dir='ltr'>Deum,</span> <span class='ocrx_word' id='word_1_88' title='bbox 885 1559 925 1602; x_wconf 86' lang='lat' dir='ltr'>an</span> <span class='ocrx_word' id='word_1_89' title='bbox 943 1544 1048 1622; x_wconf 89' lang='lat' dir='ltr'>potins</span> <span class='ocrx_word' id='word_1_90' title='bbox 1068 1545 1212 1612; x_wconf 80' lang='lat' dir='ltr'>Ecclesia</span> <span class='ocrx_word' id='word_1_91' title='bbox 1228 1569 1284 1632; x_wconf 92' lang='lat' dir='ltr'>pro</span> <span class='ocrx_word' id='word_1_92' title='bbox 1299 1553 1400 1620; x_wconf 86' lang='lat' dir='ltr'>fideli·</span> 
     </span>
     <span class='ocr_line' id='line_1_11' title="bbox 102 1614 1397 1734; baseline 0.048 -61"><span class='ocrx_word' id='word_1_93' title='bbox 102 1614 157 1678; x_wconf 88' lang='lat' dir='ltr'>bns</span> <span class='ocrx_word' id='word_1_94' title='bbox 171 1636 283 1700; x_wconf 86' lang='lat' dir='ltr'>oraret,</span> <span class='ocrx_word' id='word_1_95' title='bbox 300 1628 483 1710; x_wconf 87' lang='lat' dir='ltr'>interposita</span> <span class='ocrx_word' id='word_1_96' title='bbox 498 1636 683 1701; x_wconf 86' lang='lat' dir='ltr'>eorrnnderu</span> <span class='ocrx_word' id='word_1_97' title='bbox 700 1641 910 1708; x_wconf 82' lang='lat' dir='ltr'>Sanctortun‘</span> <span class='ocrx_word' id='word_1_98' title='bbox 920 1649 1155 1718; x_wconf 87' lang='lat' dir='ltr'>intercessione.</span> <span class='ocrx_word' id='word_1_99' title='bbox 1179 1659 1286 1724; x_wconf 78' lang='lat' dir='ltr'>Refert</span> <span class='ocrx_word' id='word_1_100' title='bbox 1302 1664 1397 1734; x_wconf 72' lang='lat' dir='ltr'>tone</span> 
     </span>
     <span class='ocr_line' id='line_1_12' title="bbox 98 1730 1397 1846; baseline 0.044 -63"><span class='ocrx_word' id='word_1_101' title='bbox 98 1730 218 1792; x_wconf 88' lang='lat' dir='ltr'>centius</span> <span class='ocrx_word' id='word_1_102' title='bbox 237 1733 295 1796; x_wconf 88' lang='lat'><em>111.</em></span> <span class='ocrx_word' id='word_1_103' title='bbox 324 1737 354 1797; x_wconf 93' lang='lat' dir='ltr'>in</span> <span class='ocrx_word' id='word_1_104' title='bbox 372 1758 440 1820; x_wconf 85' lang='lat' dir='ltr'>cap.</span> <span class='ocrx_word' id='word_1_105' title='bbox 458 1743 486 1802; x_wconf 84' lang='lat'>5.</span> <span class='ocrx_word' id='word_1_106' title='bbox 515 1745 537 1809; x_wconf 83' lang='lat' dir='ltr'>i.</span> <span class='ocrx_word' id='word_1_107' title='bbox 555 1744 611 1808; x_wconf 91' lang='lat' dir='ltr'>ult.</span> <span class='ocrx_word' id='word_1_108' title='bbox 628 1745 668 1808; x_wconf 87' lang='lat' dir='ltr'>de</span> <span class='ocrx_word' id='word_1_109' title='bbox 694 1750 842 1816; x_wconf 87' lang='lat' dir='ltr'>celebrat.</span> <span class='ocrx_word' id='word_1_110' title='bbox 859 1755 994 1838; x_wconf 77' lang='lat' dir='ltr'>Missae,</span> <span class='ocrx_word' id='word_1_111' title='bbox 1021 1764 1058 1826; x_wconf 89' lang='lat' dir='ltr'>in</span> <span class='ocrx_word' id='word_1_112' title='bbox 1072 1778 1196 1834; x_wconf 87' lang='lat' dir='ltr'>secreta</span> <span class='ocrx_word' id='word_1_113' title='bbox 1216 1772 1397 1846; x_wconf 71' lang='lat' dir='ltr'>B.,Leom&#39;o</span> 
     </span>
     <span class='ocr_line' id='line_1_13' title="bbox 99 1832 1397 1956; baseline 0.045 -64"><span class='ocrx_word' id='word_1_114' title='bbox 99 1832 139 1894; x_wconf 85' lang='lat' dir='ltr'>II.</span> <span class='ocrx_word' id='word_1_115' title='bbox 151 1839 249 1920; x_wconf 82' lang='lat' dir='ltr'>juxta</span> <span class='ocrx_word' id='word_1_116' title='bbox 277 1847 473 1926; x_wconf 79' lang='lat' dir='ltr'>antiquiores</span> <span class='ocrx_word' id='word_1_117' title='bbox 489 1851 615 1918; x_wconf 87' lang='lat' dir='ltr'>codices</span> <span class='ocrx_word' id='word_1_118' title='bbox 642 1855 686 1918; x_wconf 89' lang='lat' dir='ltr'>ita</span> <span class='ocrx_word' id='word_1_119' title='bbox 701 1861 781 1922; x_wconf 87' lang='lat' dir='ltr'>orari</span> <span class='ocrx_word' id='word_1_120' title='bbox 810 1863 842 1924; x_wconf 94' lang='lat' dir='ltr'>in</span> <span class='ocrx_word' id='word_1_121' title='bbox 860 1864 1008 1942; x_wconf 80' lang='lat' dir='ltr'>Ecclesia</span> <span class='ocrx_word' id='word_1_122' title='bbox 1033 1881 1251 1946; x_wconf 86' lang='lat' dir='ltr'>consttevisse:</span> <span class='ocrx_word' id='word_1_123' title='bbox 1277 1888 1397 1956; x_wconf 75' lang='lat' dir='ltr'>Atinae</span> 
     </span>
     <span class='ocr_line' id='line_1_14' title="bbox 96 1947 1450 2077; baseline 0.044 -72"><span class='ocrx_word' id='word_1_124' title='bbox 96 1947 191 2024; x_wconf 64' lang='lat' dir='ltr'>nobie</span> <span class='ocrx_word' id='word_1_125' title='bbox 210 1949 363 2032; x_wconf 84' lang='lat' dir='ltr'>Domine,</span> <span class='ocrx_word' id='word_1_126' title='bbox 393 1965 430 2019; x_wconf 87' lang='lat' dir='ltr'>ut</span> <span class='ocrx_word' id='word_1_127' title='bbox 445 1961 715 2045; x_wconf 81' lang='lat' dir='ltr'>anirueesanntli</span> <span class='ocrx_word' id='word_1_128' title='bbox 729 1971 780 2034; x_wconf 87' lang='lat' dir='ltr'>tui</span> <span class='ocrx_word' id='word_1_129' title='bbox 795 1971 919 2036; x_wconf 86' lang='lat' dir='ltr'>Leonis</span> <span class='ocrx_word' id='word_1_130' title='bbox 933 1977 1012 2042; x_wconf 80' lang='lat' dir='ltr'>baec</span> <span class='ocrx_word' id='word_1_131' title='bbox 1025 1986 1132 2064; x_wconf 84' lang='lat' dir='ltr'>prosit</span> <span class='ocrx_word' id='word_1_132' title='bbox 1151 1989 1277 2070; x_wconf 85' lang='lat' dir='ltr'>oblatio,</span> <span class='ocrx_word' id='word_1_133' title='bbox 1292 2015 1395 2077; x_wconf 85' lang='lat' dir='ltr'>quan·</span> <span class='ocrx_word' id='word_1_134' title='bbox 1448 2067 1450 2074; x_wconf 16' lang='grc' dir='ltr'><em>Α</em></span> 
     </span>
     <span class='ocr_line' id='line_1_15' title="bbox 94 2051 1393 2170; baseline 0.044 -58"><span class='ocrx_word' id='word_1_135' title='bbox 94 2051 132 2114; x_wconf 93' lang='lat' dir='ltr'>do</span> <span class='ocrx_word' id='word_1_136' title='bbox 147 2075 178 2118; x_wconf 86' lang='lat' dir='ltr'>iu</span> <span class='ocrx_word' id='word_1_137' title='bbox 194 2061 380 2126; x_wconf 83' lang='lat' dir='ltr'>recentibus</span> <span class='ocrx_word' id='word_1_138' title='bbox 396 2064 482 2131; x_wconf 91' lang='lat' dir='ltr'>illins</span> <span class='ocrx_word' id='word_1_139' title='bbox 500 2073 649 2150; x_wconf 89' lang='lat' dir='ltr'>temporis</span> <span class='ocrx_word' id='word_1_140' title='bbox 664 2075 930 2162; x_wconf 72' lang='lat' dir='ltr'>sacramentariis</span> <span class='ocrx_word' id='word_1_141' title='bbox 946 2085 1116 2156; x_wconf 76' lang='lat' dir='ltr'>immutata</span> <span class='ocrx_word' id='word_1_142' title='bbox 1132 2093 1193 2158; x_wconf 81' lang='lat' dir='ltr'>suit</span> <span class='ocrx_word' id='word_1_143' title='bbox 1207 2101 1320 2166; x_wconf 89' lang='lat' dir='ltr'>orandi</span> <span class='ocrx_word' id='word_1_144' title='bbox 1336 2103 1393 2170; x_wconf 79' lang='lat' dir='ltr'>sor·</span> 
     </span>
     <span class='ocr_line' id='line_1_16' title="bbox 94 2164 1392 2286; baseline 0.042 -63"><span class='ocrx_word' id='word_1_145' title='bbox 94 2164 178 2227; x_wconf 85' lang='lat' dir='ltr'>mula</span> <span class='ocrx_word' id='word_1_146' title='bbox 195 2167 248 2230; x_wconf 85' lang='lat' dir='ltr'>lus</span> <span class='ocrx_word' id='word_1_147' title='bbox 268 2171 380 2233; x_wconf 88' lang='lat' dir='ltr'>verbis:</span> <span class='ocrx_word' id='word_1_148' title='bbox 398 2173 515 2240; x_wconf 82' lang='lat' dir='ltr'>Annae</span> <span class='ocrx_word' id='word_1_149' title='bbox 530 2181 629 2256; x_wconf 73' lang='lat' dir='ltr'>asebis,</span> <span class='ocrx_word' id='word_1_150' title='bbox 653 2205 862 2266; x_wconf 77' lang='lat' dir='ltr'>quaesiimus,</span> <span class='ocrx_word' id='word_1_151' title='bbox 879 2187 1031 2272; x_wconf 87' lang='lat' dir='ltr'>Domine,</span> <span class='ocrx_word' id='word_1_152' title='bbox 1054 2205 1092 2260; x_wconf 83' lang='lat' dir='ltr'>at</span> <span class='ocrx_word' id='word_1_153' title='bbox 1107 2200 1334 2272; x_wconf 73' lang='lat' dir='ltr'>intercessione</span> <span class='ocrx_word' id='word_1_154' title='bbox 1348 2209 1392 2286; x_wconf 83' lang='lat' dir='ltr'>B,</span> 
     </span>
     <span class='ocr_line' id='line_1_17' title="bbox 90 2269 1392 2404; baseline 0.038 -70"><span class='ocrx_word' id='word_1_155' title='bbox 90 2269 210 2340; x_wconf 81' lang='lat' dir='ltr'>Leonis</span> <span class='ocrx_word' id='word_1_156' title='bbox 225 2279 307 2342; x_wconf 80' lang='lat' dir='ltr'>liaeo</span> <span class='ocrx_word' id='word_1_157' title='bbox 332 2283 423 2344; x_wconf 84' lang='lat' dir='ltr'>uobis</span> <span class='ocrx_word' id='word_1_158' title='bbox 434 2287 543 2366; x_wconf 83' lang='lat' dir='ltr'>prosit</span> <span class='ocrx_word' id='word_1_159' title='bbox 554 2288 680 2354; x_wconf 84' lang='lat' dir='ltr'>ablatio.</span> <span class='ocrx_word' id='word_1_160' title='bbox 724 2292 829 2358; x_wconf 87' lang='lat' dir='ltr'>Immo</span> <span class='ocrx_word' id='word_1_161' title='bbox 844 2309 875 2358; x_wconf 91' lang='lat' dir='ltr'>et</span> <span class='ocrx_word' id='word_1_162' title='bbox 889 2287 1017 2382; x_wconf 82' lang='lat' dir='ltr'>subjicit</span> <span class='ocrx_word' id='word_1_163' title='bbox 1032 2303 1250 2392; x_wconf 81' lang='lat' dir='ltr'>Innocentius,</span> <span class='ocrx_word' id='word_1_164' title='bbox 1276 2317 1313 2380; x_wconf 86' lang='lat' dir='ltr'>in</span> <span class='ocrx_word' id='word_1_165' title='bbox 1325 2321 1392 2404; x_wconf 85' lang='lat' dir='ltr'>plo-</span> 
     </span>
     <span class='ocr_line' id='line_1_18' title="bbox 88 2381 1390 2510; baseline 0.038 -65"><span class='ocrx_word' id='word_1_166' title='bbox 88 2381 196 2468; x_wconf 73' lang='lat' dir='ltr'>risque</span> <span class='ocrx_word' id='word_1_167' title='bbox 220 2391 428 2454; x_wconf 79' lang='lat' dir='ltr'>orationibus</span> <span class='ocrx_word' id='word_1_168' title='bbox 454 2396 625 2458; x_wconf 84' lang='lat' dir='ltr'>contineri:</span> <span class='ocrx_word' id='word_1_169' title='bbox 648 2403 766 2482; x_wconf 81' lang='lat' dir='ltr'>prosit.</span> <span class='ocrx_word' id='word_1_170' title='bbox 782 2405 833 2466; x_wconf 76' lang='lat' dir='ltr'>eei</span> <span class='ocrx_word' id='word_1_171' title='bbox 853 2409 1008 2490; x_wconf 70' lang='lat' dir='ltr'>preficiat</span> <span class='ocrx_word' id='word_1_172' title='bbox 1021 2413 1099 2478; x_wconf 85' lang='lat' dir='ltr'>liuic</span> <span class='ocrx_word' id='word_1_173' title='bbox 1115 2417 1245 2500; x_wconf 76' lang='lat' dir='ltr'>Sancto,</span> <span class='ocrx_word' id='word_1_174' title='bbox 1268 2428 1390 2510; x_wconf 76' lang='lat' dir='ltr'>oettttt,</span> 
     </span>
     <span class='ocr_line' id='line_1_19' title="bbox 86 2486 1390 2601; baseline 0.04 -51"><span class='ocrx_word' id='word_1_175' title='bbox 86 2492 161 2556; x_wconf 84' lang='lat' dir='ltr'>talis</span> <span class='ocrx_word' id='word_1_176' title='bbox 176 2497 300 2562; x_wconf 82' lang='lat' dir='ltr'>oblatio</span> <span class='ocrx_word' id='word_1_177' title='bbox 325 2500 370 2562; x_wconf 83' lang='lat' dir='ltr'>ad</span> <span class='ocrx_word' id='word_1_178' title='bbox 380 2501 538 2584; x_wconf 80' lang='lat' dir='ltr'>gloriam,</span> <span class='ocrx_word' id='word_1_179' title='bbox 565 2514 595 2568; x_wconf 85' lang='lat' dir='ltr'>et</span> <span class='ocrx_word' id='word_1_180' title='bbox 609 2506 771 2572; x_wconf 76' lang='lat' dir='ltr'>honorem.</span> <span class='ocrx_word' id='word_1_181' title='bbox 797 2486 885 2576; x_wconf 64' lang='lat' dir='ltr'>sitas</span> <span class='ocrx_word' id='word_1_182' title='bbox 900 2529 1019 2600; x_wconf 83' lang='lat' dir='ltr'>etitem,</span> <span class='ocrx_word' id='word_1_183' title='bbox 1045 2537 1077 2585; x_wconf 87' lang='lat' dir='ltr'>et</span> <span class='ocrx_word' id='word_1_184' title='bbox 1091 2525 1212 2592; x_wconf 85' lang='lat' dir='ltr'>similes</span> <span class='ocrx_word' id='word_1_185' title='bbox 1236 2515 1390 2601; x_wconf 66' lang='lat' dir='ltr'>so&#39;rmnlas</span> 
     </span>
     <span class='ocr_line' id='line_1_20' title="bbox 85 2599 1390 2735; baseline 0.043 -72"><span class='ocrx_word' id='word_1_186' title='bbox 85 2599 125 2666; x_wconf 86' lang='lat' dir='ltr'>ita</span> <span class='ocrx_word' id='word_1_187' title='bbox 142 2605 377 2691; x_wconf 85' lang='lat' dir='ltr'>interpretetur,</span> <span class='ocrx_word' id='word_1_188' title='bbox 396 2622 431 2674; x_wconf 89' lang='lat' dir='ltr'>nt</span> <span class='ocrx_word' id='word_1_189' title='bbox 445 2614 490 2676; x_wconf 86' lang='lat' dir='ltr'>ad</span> <span class='ocrx_word' id='word_1_190' title='bbox 503 2615 561 2680; x_wconf 82' lang='lat' dir='ltr'>lioc</span> <span class='ocrx_word' id='word_1_191' title='bbox 572 2621 682 2702; x_wconf 84' lang='lat' dir='ltr'>prosit</span> <span class='ocrx_word' id='word_1_192' title='bbox 696 2623 814 2686; x_wconf 84' lang='lat' dir='ltr'>oblatio</span> <span class='ocrx_word' id='word_1_193' title='bbox 829 2613 966 2710; x_wconf 81' lang='lat' dir='ltr'>Sanctis,</span> <span class='ocrx_word' id='word_1_194' title='bbox 983 2609 1069 2716; x_wconf 81' lang='lat' dir='ltr'>qnod</span> <span class='ocrx_word' id='word_1_195' title='bbox 1083 2643 1205 2724; x_wconf 73' lang='lat' dir='ltr'>magis,</span> <span class='ocrx_word' id='word_1_196' title='bbox 1223 2667 1262 2712; x_wconf 86' lang='lat' dir='ltr'>ac</span> <span class='ocrx_word' id='word_1_197' title='bbox 1276 2657 1390 2735; x_wconf 79' lang='lat' dir='ltr'>magio</span> 
     </span>
     <span class='ocr_line' id='line_1_21' title="bbox 82 2716 1388 2842; baseline 0.04 -66"><span class='ocrx_word' id='word_1_198' title='bbox 82 2716 272 2796; x_wconf 69' lang='lat' dir='ltr'>endeticas</span> <span class='ocrx_word' id='word_1_199' title='bbox 283 2721 512 2804; x_wconf 81' lang='lat' dir='ltr'>glorificentur</span> <span class='ocrx_word' id='word_1_200' title='bbox 527 2725 564 2808; x_wconf 81' lang='lat' dir='ltr'>in</span> <span class='ocrx_word' id='word_1_201' title='bbox 579 2730 684 2804; x_wconf 82' lang='lat' dir='ltr'>terris,</span> <span class='ocrx_word' id='word_1_202' title='bbox 700 2731 774 2794; x_wconf 87' lang='lat' dir='ltr'>licet</span> <span class='ocrx_word' id='word_1_203' title='bbox 786 2735 936 2820; x_wconf 79' lang='lat' dir='ltr'>plerique</span> <span class='ocrx_word' id='word_1_204' title='bbox 950 2754 1103 2825; x_wconf 87' lang='lat' dir='ltr'>reputent</span> <span class='ocrx_word' id='word_1_205' title='bbox 1116 2769 1181 2814; x_wconf 89' lang='lat' dir='ltr'>non</span> <span class='ocrx_word' id='word_1_206' title='bbox 1196 2754 1388 2842; x_wconf 77' lang='lat' dir='ltr'>indignum,</span> 
     </span>
     <span class='ocr_line' id='line_1_22' title="bbox 81 2821 1408 2936; baseline 0.039 -50"><span class='ocrx_word' id='word_1_207' title='bbox 81 2821 288 2894; x_wconf 76' lang='lat' dir='ltr'>Sanctarum</span> <span class='ocrx_word' id='word_1_208' title='bbox 299 2831 449 2912; x_wconf 83' lang='lat' dir='ltr'>gloriam</span> <span class='ocrx_word' id='word_1_209' title='bbox 464 2855 569 2918; x_wconf 83' lang='lat' dir='ltr'>usqne</span> <span class='ocrx_word' id='word_1_210' title='bbox 584 2837 808 2920; x_wconf 82' lang='lat' dir='ltr'>adjudicium</span> <span class='ocrx_word' id='word_1_211' title='bbox 822 2855 1048 2930; x_wconf 64' lang='lat' dir='ltr'>coagmentari,</span> <span class='ocrx_word' id='word_1_212' title='bbox 1069 2865 1100 2919; x_wconf 89' lang='lat' dir='ltr'>et</span> <span class='ocrx_word' id='word_1_213' title='bbox 1113 2859 1186 2924; x_wconf 86' lang='lat' dir='ltr'>ideo</span> <span class='ocrx_word' id='word_1_214' title='bbox 1201 2862 1389 2936; x_wconf 80' lang='lat' dir='ltr'>Ecclesiam</span> <span class='ocrx_word' id='word_1_215' title='bbox 1407 2860 1408 2864; x_wconf 22' lang='lat'>¹</span> 
     </span>
     <span class='ocr_line' id='line_1_23' title="bbox 80 2930 1387 3049; baseline 0.04 -59"><span class='ocrx_word' id='word_1_216' title='bbox 80 2930 217 2998; x_wconf 87' lang='lat' dir='ltr'>interim</span> <span class='ocrx_word' id='word_1_217' title='bbox 230 2955 315 3000; x_wconf 84' lang='lat' dir='ltr'>sane</span> <span class='ocrx_word' id='word_1_218' title='bbox 326 2959 424 3020; x_wconf 85' lang='lat' dir='ltr'>passe</span> <span class='ocrx_word' id='word_1_219' title='bbox 439 2952 654 3024; x_wconf 70' lang='lat' dir='ltr'>euganeorum</span> <span class='ocrx_word' id='word_1_220' title='bbox 669 2949 927 3032; x_wconf 66' lang='lat' dir='ltr'>glorificationis</span> <span class='ocrx_word' id='word_1_221' title='bbox 941 2979 1054 3026; x_wconf 86' lang='lat' dir='ltr'>eornm</span> <span class='ocrx_word' id='word_1_222' title='bbox 1069 2975 1199 3049; x_wconf 64' lang='lat' dir='ltr'>optare:</span> <span class='ocrx_word' id='word_1_223' title='bbox 1212 2984 1243 3034; x_wconf 86' lang='lat' dir='ltr'>ct</span> <span class='ocrx_word' id='word_1_224' title='bbox 1257 2979 1387 3044; x_wconf 57' lang='lat' dir='ltr'>conclu-2</span> 
     </span>
     <span class='ocr_line' id='line_1_24' title="bbox 77 3036 1383 3160; baseline 0.038 -62"><span class='ocrx_word' id='word_1_225' title='bbox 77 3036 128 3116; x_wconf 75' lang='lat' dir='ltr'>dit,</span> <span class='ocrx_word' id='word_1_226' title='bbox 146 3041 230 3105; x_wconf 82' lang='lat' dir='ltr'>fone</span> <span class='ocrx_word' id='word_1_227' title='bbox 246 3045 299 3107; x_wconf 87' lang='lat' dir='ltr'>bis</span> <span class='ocrx_word' id='word_1_228' title='bbox 314 3048 550 3113; x_wconf 86' lang='lat' dir='ltr'>accommodari</span> <span class='ocrx_word' id='word_1_229' title='bbox 567 3072 670 3134; x_wconf 88' lang='lat' dir='ltr'>posse,</span> <span class='ocrx_word' id='word_1_230' title='bbox 696 3057 784 3136; x_wconf 85' lang='lat' dir='ltr'>qnod</span> <span class='ocrx_word' id='word_1_231' title='bbox 800 3061 983 3134; x_wconf 78' lang='lat' dir='ltr'>tradebatur</span> <span class='ocrx_word' id='word_1_232' title='bbox 997 3070 1044 3134; x_wconf 49' lang='lat' dir='ltr'>ab*</span> <span class='ocrx_word' id='word_1_233' title='bbox 1063 3053 1247 3160; x_wconf 69' lang='lat' dir='ltr'>Augustino</span> <span class='ocrx_word' id='word_1_234' title='bbox 1263 3085 1294 3152; x_wconf 87' lang='lat' dir='ltr'>in</span> <span class='ocrx_word' id='word_1_235' title='bbox 1312 3105 1383 3156; x_wconf 77' lang='lat' dir='ltr'>ean,</span> 
     </span>
     <span class='ocr_line' id='line_1_25' title="bbox 74 3143 488 3234; baseline 0.034 -28"><span class='ocrx_word' id='word_1_236' title='bbox 74 3143 123 3208; x_wconf 80' lang='lat'>23.</span> <span class='ocrx_word' id='word_1_237' title='bbox 140 3168 237 3216; x_wconf 81' lang='lat' dir='ltr'>cans.¹</span> <span class='ocrx_word' id='word_1_238' title='bbox 256 3151 302 3216; x_wconf 85' lang='lat'>13.</span> <span class='ocrx_word' id='word_1_239' title='bbox 319 3170 442 3234; x_wconf 85' lang='lat' dir='ltr'>quaest.</span> <span class='ocrx_word' id='word_1_240' title='bbox 459 3157 488 3220; x_wconf 84' lang='lat'>2.</span> 
     </span>
    </p>

    <p class='ocr_par' dir='ltr' id='par_1_3' title="bbox 114 3253 1379 3380">
     <span class='ocr_line' id='line_1_26' title="bbox 114 3253 1379 3380; baseline 0.048 -65"><span class='ocrx_word' id='word_1_241' title='bbox 114 3253 253 3338; x_wconf 85' lang='lat' dir='ltr'>Duplici</span> <span class='ocrx_word' id='word_1_242' title='bbox 271 3261 366 3322; x_wconf 85' lang='lat' dir='ltr'>niodo</span> <span class='ocrx_word' id='word_1_243' title='bbox 383 3261 414 3325; x_wconf 93' lang='lat' dir='ltr'>in</span> <span class='ocrx_word' id='word_1_244' title='bbox 443 3265 504 3328; x_wconf 88' lang='lat' dir='ltr'>bae</span> <span class='ocrx_word' id='word_1_245' title='bbox 520 3287 553 3330; x_wconf 89' lang='lat' dir='ltr'>re</span> <span class='ocrx_word' id='word_1_246' title='bbox 567 3273 758 3352; x_wconf 85' lang='lat' dir='ltr'>gravissime</span> <span class='ocrx_word' id='word_1_247' title='bbox 773 3279 915 3368; x_wconf 90' lang='lat' dir='ltr'>delinqui</span> <span class='ocrx_word' id='word_1_248' title='bbox 934 3301 1044 3376; x_wconf 87' lang='lat' dir='ltr'>potest;</span> <span class='ocrx_word' id='word_1_249' title='bbox 1062 3297 1172 3380; x_wconf 90' lang='lat' dir='ltr'>primo,</span> <span class='ocrx_word' id='word_1_250' title='bbox 1196 3321 1260 3370; x_wconf 88' lang='lat' dir='ltr'>non</span> <span class='ocrx_word' id='word_1_251' title='bbox 1276 3310 1379 3376; x_wconf 88' lang='lat' dir='ltr'>colen-</span> 
     </span>
    </p>
   </div>
   <div class='ocr_carea' id='block_1_3' title="bbox 71 3359 1460 3496">
    <p class='ocr_par' dir='ltr' id='par_1_4' title="bbox 71 3359 1460 3496">
     <span class='ocr_line' id='line_1_27' title="bbox 71 3359 1460 3496; baseline 0.048 -74"><span class='ocrx_word' id='word_1_252' title='bbox 71 3359 112 3422; x_wconf 87' lang='lat' dir='ltr'>do</span> <span class='ocrx_word' id='word_1_253' title='bbox 128 3364 212 3442; x_wconf 86' lang='lat' dir='ltr'>illos,</span> <span class='ocrx_word' id='word_1_254' title='bbox 242 3369 297 3448; x_wconf 91' lang='lat' dir='ltr'>qni</span> <span class='ocrx_word' id='word_1_255' title='bbox 314 3371 373 3432; x_wconf 93' lang='lat' dir='ltr'>coli</span> <span class='ocrx_word' id='word_1_256' title='bbox 389 3392 431 3435; x_wconf 80' lang='lat' dir='ltr'>ex</span> <span class='ocrx_word' id='word_1_257' title='bbox 458 3377 612 3440; x_wconf 84' lang='lat' dir='ltr'>mandato</span> <span class='ocrx_word' id='word_1_258' title='bbox 629 3381 795 3450; x_wconf 79' lang='lat' dir='ltr'>Ecclesiae</span> <span class='ocrx_word' id='word_1_259' title='bbox 811 3392 937 3488; x_wconf 64' lang='lat' dir='ltr'>debere</span> <span class='ocrx_word' id='word_1_260' title='bbox 967 3405 1118 3486; x_wconf 87' lang='lat' dir='ltr'>secondo,</span> <span class='ocrx_word' id='word_1_261' title='bbox 1134 3413 1283 3478; x_wconf 89' lang='lat' dir='ltr'>collendn</span> <span class='ocrx_word' id='word_1_262' title='bbox 1300 3419 1379 3496; x_wconf 79' lang='lat' dir='ltr'>illas,</span> <span class='ocrx_word' id='word_1_263' title='bbox 1458 3467 1460 3474; x_wconf 61' lang='lat'>‹</span> 
     </span>
    </p>
   </div>
   <div class='ocr_carea' id='block_1_4' title="bbox 66 3477 1431 3604">
    <p class='ocr_par' dir='ltr' id='par_1_5' title="bbox 66 3477 1431 3604">
     <span class='ocr_line' id='line_1_28' title="bbox 66 3477 1431 3604; baseline 0.052 -78"><span class='ocrx_word' id='word_1_264' title='bbox 66 3489 150 3550; x_wconf 83' lang='lat' dir='ltr'>qiios</span> <span class='ocrx_word' id='word_1_265' title='bbox 165 3477 391 3542; x_wconf 85' lang='lat' dir='ltr'>ecclesiastico</span> <span class='ocrx_word' id='word_1_266' title='bbox 401 3481 531 3566; x_wconf 86' lang='lat' dir='ltr'>jndicio,</span> <span class='ocrx_word' id='word_1_267' title='bbox 547 3503 606 3552; x_wconf 84' lang='lat' dir='ltr'>etit</span> <span class='ocrx_word' id='word_1_268' title='bbox 619 3494 805 3586; x_wconf 81' lang='lat' dir='ltr'>probatione</span> <span class='ocrx_word' id='word_1_269' title='bbox 825 3502 976 3568; x_wconf 89' lang='lat' dir='ltr'>colendos</span> <span class='ocrx_word' id='word_1_270' title='bbox 990 3529 1060 3574; x_wconf 88' lang='lat' dir='ltr'>esse</span> <span class='ocrx_word' id='word_1_271' title='bbox 1077 3534 1139 3578; x_wconf 92' lang='lat' dir='ltr'>non</span> <span class='ocrx_word' id='word_1_272' title='bbox 1155 3537 1289 3604; x_wconf 88' lang='lat' dir='ltr'>constat,</span> <span class='ocrx_word' id='word_1_273' title='bbox 1306 3547 1377 3594; x_wconf 82' lang='lat' dir='ltr'>cert.</span> <span class='ocrx_word' id='word_1_274' title='bbox 1428 3575 1431 3584; x_wconf 25' lang='grc' dir='ltr'><strong>Α</strong></span> 
     </span>
    </p>
   </div>
   <div class='ocr_carea' id='block_1_5' title="bbox 67 3579 1246 3710">
    <p class='ocr_par' dir='ltr' id='par_1_6' title="bbox 67 3579 1246 3710">
     <span class='ocr_line' id='line_1_29' title="bbox 67 3579 1246 3710; baseline 0.048 -71"><span class='ocrx_word' id='word_1_275' title='bbox 67 3579 126 3657; x_wconf 82' lang='grc' dir='ltr'><strong><em>ὀ7.,</em></strong></span> <span class='ocrx_word' id='word_1_276' title='bbox 143 3595 176 3644; x_wconf 90' lang='lat' dir='ltr'>et</span> <span class='ocrx_word' id='word_1_277' title='bbox 194 3585 249 3646; x_wconf 72' lang='lat'>58.</span> <span class='ocrx_word' id='word_1_278' title='bbox 275 3605 363 3650; x_wconf 76' lang='lat' dir='ltr'>catis.</span> <span class='ocrx_word' id='word_1_279' title='bbox 382 3591 430 3652; x_wconf 91' lang='lat' dir='ltr'>lt.</span> <span class='ocrx_word' id='word_1_280' title='bbox 446 3609 569 3672; x_wconf 83' lang='lat' dir='ltr'>quaest.</span> <span class='ocrx_word' id='word_1_281' title='bbox 588 3599 617 3662; x_wconf 88' lang='lat'>3.</span> <span class='ocrx_word' id='word_1_282' title='bbox 663 3601 824 3684; x_wconf 84' lang='lat' dir='ltr'>Equidem</span> <span class='ocrx_word' id='word_1_283' title='bbox 840 3619 1037 3698; x_wconf 87' lang='lat' dir='ltr'>quaudoque</span> <span class='ocrx_word' id='word_1_284' title='bbox 1062 3629 1195 3710; x_wconf 84' lang='lat' dir='ltr'>contigit</span> <span class='ocrx_word' id='word_1_285' title='bbox 1214 3634 1246 3696; x_wconf 92' lang='lat' dir='ltr'>in</span> 
     </span>
    </p>
   </div>
   <div class='ocr_carea' id='block_1_6' title="bbox 66 3637 1376 3804">
    <p class='ocr_par' dir='ltr' id='par_1_7' title="bbox 66 3637 1376 3804">
     <span class='ocr_line' id='line_1_30' title="bbox 1264 3637 1376 3704; baseline 0.063 -6"><span class='ocrx_word' id='word_1_286' title='bbox 1264 3637 1306 3700; x_wconf 85' lang='lat' dir='ltr'>uli</span> <span class='ocrx_word' id='word_1_287' title='bbox 1334 3648 1376 3704; x_wconf 61' lang='lat' dir='ltr'>nl*</span> 
     </span>
     <span class='ocr_line' id='line_1_31' title="bbox 66 3659 1328 3804; baseline 0.052 -61"><span class='ocrx_word' id='word_1_288' title='bbox 66 3681 124 3747; x_wconf 87' lang='lat' dir='ltr'>bns</span> <span class='ocrx_word' id='word_1_289' title='bbox 143 3687 317 3770; x_wconf 85' lang='lat' dir='ltr'>Ecclesris,</span> <span class='ocrx_word' id='word_1_290' title='bbox 347 3708 380 3756; x_wconf 89' lang='lat' dir='ltr'>nt</span> <span class='ocrx_word' id='word_1_291' title='bbox 394 3699 529 3778; x_wconf 86' lang='lat' dir='ltr'>quidam</span> <span class='ocrx_word' id='word_1_292' title='bbox 544 3705 732 3787; x_wconf 86' lang='lat' dir='ltr'>colerentur,</span> <span class='ocrx_word' id='word_1_293' title='bbox 759 3715 815 3794; x_wconf 69' lang='grc' dir='ltr'>(μή</span> <span class='ocrx_word' id='word_1_294' title='bbox 832 3719 950 3784; x_wconf 88' lang='lat' dir='ltr'>nedum</span> <span class='ocrx_word' id='word_1_295' title='bbox 967 3727 1093 3792; x_wconf 84' lang='lat' dir='ltr'>colendi</span> <span class='ocrx_word' id='word_1_296' title='bbox 1116 3752 1261 3804; x_wconf 84' lang='lat' dir='ltr'>uenerat</span> <span class='ocrx_word' id='word_1_297' title='bbox 1308 3659 1328 3720; x_wconf 65' lang='lat' dir='ltr'>q</span> 
     </span>
    </p>
   </div>
   <div class='ocr_carea' id='block_1_7' title="bbox 1122 3753 1383 4138">
    <p class='ocr_par' dir='ltr' id='par_1_8' title="bbox 1122 3753 1383 4138">
     <span class='ocr_line' id='line_1_32' title="bbox 1264 3753 1374 3824; baseline 0.055 -18"><span class='ocrx_word' id='word_1_298' title='bbox 1264 3757 1296 3824; x_wconf 85' lang='lat' dir='ltr'>tt,</span> <span class='ocrx_word' id='word_1_299' title='bbox 1319 3753 1374 3812; x_wconf 79' lang='lat' dir='ltr'>sert</span> 
     </span>
     <span class='ocr_line' id='line_1_33' title="bbox 1255 3865 1372 3920; baseline 0.051 -6"><span class='ocrx_word' id='word_1_300' title='bbox 1255 3865 1287 3916; x_wconf 76' lang='lat' dir='ltr'>ei</span> <span class='ocrx_word' id='word_1_301' title='bbox 1302 3877 1372 3920; x_wconf 84' lang='lat' dir='ltr'>ven..</span> 
     </span>
     <span class='ocr_line' id='line_1_34' title="bbox 1133 3959 1383 4051; baseline 0.044 -32"><span class='ocrx_word' id='word_1_302' title='bbox 1133 3959 1253 4026; x_wconf 87' lang='lat' dir='ltr'>minem</span> <span class='ocrx_word' id='word_1_303' title='bbox 1269 3967 1305 4028; x_wconf 86' lang='lat' dir='ltr'>in</span> <span class='ocrx_word' id='word_1_304' title='bbox 1318 3991 1383 4051; x_wconf 80' lang='lat' dir='ltr'>po.</span> 
     </span>
     <span class='ocr_line' id='line_1_35' title="bbox 1122 4064 1368 4138; baseline 0.045 -13"><span class='ocrx_word' id='word_1_305' title='bbox 1122 4064 1175 4128; x_wconf 90' lang='lat' dir='ltr'>bro</span> <span class='ocrx_word' id='word_1_306' title='bbox 1198 4070 1238 4132; x_wconf 91' lang='lat' dir='ltr'>de</span> <span class='ocrx_word' id='word_1_307' title='bbox 1254 4075 1320 4138; x_wconf 82' lang='lat' dir='ltr'>vite</span> <span class='ocrx_word' id='word_1_308' title='bbox 1336 4085 1368 4138; x_wconf 76' lang='lat' dir='ltr'>s.</span> 
     </span>
    </p>
   </div>
   <div class='ocr_carea' id='block_1_8' title="bbox 54 4180 1371 4374">
    <p class='ocr_par' dir='ltr' id='par_1_9' title="bbox 54 4180 1371 4374">
     <span class='ocr_line' id='line_1_36' title="bbox 1112 4180 1371 4271; baseline 0.085 -35"><span class='ocrx_word' id='word_1_309' title='bbox 1112 4180 1194 4242; x_wconf 82' lang='lat' dir='ltr'>iattd</span> <span class='ocrx_word' id='word_1_310' title='bbox 1218 4185 1316 4271; x_wconf 82' lang='lat' dir='ltr'>Ioiige</span> <span class='ocrx_word' id='word_1_311' title='bbox 1330 4197 1371 4256; x_wconf 84' lang='lat' dir='ltr'>al:</span> 
     </span>
     <span class='ocr_line' id='line_1_37' title="bbox 54 4240 1369 4374; baseline 0.053 -79"><span class='ocrx_word' id='word_1_312' title='bbox 54 4240 184 4339; x_wconf 73' lang='lat' dir='ltr'>oppido</span> <span class='ocrx_word' id='word_1_313' title='bbox 199 4243 380 4322; x_wconf 78' lang='lat' dir='ltr'>praeimus</span> <span class='ocrx_word' id='word_1_314' title='bbox 407 4243 605 4314; x_wconf 73' lang='lat' dir='ltr'>Mnmsterii</span> <span class='ocrx_word' id='word_1_315' title='bbox 620 4255 716 4330; x_wconf 83' lang='lat' dir='ltr'>locus,</span> <span class='ocrx_word' id='word_1_316' title='bbox 744 4257 946 4350; x_wconf 68' lang='lat' dir='ltr'>quemfoiso</span> <span class='ocrx_word' id='word_1_317' title='bbox 959 4277 1131 4348; x_wconf 74' lang='lat' dir='ltr'>leontinum</span> <span class='ocrx_word' id='word_1_318' title='bbox 1157 4295 1267 4374; x_wconf 83' lang='lat' dir='ltr'>opinio</span> <span class='ocrx_word' id='word_1_319' title='bbox 1282 4306 1369 4366; x_wconf 74' lang='lat' dir='ltr'>aeliu</span> 
     </span>
    </p>
   </div>
   <div class='ocr_carea' id='block_1_9' title="bbox 50 4349 1057 4540">
    <p class='ocr_par' dir='ltr' id='par_1_10' title="bbox 50 4349 1057 4540">
     <span class='ocr_line' id='line_1_38' title="bbox 50 4349 1057 4456; baseline 0.041 -50"><span class='ocrx_word' id='word_1_320' title='bbox 50 4349 329 4456; x_wconf 59' lang='lat' dir='ltr'>cmmeprauiqibi</span> <span class='ocrx_word' id='word_1_321' title='bbox 347 4351 558 4437; x_wconf 76' lang='lat' dir='ltr'>Martyribns</span> <span class='ocrx_word' id='word_1_322' title='bbox 571 4380 771 4446; x_wconf 80' lang='lat' dir='ltr'>sacraverat,</span> <span class='ocrx_word' id='word_1_323' title='bbox 787 4396 868 4440; x_wconf 85' lang='lat' dir='ltr'>nam</span> <span class='ocrx_word' id='word_1_324' title='bbox 882 4390 913 4442; x_wconf 89' lang='lat' dir='ltr'>et</span> <span class='ocrx_word' id='word_1_325' title='bbox 926 4385 1032 4451; x_wconf 81' lang='lat' dir='ltr'>attare</span> <span class='ocrx_word' id='word_1_326' title='bbox 1048 4395 1057 4450; x_wconf 89' lang='lat' dir='ltr'>i</span> 
     </span>
     <span class='ocr_line' id='line_1_39' title="bbox 53 4455 686 4540; baseline 0.028 -20"><span class='ocrx_word' id='word_1_327' title='bbox 53 4455 248 4540; x_wconf 77' lang='lat' dir='ltr'>Episcopio</span> <span class='ocrx_word' id='word_1_328' title='bbox 271 4463 484 4528; x_wconf 78' lang='lat' dir='ltr'>caraetitutnm</span> <span class='ocrx_word' id='word_1_329' title='bbox 498 4467 686 4538; x_wconf 74' lang='lat' dir='ltr'>liniebatur.</span> 
     </span>
    </p>
   </div>
   <div class='ocr_carea' id='block_1_10' title="bbox 58 3787 1232 4124">
    <p class='ocr_par' dir='ltr' id='par_1_11' title="bbox 58 3787 1232 4124">
     <span class='ocr_line' id='line_1_40' title="bbox 62 3787 1232 3930; baseline 0.05 -78"><span class='ocrx_word' id='word_1_330' title='bbox 62 3795 161 3858; x_wconf 82' lang='lat' dir='ltr'>etiem</span> <span class='ocrx_word' id='word_1_331' title='bbox 180 3787 376 3882; x_wconf 56' lang='lat' dir='ltr'>deliniendi</span> <span class='ocrx_word' id='word_1_332' title='bbox 406 3805 480 3868; x_wconf 87' lang='lat' dir='ltr'>binc</span> <span class='ocrx_word' id='word_1_333' title='bbox 497 3809 587 3876; x_wconf 77' lang='lat' dir='ltr'>relect</span> <span class='ocrx_word' id='word_1_334' title='bbox 612 3814 797 3884; x_wconf 82' lang='lat' dir='ltr'>Alexander</span> <span class='ocrx_word' id='word_1_335' title='bbox 814 3825 869 3890; x_wconf 84' lang='lat' dir='ltr'>lli.</span> <span class='ocrx_word' id='word_1_336' title='bbox 897 3829 930 3892; x_wconf 92' lang='lat' dir='ltr'>in</span> <span class='ocrx_word' id='word_1_337' title='bbox 946 3851 1016 3916; x_wconf 84' lang='lat' dir='ltr'>cap.</span> <span class='ocrx_word' id='word_1_338' title='bbox 1036 3841 1061 3900; x_wconf 94' lang='lat' dir='ltr'>l.</span> <span class='ocrx_word' id='word_1_339' title='bbox 1078 3839 1119 3903; x_wconf 89' lang='lat' dir='ltr'>de</span> <span class='ocrx_word' id='word_1_340' title='bbox 1136 3845 1232 3930; x_wconf 77' lang='lat' dir='ltr'>reliq,</span> 
     </span>
     <span class='ocr_line' id='line_1_41' title="bbox 62 3901 1131 4016; baseline 0.051 -53"><span class='ocrx_word' id='word_1_341' title='bbox 62 3901 187 3984; x_wconf 67' lang='lat' dir='ltr'>Sauct,</span> <span class='ocrx_word' id='word_1_342' title='bbox 219 3909 252 3970; x_wconf 92' lang='lat' dir='ltr'>iu</span> <span class='ocrx_word' id='word_1_343' title='bbox 270 3911 412 3990; x_wconf 85' lang='lat' dir='ltr'>quadarn</span> <span class='ocrx_word' id='word_1_344' title='bbox 441 3913 587 3981; x_wconf 85' lang='lat' dir='ltr'>Ecclesia</span> <span class='ocrx_word' id='word_1_345' title='bbox 603 3921 704 3988; x_wconf 85' lang='lat' dir='ltr'>fnisse</span> <span class='ocrx_word' id='word_1_346' title='bbox 731 3933 857 4011; x_wconf 88' lang='lat' dir='ltr'>publice</span> <span class='ocrx_word' id='word_1_347' title='bbox 875 3957 1062 4012; x_wconf 87' lang='lat' dir='ltr'>veneratum</span> <span class='ocrx_word' id='word_1_348' title='bbox 1089 3953 1131 4016; x_wconf 87' lang='lat' dir='ltr'>he</span> 
     </span>
     <span class='ocr_line' id='line_1_42' title="bbox 58 4017 1116 4124; baseline 0.049 -52"><span class='ocrx_word' id='word_1_349' title='bbox 58 4017 198 4094; x_wconf 86' lang='lat' dir='ltr'>tatione,</span> <span class='ocrx_word' id='word_1_350' title='bbox 229 4025 260 4080; x_wconf 91' lang='lat' dir='ltr'>et</span> <span class='ocrx_word' id='word_1_351' title='bbox 285 4019 437 4084; x_wconf 83' lang='lat' dir='ltr'>ebrietate</span> <span class='ocrx_word' id='word_1_352' title='bbox 461 4028 617 4108; x_wconf 84' lang='lat' dir='ltr'>occisum,-</span> <span class='ocrx_word' id='word_1_353' title='bbox 642 4044 674 4096; x_wconf 88' lang='lat' dir='ltr'>et</span> <span class='ocrx_word' id='word_1_354' title='bbox 699 4037 858 4122; x_wconf 86' lang='lat' dir='ltr'>Sulpitius</span> <span class='ocrx_word' id='word_1_355' title='bbox 882 4049 1021 4117; x_wconf 85' lang='lat' dir='ltr'>Severus</span> <span class='ocrx_word' id='word_1_356' title='bbox 1048 4060 1078 4122; x_wconf 92' lang='lat' dir='ltr'>in</span> <span class='ocrx_word' id='word_1_357' title='bbox 1098 4061 1116 4124; x_wconf 91' lang='lat' dir='ltr'>li</span> 
     </span>
    </p>
   </div>
   <div class='ocr_carea' id='block_1_11' title="bbox 59 4121 1116 4236">
    <p class='ocr_par' dir='ltr' id='par_1_12' title="bbox 59 4121 1116 4236">
     <span class='ocr_line' id='line_1_43' title="bbox 59 4121 1116 4236; baseline 0.041 -51"><span class='ocrx_word' id='word_1_358' title='bbox 59 4121 198 4190; x_wconf 78' lang='lat' dir='ltr'>Martini</span> <span class='ocrx_word' id='word_1_359' title='bbox 216 4127 420 4194; x_wconf 76' lang='lat' dir='ltr'>Turonensis</span> <span class='ocrx_word' id='word_1_360' title='bbox 445 4155 514 4218; x_wconf 84' lang='lat' dir='ltr'>cap.</span> <span class='ocrx_word' id='word_1_361' title='bbox 530 4139 560 4200; x_wconf 88' lang='lat'>8.</span> <span class='ocrx_word' id='word_1_362' title='bbox 585 4141 646 4204; x_wconf 90' lang='lat' dir='ltr'>hoc</span> <span class='ocrx_word' id='word_1_363' title='bbox 662 4143 783 4213; x_wconf 85' lang='lat' dir='ltr'>sactnnr</span> <span class='ocrx_word' id='word_1_364' title='bbox 810 4154 967 4226; x_wconf 89' lang='lat' dir='ltr'>describit:</span> <span class='ocrx_word' id='word_1_365' title='bbox 995 4168 1116 4236; x_wconf 75' lang='lat' dir='ltr'>Eroti</span> 
     </span>
    </p>
   </div>
   <div class='ocr_carea' id='block_1_12' title="bbox 45 4393 1369 4766">
    <p class='ocr_par' dir='ltr' id='par_1_13' title="bbox 1060 4393 1369 4484">
     <span class='ocr_line' id='line_1_44' title="bbox 1060 4393 1369 4484; baseline 0.065 -28"><span class='ocrx_word' id='word_1_366' title='bbox 1060 4393 1092 4456; x_wconf 87' lang='lat' dir='ltr'>bi</span> <span class='ocrx_word' id='word_1_367' title='bbox 1107 4403 1128 4458; x_wconf 80' lang='lat' dir='ltr'>ai</span> <span class='ocrx_word' id='word_1_368' title='bbox 1142 4407 1369 4484; x_wconf 77' lang='lat' dir='ltr'>saeperinrilnis</span> 
     </span>
    </p>

    <p class='ocr_par' dir='ltr' id='par_1_14' title="bbox 721 4478 1364 4586">
     <span class='ocr_line' id='line_1_45' title="bbox 721 4478 1364 4586; baseline 0.072 -45"><span class='ocrx_word' id='word_1_369' title='bbox 721 4478 789 4542; x_wconf 72' lang='lat' dir='ltr'>San</span> <span class='ocrx_word' id='word_1_370' title='bbox 805 4485 978 4557; x_wconf 83' lang='lat' dir='ltr'>Martinus</span> <span class='ocrx_word' id='word_1_371' title='bbox 993 4519 1057 4564; x_wconf 80' lang='lat' dir='ltr'>iton</span> <span class='ocrx_word' id='word_1_372' title='bbox 1077 4513 1193 4573; x_wconf 84' lang='lat' dir='ltr'>temere</span> <span class='ocrx_word' id='word_1_373' title='bbox 1208 4517 1364 4586; x_wconf 61' lang='lat' dir='ltr'>aeternae</span> 
     </span>
    </p>

    <p class='ocr_par' dir='ltr' id='par_1_15' title="bbox 45 4569 1359 4766">
     <span class='ocr_line' id='line_1_46' title="bbox 45 4569 1359 4763; baseline 0.055 -134"><span class='ocrx_word' id='word_1_374' title='bbox 45 4569 318 4652; x_wconf 83' lang='lat' dir='ltr'>incertissulem,</span> <span class='ocrx_word' id='word_1_375' title='bbox 332 4573 372 4638; x_wconf 83' lang='lat' dir='ltr'>ab</span> <span class='ocrx_word' id='word_1_376' title='bbox 386 4575 448 4654; x_wconf 83' lang='lat' dir='ltr'>liis,</span> <span class='ocrx_word' id='word_1_377' title='bbox 465 4581 523 4663; x_wconf 87' lang='lat' dir='ltr'>qui</span> <span class='ocrx_word' id='word_1_378' title='bbox 536 4584 678 4667; x_wconf 82' lang='lat' dir='ltr'>majores</span> <span class='ocrx_word' id='word_1_379' title='bbox 692 4600 775 4658; x_wconf 83' lang='lat' dir='ltr'>natu</span> <span class='ocrx_word' id='word_1_380' title='bbox 796 4605 1131 4763; x_wconf 41' lang='lat' dir='ltr'>eranthf’resppterqs,</span> <span class='ocrx_word' id='word_1_381' title='bbox 1149 4627 1199 4688; x_wconf 85' lang='lat' dir='ltr'>vel</span> <span class='ocrx_word' id='word_1_382' title='bbox 1216 4628 1359 4701; x_wconf 78' lang='lat' dir='ltr'>Clerieis.</span> 
     </span>
     <span class='ocr_line' id='line_1_47' title="bbox 925 4709 1147 4766; baseline 0.077 -17"><span class='ocrx_word' id='word_1_383' title='bbox 925 4709 982 4753; x_wconf 87' lang='lat' dir='ltr'>ou.</span> <span class='ocrx_word' id='word_1_384' title='bbox 1046 4737 1096 4757; x_wconf 72' lang='lat'>.—</span> <span class='ocrx_word' id='word_1_385' title='bbox 1119 4709 1147 4766; x_wconf 81' lang='lat'>5.</span> 
     </span>
    </p>
   </div>
   <div class='ocr_carea' id='block_1_13' title="bbox 0 0 1572 4984">
    <p class='ocr_par' dir='ltr' id='par_1_16' title="bbox 0 0 1572 4984">
     <span class='ocr_line' id='line_1_48' title="bbox 0 0 1572 4984; baseline 0 11"><span class='ocrx_word' id='word_1_386' title='bbox 0 0 1572 4984; x_wconf 95' lang='lat' dir='ltr'> </span> 
     </span>
    </p>
   </div>
  </div>
 </body>
</html>
