3216 4988
208 378 271 444 uto
461 405 550 450 suns
568 405 694 478 curun,
712 407 954 472 praecursum
969 411 1119 474 aurunt,
1138 415 1215 458 cnr.
1232 395 1274 458 1.·

207 522 305 586 etiarn
320 523 347 586 si
364 523 404 588 de
419 527 541 592 tuende
562 528 691 610 honore,
718 529 849 594 malove
867 531 1022 596 evitando
1043 545 1200 618 ageretur.
1243 535 1340 602 Hanc
1357 553 1419 601 rem
1439 557 1492 622 per·

207 642 348 696 tractans
364 635 570 718 Augustinus
592 637 624 702 in
643 639 711 702 libr.
730 639 758 702 1.
774 637 815 704 de
830 638 969 728 Ciuitate
985 641 1046 706 Dei
1064 645 1210 726 cap.,18.,
1234 643 1493 724 et·19.,undede

206 743 344 825 prompti
358 753 436 811 sunt
460 763 600 808 canones
615 745 645 808 3.
661 745 702 820 4.,
729 757 760 808 et
775 748 804 810 5.
819 763 908 812 caus.
925 746 976 812 32,
1002 761 1126 831 quaest.
1143 752 1171 816 5.
1188 751 1242 830 eit,
1265 769 1307 814 ue
1323 749 1409 832 apud
1422 750 1494 832 ipsas

206 853 337 934 quidem
355 852 468 938 gentes
481 857 663 938 caeteroqui
689 853 772 920 seras
787 869 819 938 et
834 857 994 920 immanes
1009 845 1295 942 probarip'otuisse
1321 857 1396 940 plus
1408 875 1495 939 caque

205 959 369 1048 religiosos
384 962 541 1042 homines,
557 963 613 1044 qui
624 963 721 1044 juxta
736 963 930 1046 Virgilianos
946 983 1060 1054 versus
1074 968 1144 1030 sive
1159 967 1285 1031 leticum
1302 969 1441 1030 insontes
1451 987 1495 1050 pe

200 1089 316 1154 perere
328 1091 443 1149 morus,
470 1073 639 1156 tumorque
649 1073 763 1156 perosi
784 1074 949 1158 prrp’eccrc
969 1075 1110 1153 munus,
1137 1085 1170 1138 et
1183 1073 1303 1156 quibus
1324 1079 1494 1156 asrrprena

204 1177 306 1244 redire
320 1180 525 1262 cupientibus
540 1181 624 1264 soto
638 1179 776 1259 obstant,
803 1179 960 1266 tristique
971 1181 1075 1265 pateas
1088 1181 1248 1245 innobilis
1273 1181 1369 1244 unde
1383 1179 1496 1262 aurgc,

204 1297 237 1348 et
251 1285 425 1350 concludit:
451 1285 563 1372 Neque
587 1286 676 1352 euim
691 1288 834 1370 sinistro
848 1289 886 1352 iu
910 1289 1039 1354 conctis
1059 1288 1227 1354 canonicis
1250 1287 1497 1371 iibri-musyum

205 1399 296 1464 uobis
310 1399 474 1463 diuinitus
496 1407 720 1484 praeceptum,
735 1401 979 1482 permissumve
991 1401 1134 1484 reperiri
1144 1407 1262 1484 petest,
1284 1408 1322 1460 ut
1339 1398 1497 1482 eclipsim

204 1506 440 1590 adipiscendae
454 1505 730 1598 immortulitatis,
744 1505 796 1570 uei
810 1505 916 1574 nitius
930 1507 1074 1591 menidi,
1096 1507 1298 1594 cavendique
1312 1507 1399 1570 mii
1411 1523 1499 1571 mute

203 1613 295 1676 uobis
308 1615 463 1698 metipsis
486 1634 596 1678 necem
613 1615 811 1698 inseramus.
855 1615 987 1685 Quibus
1001 1614 1176 1678 inhaerens
1197 1613 1496 1696 vestigiisGiemens

203 1717 261 1781 111.
278 1719 312 1783 in
327 1737 396 1801 cap
416 1721 464 1782 ll.
489 1719 529 1782 de
544 1719 660 1802 sepult.
686 1719 758 1782 ideo
772 1719 876 1784 voluit
900 1739 966 1785 non
981 1717 1209 1803 denegandam
1235 1719 1437 1804 sepulturum
1454 1739 1496 1782 ee·

204 1829 420 1894 ctesiasticam
434 1829 572 1916 puellae,
589 1841 662 1894 utut
675 1851 718 1896 ex
730 1849 832 1896 causa
846 1831 1076 1914 honestissima
1087 1831 1232 1916 fugienti,
1247 1833 1327 1916 quie
1343 1851 1410 1897 non
1420 1851 1499 1917 spon·

198 1953 245 2021 te,
262 1941 320 2006 sed
334 1961 414 2006 casu
428 1941 572 2024 quodem
594 1943 627 2006 in
644 1941 768 2008 flumen
783 1963 938 2028 praeceps
962 1943 1055 2026 lapsa
1068 1943 1191 2020 fnisset
1234 1943 1333 2008 Forte
1349 1945 1500 2027 negotium

202 2053 361 2121 facessere
384 2063 490 2138 potest
512 2051 705 2136 Hieronymi
729 2055 903 2120 auctoritas
929 2056 964 2120 in
982 2075 1058 2126 can.
1083 2039 1133 2119 11.
1149 2073 1238 2119 cans.
1253 2055 1317 2119 23.
1342 2054 1498 2138 quaesti.

203 2162 381 2242 scribentis,
397 2181 439 2226 ne
454 2161 488 2225 in
503 2146 779 2246 persecutionibus
794 2163 927 2246 quidem
943 2161 1038 2226 licere
1053 2163 1182 2252 propria
1196 2163 1299 2246 perire
1312 2181 1426 2243 manu,
1443 2161 1501 2226 ate

205 2294 267 2360 que
281 2295 314 2338 ee
328 2273 387 2338 ubi
409 2274 551 2356 ¹castitas
562 2272 785 2356 periclitetur.
829 2269 1000 2354 Siquidem
1014 2267 1149 2334 obse'rro
1164 2269 1332 2352 imprimis,
1357 2269 1502 2350 Hierony·

207 2399 301 2446 mum
315 2382 402 2445 hane
417 2363 573 2465 adjecisse
587 2377 820 2461 exceptionem,
833 2371 1063 2460 non'quidem
1077 2387 1114 2441 ut
1128 2395 1201 2440 eam
1223 2379 1383 2460 probaret,
1405 2377 1457 2442 sed
1472 2387 1501 2441 ut

203 2492 391 2571 insinuaret,
417 2507 511 2574 posse
527 2487 561 2552 id
575 2487 756 2574 obnoxium
771 2505 842 2578 esse
857 2485 1142 2570 disputationibus,
1162 2483 1282 2570 quibus
1298 2487 1502 2550 involverem

203 2596 382 2677 recusabat,
398 2615 439 2659 ne
454 2602 475 2662 ir
490 2606 640 2680 suscepto
655 2595 815 2679 proposito
830 2595 926 2678 longe
942 2589 1112 2674 aberraret,
1126 2595 1222 2678 quasi
1236 2595 1387 2662 dixisset:
1401 2595 1501 2678 excep

204 2715 238 2766 ta
253 2723 292 2767 ea
307 2703 422 2786 specie,
445 2705 479 2767 in
494 2723 560 2788 qua
575 2703 708 2768 castitas
723 2705 757 2768 iu
770 2695 954 2787 periculum
969 2703 1191 2784 adduceretur,
1210 2697 1258 2768 'de
1273 2706 1501 2788 qua-dissepta·

205 2811 249 2876 tio
263 2814 298 2876 in
316 2826 487 2896 utramque
512 2822 637 2895 partem
653 2823 732 2877 tunc
758 2813 909 2896 temporis
924 2811 1032 2892 fiebat,
1045 2823 1172 2878 certum
1197 2835 1280 2895 esse,
1300 2825 1333 2879 et
1348 2815 1504 2880 inconcus·

206 2940 280 2986 sum
296 2921 328 2986 in
344 2921 479 2984 caeteris
495 2922 612 3001 causis,
627 2922 793 2986 neminem
808 2939 902 3006 posse
917 2921 1129 3008 semetipsum
1144 2903 1297 2988 occidere
1339 2924 1462 2988 Revera
1476 2921 1503 2984 S.

205 3033 419 3116 Augustinus,
444 3023 501 3113 qui
518 3039 659 3114 tempore
685 3028 880 3113 Hieronymi
896 3027 1035 3111 vivebat,
1057 3049 1100 3094 ex
1115 3027 1258 3114 professo
1281 3049 1357 3094 eum
1373 3029 1503 3113 dispute-

206 3143 328 3206 tionem
343 3142 492 3224 suscepit,
519 3149 552 3204 et
565 3140 708 3206 laudatis
733 3139 768 3204 in
784 3139 864 3202 locis
889 3139 1057 3223 perspicue
1079 3139 1215 3204 diremit.
1259 3139 1316 3203 Hx
1330 3159 1399 3223 quo
1412 3139 1503 3201 obser·

207 3253 276 3320 vari
301 3265 465 3337 praeterea
490 3261 602 3334 potest,
632 3253 775 3318 etiamsi
800 3253 1025 3334 Hieronymus
1050 3251 1086 3315 in
1110 3251 1305 3322 contrariam
1330 3253 1504 3337 opinionem

206 3363 345 3441 abiisset,
362 3363 495 3446 agnosci
522 3367 633 3428 statim
649 3363 755 3426 varias
771 3362 805 3426 in
831 3371 938 3444 partes
953 3361 1123 3425 distractos
1144 3357 1246 3422 fuisse
1266 3359 1504 3443 Hieronymum,

206 3485 238 3538 et
253 3474 486 3557 Augustinnru‚
514 3474 547 3538 in
562 3473 712 3538 conflicto
728 3483 839 3536 autern
863 3471 1054 3554 opinionum
1069 3478 1233 3562 tentorum
1258 3469 1404 3532 virorum
1425 3467 1504 3530 iicete

206 3583 315 3666 potius
330 3581 561 3665 Augustinum,
588 3600 689 3663 quam
705 3557 943 3662 Hieronymum
958 3577 1060 3659 sequi;
1089 3577 1189 3640 immo
1203 3585 1235 3638 et
1252 3575 1434 3658 Augustini
1446 3589 1505 3635 scn-

183 3675 186 3684 ’
208 3690 343 3754 tentiam
357 3691 632 3774 Hieronyrnianae
654 3689 750 3772 longe
766 3686 1010 3772 praeferendam
1024 3705 1104 3766 esse,
1123 3685 1193 3750 sire
1207 3684 1294 3766 quod
1311 3684 1505 3768 Augustinus

206 3817 249 3861 ex
265 3794 408 3881 professo
422 3815 496 3861 eom
511 3797 735 3880 quaestionem
752 3777 954 3858 tractandam
969 3801 1164 3875 susceperat,
1187 3791 1413 3874 Hieronymus
1427 3805 1504 3852 occu·

207 3911 298 3974 sione
313 3908 391 3972 data
416 3917 543 3974 tautum
568 3905 732 3990 quaedam
756 3906 800 3970 ed
814 3903 1067 3968 controversiam
1092 3893 1272 3986 spectantia
1298 3901 1423 3985 adjecit,
1443 3897 1504 3960 sire

207 4018 296 4102 quod
311 4017 490 4082 Pontificiis
501 4017 669 4100 rescriptis,
685 4014 872 4100 praesertim
884 4011 1009 4076 laudati
1024 4010 1201 4075 Clementis
1217 4010 1287 4090 111,
1303 4009 1434 4074 ridetur
1444 4021 1504 4090 pro

208 4129 286 4192 bate
300 4127 476 4211 Augustini
491 4125 602 4209 opimo
617 4125 651 4190 in
664 4124 824 4204 ‘Ecclesia
835 4123 958 4206 'rejecta
969 4117 1239 4201 Hieronymiaua
1280 4115 1355 4184 Non
1366 4130 1446 4196 'ergo
1457 4110 1505 4172 im

208 4233 331 4298 micidii
355 4244 468 4298 notam
492 4231 610 4314 eredit,
637 4232 693 4316 qui
719 4231 1163 4315 semetipsumquaoumque
1188 4224 1229 4290 de
1253 4241 1354 4290 causa
1379 4217 1503 4286 occidat

209 4342 310 4415 Quod
325 4345 353 4406 si
368 4343 441 4425 quis
457 4343 490 4406 in
516 4356 632 4406 necem
645 4341 777 4406 alterius
791 4338 961 4422 conspiret,
977 4355 1042 4402 non
1055 4333 1141 4399 alias
1155 4342 1339 4410 excusator,
1359 4323 1504 4412 quamsi

210 4462 268 4516 aut
283 4451 477 4536 reipublicae
502 4449 654 4516 sclus'iiii
669 4451 701 4514 ri
716 4447 866 4533 publicae
894 4444 1061 4532 potestatis
1084 4443 1345 4524 commumoni
1372 4433 1505 4522 propriae
