3274 4974
100 359 105 366 '
170 341 239 456 ιιι.
349 345 350 350 ’
396 361 486 406 eins
504 361 685 426 securiori,
703 359 938 406 eisseaaiicio
940 359 1109 424 ansani,
1133 339 1252 406 carmi

171 484 225 560 nis
240 483 403 570 publicis
394 485 593 576 trpderentnr
608 483 871 587 Magistratibns
894 484 992 584 Hinc
1006 496 1215 591 coeperunt
1205 502 1276 546 esse
1292 481 1479 568 ιιιίιιιιιιῐιο·

171 605 308 694 (pientes
323 555 546 685 depositiones,
561 610 647 672 quae
663 583 794 655 tortiles
778 602 913 685 esseut,
920 586 998 682 seu
998 609 1048 686 (ιι
1049 576 1098 654 ae
1104 593 1266 687 Clericii'm
1281 593 1380 666 etiam
1396 597 1417 656 d
1432 556 1480 654 fb-

172 718 206 766 to
219 697 438 797 privilegiaiio
452 699 610 790 ejicerent,
630 691 794 793 propterea
808 697 895 780 qiiod
912 687 1027 763 Clerici
1047 701 1089 764 rei
1105 713 1163 766 aut
1177 720 1252 764 vere
1267 701 1480 784 poenitentes,

171 799 229 866 alit
247 799 484 886 poeniteutiam
509 801 723 884 simulantes
738 805 921 893 praesertim
949 809 981 870 iti
1008 809 1179 892 Collegiis,
1198 821 1230 871 ct
1259 809 1476 890 Mouasteriis,

173 933 265 1002 spem
283 913 365 980 nitra
379 913 558 980 exhibitam
574 897 738 980 habebant
753 900 881 978 sntbrae
898 915 1115 1000 restitutionis.
1152 915 1399 978 Receiitioribns
1412 934 1480 978 sae

174 1023 265 1102 erilis,
284 1023 486 1106 potissimum
512 1023 712 1100 duodecimo,
728 1022 860 1114 eumad
878 1041 1067 1106 germanam
1090 1043 1255 1087 canonum
1271 1022 1482 1106 disciplinam

173 1135 372 1215 reciperetur,
388 1132 430 1194 ad
446 1152 519 1196 earn
535 1129 781 1196 instaurandam
797 1131 953 1193 adversus
969 1131 1101 1208 abusus,
1117 1127 1172 1214 qni
1186 1130 1372 1212 gravissimi
1383 1131 1483 1209 irrep·

175 1249 284 1302 serant
299 1239 332 1302 iu
347 1239 438 1318 clero,
455 1223 664 1310 statuendum
681 1236 750 1318 suti,
768 1251 802 1301 ut
816 1237 981 1304 difficilius
1004 1233 1119 1300 Clerici
1134 1239 1292 1321 atrocium
1306 1235 1483 1298 criminum

175 1328 224 1407 rei
237 1355 482 1422 restituerentur,
510 1357 583 1415 utut
598 1357 669 1428 post
693 1360 843 1412 exactam
860 1327 1100 1432 peciiitentiatn·
1144 1343 1321 1408 Pontifices
1343 1343 1483 1407 Maximi

174 1465 340 1537 eapropter
356 1445 574 1518 inducendam
601 1454 794 1518 voluerunt
788 1475 820 1517 in
847 1455 940 1518 certis
954 1453 1144 1518 criminibus
1166 1467 1355 1536 perpetuam
1371 1455 1481 1536 degra-

175 1557 348 1640 dationem,
376 1555 522 1638 sublata
529 1583 736 1660 quacumque
763 1583 819 1646 spe
835 1564 1052 1642 restitutionis,
1078 1563 1232 1660 attalem,
1244 1583 1323 1644 qua
1345 1561 1483 1644 depositi

176 1671 339 1736 saeculari
349 1673 459 1735 euriae
486 1673 641 1772 puniendi
659 1674 868 1740 tiNJaderentnr
912 1673 1032 1736 Modus
1049 1685 1156 1761 tamen
1179 1673 1314 1755 quidam
1335 1673 1484 1758 adjectus

176 1787 233 1855 est,
253 1781 406 1860 nimirum
438 1779 674 1846 ntMeicatoiis
700 1779 925 1862 disciplinae
918 1800 949 1842 ιιι
967 1749 1176 1844 concedenda
1203 1779 1418 1865 indulgentia,
1444 1799 1484 1844 ac

178 1885 418 1970 dispensatione
434 1873 543 1964 adhuc
559 1888 786 1974 adhaereretui·
802 1889 835 1977 iii
850 1887 975 1974 delictis
996 1890 1128 1981 quidem
1138 1891 1309 1976 putoribus,
1325 1889 1386 1952 sed
1399 1909 1487 1956 com·

178 1999 342 2075 munibus,
359 2005 394 2060 et'
406 1999 582 2076 ordinariis,
599 2018 637 2060 ee
655 1999 824 2060 immutata
848 1997 877 2060 in
895 1999 1088 2086 enormibus,
1104 2012 1135 2061 et
1150 1981 1404 2072 entraordinem
1419 2018 1487 2065 ins·

175 2106 243 2190 jure
259 2107 426 2167 severitate
442 2106 626 2186 puniendis·
658 2105 764 2190 Hujus
781 2103 1007 2168 moderationis
1025 2105 1160 2186 vestigia
1175 2115 1348 2188 supersunt
1364 2106 1397 2166 in
1413 2122 1487 2186 cap.

178 2213 229 2277 21.
245 2215 286 2277 de
301 2215 510 2294 accusation,
526 2227 556 2276 ei
573 2216 605 2278 in
621 2233 691 2296 cap.
708 2214 761 2277 iili.
780 2213 819 2275 de
837 2225 968 2298 tempor.
985 2211 1087 2275 ordiri.
1118 2211 1205 2274 Hinc
1218 2211 1249 2272 iu
1266 2223 1377 2292 aperio
1389 2208 1489 2272 collo·

180 2331 273 2388 caius
287 2323 413 2386 videtui·
424 2343 542 2406 scopus
554 2321 750 2385 Pontificum
765 2323 985 2386 Maximorum
996 2323 1029 2383 iu
1047 2319 1266 2386 monumentis
1280 2319 1356 2396 illis,
1370 2319 1401 2380 iu
1418 2317 1487 2400 qni·

180 2433 243 2497 bus
257 2433 445 2514 degradatio
471 2431 630 2518 iudicitur,
658 2445 715 2506 aut
730 2444 860 2510 retento,
878 2444 1024 2514 autnon
1041 2441 1161 2512 retento
1177 2419 1234 2490 sori
1256 2425 1435 2510 privilegio,
1450 2443 1489 2508 ac

182 2543 362 2625 specialiter
377 2543 408 2626 iu
425 2542 510 2605 dicto
525 2527 596 2625 cap.
612 2542 668 2604 uit.
685 2540 725 2603 de
739 2554 869 2624 tempor.
888 2539 1002 2617 enlin,
1015 2551 1046 2600 et
1060 2554 1128 2622 cap.
1146 2539 1197 2600 27.
1215 2535 1255 2604 de
1271 2519 1358 2598 verb.
1378 2535 1489 2618 siguis.

183 2649 336 2715 Videlicet
355 2663 513 2731 statutum
528 2646 585 2728 est,
603 2659 638 2712 ut
649 2651 680 2712 in
691 2647 816 2710 delictis
829 2647 1004 2730 minoribus
1019 2658 1090 2708 utut
1103 2641 1241 2731 publicis
1256 2645 1369 2707 adhuc
1385 2643 1491 2724 iud-ul·

78 2823 83 2832 ,
183 2761 311 2842 geiitiae
322 2759 412 2820 locus
422 2767 514 2825 essct,
525 2753 611 2818 dicto
625 2774 694 2836 cap.
707 2755 737 2817 4.
751 2759 770 2820 i.
784 2751 1009 2836 limpidioris,
1022 2752 1058 2841 iu¹
1071 2747 1346 2836 inajoribiisuulla
1362 2750 1491 2833 dispen-

184 2870 266 2934 satio
276 2867 512 2944 concederetur,
528 2875 559 2926 et
575 2883 647 2926 reus
673 2861 829 2925 saeculari
841 2859 963 2945 judicio
978 2857 1138 2921 obnoxius
1164 2855 1261 2932 fieret,
1276 2855 1358 2941 quin
1381 2874 1492 2922 minen

183 2973 534 3058 definiieiitiirsiugula
544 2973 663 3035 atrocia
673 2973 817 3050 crimina,
831 2983 863 3034 ut
876 2969 1023 3054 prudenti
1034 2966 1195 3032 Antistitis
1205 2965 1333 3028 arbitrio
1345 2965 1492 3029 locuste·

184 3085 414 3170 linquerentur.
438 3083 578 3154 Quodsi
594 3083 702 3146 adbuc
713 3079 871 3164 genciaiis
885 3077 993 3162 regula
1006 3066 1104 3163 statui
1120 3069 1236 3159 p'osset,
1250 3076 1293 3136 ita
1309 3074 1494 3156 concipien-

184 3197 227 3280 da
241 3195 407 3276 videretur,
427 3207 461 3258 nt
478 3195 584 3257 valeat
600 3175 782 3275 Episcopus
799 3209 853 3272 pro
864 3187 991 3250 arbitrio
1007 3183 1158 3248 devenire
1170 3181 1213 3246 ad
1225 3181 1492 3264 degradationem

183 3305 355 3391 actiialeiu,
371 3304 490 3390 quibus
506 3304 538 3364 iii
553 3299 906 3386 publicis'ciiiiiiiiibuss
919 3307 1058 3388 talintiuu
1071 3312 1135 3356 noti
1151 3304 1207 3369 est,
1226 3291 1313 3356 utab
1326 3311 1368 3352 ca
1377 3291 1491 3354 debeat

92 3433 95 3438 ’
185 3413 353 3492 abstinere,
369 3411 550 3496 cujusmodi
568 3423 644 3473 suut
658 3407 825 3485 adulteria,
849 3419 880 3468 ct
894 3396 960 3466 alia
975 3403 1100 3466 minora
1126 3399 1381 3464 incontinentiae
1396 3397 1493 3460 delic·

186 3539 229 3606 ta,
244 3548 314 3610 cap
332 3527 384 3589 4
378 3545 410 3588 ui
427 3523 491 3587 fine
511 3523 551 3584 de
562 3523 639 3606 Jud
655 3541 726 3604 cap.
745 3521 775 3580 4.
792 3517 833 3580 de
848 3536 971 3580 excess
1018 3511 1152 3606 Praelat.
1155 3511 1365 3610 ,peiJiiriiiui,
1392 3508 1496 3572 homi·

186 3619 318 3708 eidiiim,
336 3631 455 3695 laisum
472 3629 703 3706 testimonium,
719 3645 791 3707 cap.
811 3623 868 3688 ult
886 3621 926 3685 de
942 3595 1074 3716 tempor.
1089 3617 1199 3691 ordin,
1215 3615 1396 3691 etsuituin,
1422 3633 1495 3698 cap.

187 3722 217 3809 6
235 3744 276 3806 de
292 3745 410 3826 poeuis,
429 3744 481 3808 nbi
498 3743 594 3805 verba
610 3737 817 3818 illaetabile
832 3735 969 3818 arragois
983 3729 1167 3806 sceleribus,
1191 3727 1402 3810 intelligenda
1418 3733 1497 3790 sunt

189 3853 230 3922 de
244 3855 432 3920 criminibus
449 3853 593 3936 publicis,
618 3871 680 3914 non
707 3863 815 3912 taiueii
832 3844 1057 3929 grauioribus,¹
1068 3855 1099 3920 (ιι
1114 3837 1367 3903 extraordinaria
1391 3855 1497 3919 Jioena

189 3985 310 4029 acnure
326 3961 508 4048 puniendis
552 3959 887 4032 Revormeitiimest,
912 3966 987 4018 ante
1013 3949 1175 4016 Isidorum
1190 3947 1404 4024 Mercatnieiu
1429 3963 1498 4008 om·

93 4152 95 4158 ,
189 4072 540 4156 niaciiuinapublica
566 4067 671 4151 puniri
697 4066 907 4129 consuevisse
933 4059 1186 4144 degradatione,
1198 4069 1230 4119 et
1255 4055 1428 4119 traditione
1451 4051 1502 4116 rei

191 4179 310 4244 Curiae
336 4173 502 4252 saeculari,
530 4175 616 4237 dicta
642 4171 714 4236 Nor
753 4173 805 4233 83.
854 4167 979 4230 Primus
1006 4163 1147 4228 Isidorus
1172 4159 1333 4224 conclusit
1348 4159 1498 4241 recinam

115 4325 119 4333 ·
192 4287 324 4372 adjectis
339 4283 534 4368 quibusdam
550 4279 791 4362 exceptionibus
807 4272 1005 4352 delictorum,
1021 4269 1318 4372 qiiaepocnitcutia
1330 4263 1506 4350 expiares:

192 4407 253 4493 tur,
268 4407 300 4459 et
316 4397 349 4458 iu
365 4395 483 4477 quibus
498 4409 572 4472 spes
587 4399 670 4452 esset
685 4385 941 4470 dispensationis,
957 4381 1045 4466 quod
1062 4375 1222 4492 in'm'nltis
1236 4374 1368 4444 casibus
1391 4393 1497 4461 rocep-
