3134 4984
206 403 270 470 114
440 419 532 470 esus
548 421 676 483 emme,
698 419 943 468 otmnantrro
958 419 1134 480 mennon,
1146 417 1224 467 css.
1234 399 1279 466 lt

204 553 281 612 tent.
297 563 456 611 excomm.
499 544 628 632 ¹Interea
642 561 718 609 raro
731 561 809 610 cunr
822 542 980 608 mensos
991 541 1169 610 haereticos
1183 551 1307 626 praemi
1320 537 1478 608 mancae

204 651 246 714 tis
260 669 400 734 poenam
426 663 552 734 recepta
564 650 670 732 inerit,
695 651 796 716 altera
821 669 926 736 poena
939 649 1167 736 publicationis
1191 650 1355 732 bonorum,
1376 648 1477 716 ternu

203 769 262 840 eat,
279 769 315 826 ut
337 759 488 846 exemplo
502 777 624 842 poenae
649 760 877 841 anathematis,
900 761 1001 826 etiarn
1009 759 1179 846 judicium,
1194 760 1406 826 institueretur
1423 769 1481 842 port

201 879 344 938 monem
365 869 405 934 de
420 867 637 954 publicatione
655 867 828 955 bonorum,
852 887 926 952 cap.
940 870 970 934 8.
997 889 1079 936 tera
1104 869 1147 938 In
1160 892 1196 939 eo
1219 870 1263 936 de
1286 870 1398 936 haeret
1416 867 1479 934 ind

204 977 296 1044 Num
311 987 423 1047 aretam
446 979 528 1042 haec
543 968 706 1045 accusatio
720 989 793 1062 port
816 989 953 1046 mortem
967 980 1001 1048 in
1026 989 1217 1062 perpetuom
1230 977 1424 1056 coucedatur,
1438 973 1482 1040 rd-

203 1105 320 1155 verrus
334 1105 440 1170 quatu
460 1085 554 1154 nulle
569 1088 721 1171 temporis
745 1089 892 1172 exceptio
906 1099 980 1154 utut
1006 1088 1185 1172 longissimi
1199 1089 1334 1172 proponi
1355 1087 1482 1166 relati

205 1196 323 1260 nostris
346 1195 504 1282 disputari
517 1193 609 1260 colet.
650 1195 745 1274 Sunt,
770 1195 829 1276 qai
854 1205 979 1279 ptum,
1002 1195 1096 1262 itiam
1119 1193 1301 1263 maadi
1321 1193 1483 1260 haalim

204 1305 429 1390 quinquennio
442 1305 624 1390 praescribi,
640 1303 662 1368 i.
676 1306 706 1368 2.
718 1304 793 1370 cod.
807 1303 848 1370 de
862 1306 1029 1389 speciatim
1045 1305 1104 1370 alii·
1116 1315 1245 1370 tantum
1259 1303 1304 1369 ad
1314 1303 1483 1390 qnadragin·

205 1425 240 1477 ta
253 1431 360 1479 annos
373 1412 550 1479 accusandi
564 1424 738 1498 prorogant
751 1411 942 1501 inunitatem
954 1433 998 1478 ex
1012 1433 1083 1497 cap
1098 1414 1129 1480 2
1145 1413 1179 1480 in
1191 1411 1257 1482 fide
1267 1413 1310 1478 de
1324 1413 1484 1498 praescript

205 1523 241 1590 in
255 1525 289 1590 ii.
330 1524 413 1590 Mihi
428 1524 697 1608 distinguendum
721 1521 917 1606 sidetanan
941 1533 1058 1608 agatur
1072 1523 1115 1588 ad
1129 1543 1267 1608 poenam
1289 1521 1486 1600 anatmnatir

110 1667 111 1670 ¹
204 1633 420 1717 infligendam
442 1632 601 1700 adversim
614 1632 817 1713 destructum,
842 1651 884 1697 ue
898 1635 970 1718 ejus
992 1651 1112 1698 nomen
1128 1633 1162 1698 ‘nr
1177 1631 1330 1700 Ecclesia
1353 1632 1487 1708 recitetu,

204 1763 288 1810 neus
303 1763 359 1828 pro
374 1763 413 1807 eo
438 1743 520 1810 fiant
533 1743 702 1825 orationem
729 1761 776 1806 au
788 1757 864 1808 rero
878 1740 921 1808 cd
936 1739 1082 1806 dcloocti
1106 1739 1343 1826 haereditaten
1354 1737 1404 1804 sel
1417 1737 1488 1814 fison

203 1851 257 1916 ver
288 1849 443 1934 ecclesus
453 1853 550 1936 juxa
575 1851 681 1916 vaca
706 1848 951 1926 pressurarum
972 1834 1078 1917 mam
1099 1849 1328 1914 recreantem.
1370 1845 1489 1920 oraria

200 1965 361 2050 judicium
386 1963 631 2028 instituaturad
655 1981 794 2046 menam
817 1962 1035 2028 anathematis
1059 1959 1282 2044 infligendam
1309 1972 1395 2046 poto,
1413 1958 1492 2022 actio

117 2095 119 2098 ·
204 2093 281 2140 nem
296 2074 387 2138 nullo
403 2092 548 2157 nuquam
564 2084 705 2157 tempore
719 2071 948 2154 eirctmrscrihi;
965 2070 997 2136 id
1011 2071 1100 2136 eninr
1125 2071 1285 2156 imprimis
1300 2068 1437 2154 postulat
1447 2081 1491 2130 na·

203 2193 278 2244 tura
288 2181 371 2266 juris
397 2182 633 2246 ecclesiasticae
647 2183 894 2262 communionis,
920 2201 1005 2266 quae
1020 2180 1184 2246 deiunods
1207 2183 1242 2246 in
1258 2181 1385 2248 lraeresi
1398 2179 1493 2246 dinuo

199 2293 270 2376 jam
285 2291 483 2384 irrevocabili
501 2290 626 2376 judicio
640 2290 806 2356 mutuatis
828 2291 956 2376 adquiri
980 2309 1038 2376 per
1052 2301 1196 2376 tempora
1221 2303 1298 2358 utut
1323 2289 1495 2376 longissime

200 2399 328 2480 nequit,
345 2396 462 2464 deinde
475 2397 616 2482 idipsum
630 2399 835 2464 confirmarit
844 2410 998 2465 constans
1009 2399 1181 2484 disciplina
1190 2397 1368 2482 Ecclesiae,
1383 2399 1494 2484 quaein

204 2507 418 2574 excludendis
432 2515 454 2574 a
469 2509 654 2575 Christiana
668 2509 897 2574 commuuione
912 2509 980 2574 rita
991 2508 1111 2574 suteris
1126 2509 1298 2574 haereticis
1312 2511 1437 2580 nullom
1449 2525 1497 2571 un

204 2635 304 2702 quarn
322 2617 474 2700 temporis
487 2617 644 2682 radonem
659 2615 856 2680 servandam
869 2635 941 2680 case
955 2615 1059 2696 duxit,
1073 2635 1148 2680 can.
1170 2619 1308 2683 doetus.
1322 2619 1375 2682 et.
1389 2623 1496 2701 quaest

202 2729 243 2806 2,
260 2727 345 2792 edito
360 2728 403 2792 erl
418 2725 662 2792 damnationem
677 2724 842 2793 Therdori
858 2725 1079 2808 Mopsuesteni
1089 2727 1245 2809 jamenta
1257 2725 1430 2797 saecrrlum
1443 2721 1499 2784 rita

202 2841 316 2906 functi.
360 2842 404 2906 At
418 2841 446 2904 si
455 2838 618 2923 judicium
633 2838 821 2904 instituatur
835 2835 878 2905 ad
893 2853 1032 2920 poetam
1049 2836 1278 2920 publicationis
1293 2834 1498 2916 bouortrmin

202 2967 269 3032 qua
284 2967 349 3013 non
377 2959 444 3012 tam
459 2945 613 3026 defuncti,
639 2961 739 3027 quarn
755 2945 976 3026 possessorum
1001 2961 1103 3006 causa
1117 2953 1275 3024 amantur,
1301 2963 1370 3008 non
1385 2953 1440 3021 est,
1453 2957 1501 3004 cur

202 3057 446 3142 praescriptioni
472 3075 537 3122 non
554 3055 612 3120 iiat
626 3053 725 3134 locus,
742 3054 788 3116 ita
802 3063 840 3116 ut
853 3051 1011 3128 aduersos
1026 3051 1145 3118 fisclum
1168 3054 1339 3138 publicum
1355 3069 1502 3140 possess

203 3170 293 3234 ribus
306 3167 470 3232 ordinaria
480 3168 585 3250 .juxta
600 3165 687 3248 leges
712 3163 880 3228 &manas
894 3161 1029 3246 prodese
1045 3163 1201 3245 ,exceptio
1216 3160 1336 3244 valcat,
1366 3163 1385 3229 i
1403 3165 1428 3226 i.
1444 3155 1502 3226 ib

202 3279 293 3360 lide
302 3281 374 3365 jure
390 3277 460 3342 fisci
485 3295 561 3364 corn
577 3275 745 3356 similibus,
771 3285 805 3338 et
819 3271 979 3338 adversus
991 3271 1174 3336 Ecclesiam
1198 3273 1298 3338 etiam
1319 3273 1504 3344 Remanent,

203 3413 289 3477 quae
304 3393 336 3456 in
353 3391 416 3454 hac
432 3399 521 3474 parte
536 3388 627 3452 nullo
642 3388 743 3456 utitur
754 3385 916 3469 singulari
926 3384 1102 3470 privilegio,
1118 3385 1343 3468 qrradragiuta
1356 3397 1504 3450 annorum

203 3503 418 3589 praescriptio,
444 3500 531 3564 dicto
544 3517 618 3581 cap.
642 3499 672 3562 2.
689 3498 723 3562 in
737 3496 804 3562 fine
818 3495 863 3560 de
874 3493 1114 3578 praescriptioni.
1130 3495 1164 3558 iu
1178 3495 1209 3558 6.
1252 3495 1351 3566 ertrl
1369 3513 1443 3558 vero
1457 3501 1507 3589 eet¹

202 3609 290 3694 qnod
305 3607 477 3692 opponitur
501 3625 543 3670 ex
558 3605 646 3669 dicta
661 3603 682 3666 l.
697 3604 727 3667 2
744 3601 813 3666 cod.
830 3599 872 3664 de
886 3603 1051 3686 apostatis,
1068 3601 1122 3666 ubi
1138 3600 1303 3682 definitur,
1324 3603 1413 3668 intra
1426 3599 1507 3683 qnin-

204 3721 386 3804 quennium
410 3718 464 3802 agi
479 3714 638 3800 oporteret
682 3714 732 3776 Dc
747 3712 903 3796 apostatis
916 3725 1073 3796 concepta
1099 3709 1154 3774 lex
1168 3719 1225 3788 est,
1241 3727 1308 3772 uon
1325 3709 1371 3774 de
1386 3703 1507 3772 issereti-

203 3845 258 3907 crs,
274 3845 414 3910 qnorum
428 3825 493 3888 alia
510 3825 589 3888 ratio
603 3823 793 3904 habebatrrr3
810 3831 847 3884 ut
860 3819 949 3884 onim
963 3819 1112 3902 strperiua
1127 3815 1322 3882 adnotatum
1349 3827 1410 3898 eat,
1425 3829 1509 3900 gene

202 3939 311 4002 raliter
324 3937 429 4006 seniis
455 3953 559 4018 poclm
582 3931 810 4018 publicationis
833 3930 989 3997 bonorum
1016 3929 1172 3993 adversus
1188 3929 1374 3996 haereticos
1395 3934 1509 4009 recepte

202 4043 273 4111 snit.
305 4044 421 4125 Itaque
436 4039 677 4106 observandum
702 4049 760 4120 eat,
785 4039 863 4102 olim
889 4039 1143 4102 Constantinum
1168 4037 1409 4122 Imperatorem
1432 4049 1510 4102 anno

202 4155 275 4220 357.
290 4153 495 4238 prohibuisse
519 4149 713 4229 Christiano,
736 4165 780 4212 ne
793 4147 940 4214 Judaeus
955 4147 1142 4228 efficeretur,
1169 4165 1265 4214 secus
1285 4161 1407 4216 aomar
1421 4141 1510 4213 factri-

203 4272 287 4326 tates
301 4263 371 4346 ejus
396 4258 541 4324 dominio
556 4257 628 4322 fisci
653 4257 904 4338 vindicarentur,
930 4255 949 4322 l.
966 4259 994 4322 t.
1018 4257 1089 4322 cod.
1113 4257 1279 4322 Theodos.
1308 4259 1355 4325 de
1377 4255 1512 4330 Judacis,

206 4391 265 4436 seu
280 4371 301 4434 l.
319 4373 346 4435 1.
361 4369 432 4434 cod.
447 4369 566 4435 Justin.
583 4365 624 4431 da
639 4377 775 4451 apostat.
821 4365 939 4432 Verum
955 4366 1051 4432 iaeila
1072 4379 1121 4432 est
1134 4367 1301 4452 conjicere,
1326 4367 1419 4436 hanc
1434 4379 1515 4432 tone

205 4479 388 4546 titutionem
402 4497 467 4544 uon
493 4477 552 4542 diu
569 4477 718 4562 riguisse,
734 4482 811 4542 oum
825 4477 1039 4548 Gomnntirm
1054 4478 1243 4545 mooeseerit
1257 4477 1430 4560 Julianus,
1443 4473 1515 4560 quia
