<?xml version="1.0" encoding="UTF-8"?>
<!DOCTYPE html PUBLIC "-//W3C//DTD XHTML 1.0 Transitional//EN"
    "http://www.w3.org/TR/xhtml1/DTD/xhtml1-transitional.dtd">
<html xmlns="http://www.w3.org/1999/xhtml" xml:lang="en" lang="en">
 <head>
  <title>
</title>
<meta http-equiv="Content-Type" content="text/html;charset=utf-8" />
  <meta name='ocr-system' content='tesseract 3.04.00' />
  <meta name='ocr-capabilities' content='ocr_page ocr_carea ocr_par ocr_line ocrx_word'/>
</head>
<body>
  <div class='ocr_page' id='page_1' title='image "./carolisebastian00beragoog_0139.png"; bbox 0 0 3210 4990; ppageno 0'>
   <div class='ocr_carea' id='block_1_1' title="bbox 197 395 1189 487">
    <p class='ocr_par' dir='ltr' id='par_1_1' title="bbox 197 395 1189 487">
     <span class='ocr_line' id='line_1_1' title="bbox 197 395 1189 487; baseline 0.017 -29"><span class='ocrx_word' id='word_1_1' title='bbox 197 395 258 459; x_wconf 76' lang='lat'>134</span> <span class='ocrx_word' id='word_1_2' title='bbox 549 421 794 468; x_wconf 72' lang='lat' dir='ltr'>praeeuntem</span> <span class='ocrx_word' id='word_1_3' title='bbox 814 423 966 487; x_wconf 77' lang='lat' dir='ltr'>rearis,</span> <span class='ocrx_word' id='word_1_4' title='bbox 988 427 1140 475; x_wconf 78' lang='lat' dir='ltr'>ennean.</span> <span class='ocrx_word' id='word_1_5' title='bbox 1162 409 1189 474; x_wconf 88' lang='lat'>1.</span> 
     </span>
    </p>
   </div>
   <div class='ocr_carea' id='block_1_2' title="bbox 191 537 1502 1056">
    <p class='ocr_par' dir='ltr' id='par_1_2' title="bbox 191 537 1502 1056">
     <span class='ocr_line' id='line_1_2' title="bbox 194 537 1502 634; baseline 0.013 -35"><span class='ocrx_word' id='word_1_6' title='bbox 194 555 267 600; x_wconf 87' lang='lat' dir='ltr'>eam</span> <span class='ocrx_word' id='word_1_7' title='bbox 282 537 453 604; x_wconf 76' lang='lat' dir='ltr'><strong>Romanae</strong></span> <span class='ocrx_word' id='word_1_8' title='bbox 474 542 741 608; x_wconf 84' lang='lat' dir='ltr'>Poenitentiarisa</span> <span class='ocrx_word' id='word_1_9' title='bbox 757 547 961 629; x_wconf 83' lang='lat' dir='ltr'>sententiam,</span> <span class='ocrx_word' id='word_1_10' title='bbox 987 567 1027 613; x_wconf 92' lang='lat' dir='ltr'>ne</span> <span class='ocrx_word' id='word_1_11' title='bbox 1042 550 1193 634; x_wconf 74' lang='lat' dir='ltr'>rescripto</span> <span class='ocrx_word' id='word_1_12' title='bbox 1207 551 1289 616; x_wconf 81' lang='lat' dir='ltr'>nihil</span> <span class='ocrx_word' id='word_1_13' title='bbox 1309 551 1502 620; x_wconf 85' lang='lat' dir='ltr'>immutetur</span> 
     </span>
     <span class='ocr_line' id='line_1_3' title="bbox 193 644 1500 740; baseline 0.014 -36"><span class='ocrx_word' id='word_1_14' title='bbox 193 661 236 706; x_wconf 84' lang='lat' dir='ltr'>ex</span> <span class='ocrx_word' id='word_1_15' title='bbox 264 644 318 722; x_wconf 88' lang='lat' dir='ltr'>iis,</span> <span class='ocrx_word' id='word_1_16' title='bbox 346 665 430 726; x_wconf 89' lang='lat' dir='ltr'>quae</span> <span class='ocrx_word' id='word_1_17' title='bbox 458 647 500 710; x_wconf 87' lang='lat' dir='ltr'>ad</span> <span class='ocrx_word' id='word_1_18' title='bbox 529 659 699 714; x_wconf 84' lang='lat' dir='ltr'>externum</span> <span class='ocrx_word' id='word_1_19' title='bbox 729 654 864 733; x_wconf 75' lang='lat' dir='ltr'><strong>pertinet</strong></span> <span class='ocrx_word' id='word_1_20' title='bbox 892 655 1096 720; x_wconf 77' lang='lat' dir='ltr'><strong>Christianae</strong></span> <span class='ocrx_word' id='word_1_21' title='bbox 1124 658 1333 740; x_wconf 80' lang='lat' dir='ltr'>Reipublicae</span> <span class='ocrx_word' id='word_1_22' title='bbox 1361 660 1500 724; x_wconf 85' lang='lat' dir='ltr'>cultum.</span> 
     </span>
     <span class='ocr_line' id='line_1_4' title="bbox 191 749 1500 848; baseline 0.011 -35"><span class='ocrx_word' id='word_1_23' title='bbox 191 749 310 819; x_wconf 76' lang='lat' dir='ltr'>Quum</span> <span class='ocrx_word' id='word_1_24' title='bbox 325 751 421 832; x_wconf 86' lang='lat' dir='ltr'>igitur</span> <span class='ocrx_word' id='word_1_25' title='bbox 444 752 607 818; x_wconf 83' lang='lat' dir='ltr'>deserendi</span> <span class='ocrx_word' id='word_1_26' title='bbox 621 757 782 839; x_wconf 74' lang='lat' dir='ltr'>obligatio,</span> <span class='ocrx_word' id='word_1_27' title='bbox 807 769 917 844; x_wconf 80' lang='lat' dir='ltr'><strong>utpote</strong></span> <span class='ocrx_word' id='word_1_28' title='bbox 945 761 1224 829; x_wconf 82' lang='lat' dir='ltr'>denuntiationem</span> <span class='ocrx_word' id='word_1_29' title='bbox 1248 765 1380 846; x_wconf 75' lang='lat' dir='ltr'><strong>sequela</strong></span> <span class='ocrx_word' id='word_1_30' title='bbox 1404 765 1500 848; x_wconf 83' lang='lat' dir='ltr'>perti·</span> 
     </span>
     <span class='ocr_line' id='line_1_5' title="bbox 192 859 1502 952; baseline 0.014 -32"><span class='ocrx_word' id='word_1_31' title='bbox 192 868 271 922; x_wconf 87' lang='lat' dir='ltr'>neat</span> <span class='ocrx_word' id='word_1_32' title='bbox 294 859 337 922; x_wconf 88' lang='lat' dir='ltr'>ad</span> <span class='ocrx_word' id='word_1_33' title='bbox 362 873 532 926; x_wconf 83' lang='lat' dir='ltr'>externum</span> <span class='ocrx_word' id='word_1_34' title='bbox 557 865 760 930; x_wconf 81' lang='lat' dir='ltr'>Christianae</span> <span class='ocrx_word' id='word_1_35' title='bbox 785 869 993 952; x_wconf 72' lang='lat' dir='ltr'>Reipublicae</span> <span class='ocrx_word' id='word_1_36' title='bbox 1021 872 1160 952; x_wconf 89' lang='lat' dir='ltr'>cultum,</span> <span class='ocrx_word' id='word_1_37' title='bbox 1189 870 1304 938; x_wconf 85' lang='lat' dir='ltr'>eadem</span> <span class='ocrx_word' id='word_1_38' title='bbox 1326 874 1502 940; x_wconf 77' lang='lat' dir='ltr'>Romanae</span> 
     </span>
     <span class='ocr_line' id='line_1_6' title="bbox 195 967 1217 1056; baseline 0.012 -24"><span class='ocrx_word' id='word_1_39' title='bbox 195 967 465 1034; x_wconf 84' lang='lat' dir='ltr'>Paenitentiariae</span> <span class='ocrx_word' id='word_1_40' title='bbox 476 973 626 1056; x_wconf 85' lang='lat' dir='ltr'>rescripto</span> <span class='ocrx_word' id='word_1_41' title='bbox 640 975 842 1040; x_wconf 88' lang='lat' dir='ltr'>nullomodo</span> <span class='ocrx_word' id='word_1_42' title='bbox 856 977 1014 1042; x_wconf 83' lang='lat' dir='ltr'>dissoluta</span> <span class='ocrx_word' id='word_1_43' title='bbox 1028 981 1217 1046; x_wconf 84' lang='lat' dir='ltr'>censebitur.</span> 
     </span>
    </p>
   </div>
   <div class='ocr_carea' id='block_1_3' title="bbox 695 1245 1079 1320">
    <p class='ocr_par' dir='ltr' id='par_1_3' title="bbox 695 1245 1079 1320">
     <span class='ocr_line' id='line_1_7' title="bbox 695 1245 1079 1320; baseline -0.016 0"><span class='ocrx_word' id='word_1_44' title='bbox 695 1247 931 1320; x_wconf 71' lang='lat' dir='ltr'>Quaestio</span> <span class='ocrx_word' id='word_1_45' title='bbox 954 1249 995 1314; x_wconf 93' lang='grc' dir='ltr'>Π.</span> <span class='ocrx_word' id='word_1_46' title='bbox 1074 1245 1079 1253; x_wconf 82' lang='grc'><strong>’</strong></span> 
     </span>
    </p>
   </div>
   <div class='ocr_carea' id='block_1_4' title="bbox 284 1523 1426 1863">
    <p class='ocr_par' dir='ltr' id='par_1_4' title="bbox 284 1523 1426 1863">
     <span class='ocr_line' id='line_1_8' title="bbox 284 1523 1426 1615; baseline 0.012 -27"><span class='ocrx_word' id='word_1_47' title='bbox 284 1523 379 1598; x_wconf 82' lang='lat' dir='ltr'>Quid</span> <span class='ocrx_word' id='word_1_48' title='bbox 399 1525 571 1610; x_wconf 72' lang='lat' dir='ltr'>lignidum</span> <span class='ocrx_word' id='word_1_49' title='bbox 590 1528 635 1590; x_wconf 80' lang='lat' dir='ltr'>eit</span> <span class='ocrx_word' id='word_1_50' title='bbox 651 1527 816 1607; x_wconf 84' lang='lat' dir='ltr'>-Puroclro,</span> <span class='ocrx_word' id='word_1_51' title='bbox 840 1530 897 1615; x_wconf 78' lang='lat' dir='ltr'>qui</span> <span class='ocrx_word' id='word_1_52' title='bbox 911 1551 952 1594; x_wconf 79' lang='lat' dir='ltr'>cc</span> <span class='ocrx_word' id='word_1_53' title='bbox 972 1549 1043 1594; x_wconf 79' lang='lat' dir='ltr'>uno</span> <span class='ocrx_word' id='word_1_54' title='bbox 1065 1530 1310 1606; x_wconf 71' lang='lat' dir='ltr'>Sonumcntuti</span> <span class='ocrx_word' id='word_1_55' title='bbox 1332 1535 1426 1602; x_wconf 63' lang='lat' dir='ltr'>Poe-¹</span> 
     </span>
     <span class='ocr_line' id='line_1_9' title="bbox 317 1661 1371 1758; baseline 0.011 -33"><span class='ocrx_word' id='word_1_56' title='bbox 317 1661 495 1726; x_wconf 82' lang='lat' dir='ltr'>nitentium</span> <span class='ocrx_word' id='word_1_57' title='bbox 520 1661 731 1746; x_wconf 71' lang='lat' dir='ltr'>consessione</span> <span class='ocrx_word' id='word_1_58' title='bbox 751 1665 850 1744; x_wconf 86' lang='lat' dir='ltr'>uouit,</span> <span class='ocrx_word' id='word_1_59' title='bbox 877 1673 1101 1734; x_wconf 78' lang='lat' dir='ltr'>contracturos</span> <span class='ocrx_word' id='word_1_60' title='bbox 1121 1693 1188 1735; x_wconf 84' lang='lat' dir='ltr'>non</span> <span class='ocrx_word' id='word_1_61' title='bbox 1209 1692 1278 1735; x_wconf 78' lang='lat' dir='ltr'>esso</span> <span class='ocrx_word' id='word_1_62' title='bbox 1291 1671 1371 1758; x_wconf 81' lang='lat' dir='ltr'>jure</span> 
     </span>
     <span class='ocr_line' id='line_1_10' title="bbox 600 1771 1091 1863; baseline 0.002 -1"><span class='ocrx_word' id='word_1_63' title='bbox 600 1793 646 1862; x_wconf 81' lang='lat' dir='ltr'>od</span> <span class='ocrx_word' id='word_1_64' title='bbox 666 1771 923 1862; x_wconf 76' lang='lat' dir='ltr'>contrabendum</span> <span class='ocrx_word' id='word_1_65' title='bbox 943 1799 1091 1863; x_wconf 69' lang='lat' dir='ltr'>iduma?</span> 
     </span>
    </p>
   </div>
   <div class='ocr_carea' id='block_1_5' title="bbox 65 2047 1597 4570">
    <p class='ocr_par' dir='ltr' id='par_1_5' title="bbox 65 2047 1597 4570">
     <span class='ocr_line' id='line_1_11' title="bbox 193 2047 1501 2277; baseline 0.006 -24"><span class='ocrx_word' id='word_1_66' title='bbox 193 2047 357 2263; x_wconf 79' lang='lat' dir='ltr'><strong>NEMO</strong></span> <span class='ocrx_word' id='word_1_67' title='bbox 380 2189 513 2273; x_wconf 81' lang='lat' dir='ltr'>ignorat,</span> <span class='ocrx_word' id='word_1_68' title='bbox 529 2209 595 2272; x_wconf 87' lang='lat' dir='ltr'>qua</span> <span class='ocrx_word' id='word_1_69' title='bbox 609 2190 690 2274; x_wconf 85' lang='lat' dir='ltr'>legis</span> <span class='ocrx_word' id='word_1_70' title='bbox 706 2189 837 2253; x_wconf 88' lang='lat' dir='ltr'>veritate</span> <span class='ocrx_word' id='word_1_71' title='bbox 852 2187 1077 2276; x_wconf 87' lang='lat' dir='ltr'>adstringatur,</span> <span class='ocrx_word' id='word_1_72' title='bbox 1089 2193 1288 2277; x_wconf 72' lang='lat' dir='ltr'>quicumque</span> <span class='ocrx_word' id='word_1_73' title='bbox 1304 2195 1501 2260; x_wconf 81' lang='lat' dir='ltr'>Sacramen-</span> 
     </span>
     <span class='ocr_line' id='line_1_12' title="bbox 188 2295 1497 2387; baseline 0.002 -24"><span class='ocrx_word' id='word_1_74' title='bbox 188 2299 287 2363; x_wconf 83' lang='lat' dir='ltr'>talem</span> <span class='ocrx_word' id='word_1_75' title='bbox 310 2297 457 2364; x_wconf 88' lang='lat' dir='ltr'>fidelium</span> <span class='ocrx_word' id='word_1_76' title='bbox 483 2295 716 2364; x_wconf 85' lang='lat' dir='ltr'>consessionem</span> <span class='ocrx_word' id='word_1_77' title='bbox 741 2301 890 2382; x_wconf 77' lang='lat' dir='ltr'>excipiat,</span> <span class='ocrx_word' id='word_1_78' title='bbox 917 2321 959 2366; x_wconf 85' lang='lat' dir='ltr'>ne</span> <span class='ocrx_word' id='word_1_79' title='bbox 986 2313 1144 2367; x_wconf 87' lang='lat' dir='ltr'>secretum</span> <span class='ocrx_word' id='word_1_80' title='bbox 1158 2303 1345 2366; x_wconf 91' lang='lat' dir='ltr'>ullomodo</span> <span class='ocrx_word' id='word_1_81' title='bbox 1369 2305 1497 2387; x_wconf 85' lang='lat' dir='ltr'>prodat,</span> 
     </span>
     <span class='ocr_line' id='line_1_13' title="bbox 188 2407 1499 2494; baseline 0.002 -21"><span class='ocrx_word' id='word_1_82' title='bbox 188 2423 259 2474; x_wconf 81' lang='lat' dir='ltr'>oon.</span> <span class='ocrx_word' id='word_1_83' title='bbox 275 2409 304 2472; x_wconf 83' lang='lat'>2.</span> <span class='ocrx_word' id='word_1_84' title='bbox 321 2407 362 2472; x_wconf 91' lang='lat' dir='ltr'>de</span> <span class='ocrx_word' id='word_1_85' title='bbox 376 2427 467 2492; x_wconf 89' lang='lat' dir='ltr'>poen.</span> <span class='ocrx_word' id='word_1_86' title='bbox 483 2407 556 2472; x_wconf 87' lang='lat' dir='ltr'>dist.</span> <span class='ocrx_word' id='word_1_87' title='bbox 572 2409 610 2486; x_wconf 86' lang='grc'>6.,</span> <span class='ocrx_word' id='word_1_88' title='bbox 626 2427 695 2491; x_wconf 84' lang='lat' dir='ltr'>cap.</span> <span class='ocrx_word' id='word_1_89' title='bbox 713 2409 762 2472; x_wconf 86' lang='lat'>12.</span> <span class='ocrx_word' id='word_1_90' title='bbox 779 2409 813 2472; x_wconf 91' lang='lat' dir='ltr'>in</span> <span class='ocrx_word' id='word_1_91' title='bbox 828 2407 894 2474; x_wconf 86' lang='lat' dir='ltr'>tine</span> <span class='ocrx_word' id='word_1_92' title='bbox 908 2410 949 2473; x_wconf 90' lang='lat' dir='ltr'>de</span> <span class='ocrx_word' id='word_1_93' title='bbox 965 2429 1065 2494; x_wconf 83' lang='lat' dir='ltr'>poen,</span> <span class='ocrx_word' id='word_1_94' title='bbox 1081 2421 1112 2474; x_wconf 89' lang='lat' dir='ltr'>et</span> <span class='ocrx_word' id='word_1_95' title='bbox 1126 2415 1203 2474; x_wconf 86' lang='lat' dir='ltr'>rein.</span> <span class='ocrx_word' id='word_1_96' title='bbox 1248 2413 1432 2494; x_wconf 71' lang='lat' dir='ltr'>Fingamus</span> <span class='ocrx_word' id='word_1_97' title='bbox 1447 2423 1499 2476; x_wconf 87' lang='lat' dir='ltr'>ta·</span> 
     </span>
     <span class='ocr_line' id='line_1_14' title="bbox 187 2517 1497 2598; baseline 0.005 -16"><span class='ocrx_word' id='word_1_98' title='bbox 187 2535 271 2598; x_wconf 90' lang='lat' dir='ltr'>men,</span> <span class='ocrx_word' id='word_1_99' title='bbox 288 2517 471 2582; x_wconf 82' lang='lat' dir='ltr'>Paroclrum</span> <span class='ocrx_word' id='word_1_100' title='bbox 486 2517 529 2580; x_wconf 87' lang='lat' dir='ltr'>ad</span> <span class='ocrx_word' id='word_1_101' title='bbox 543 2518 787 2582; x_wconf 82' lang='lat' dir='ltr'>celebrationem</span> <span class='ocrx_word' id='word_1_102' title='bbox 803 2519 999 2583; x_wconf 76' lang='lat' dir='ltr'>matrimonii</span> <span class='ocrx_word' id='word_1_103' title='bbox 1014 2519 1212 2584; x_wconf 87' lang='lat' dir='ltr'>advocatum</span> <span class='ocrx_word' id='word_1_104' title='bbox 1227 2539 1321 2584; x_wconf 86' lang='lat' dir='ltr'>nosse</span> <span class='ocrx_word' id='word_1_105' title='bbox 1335 2538 1375 2583; x_wconf 82' lang='lat' dir='ltr'>en</span> <span class='ocrx_word' id='word_1_106' title='bbox 1388 2539 1497 2589; x_wconf 78' lang='lat' dir='ltr'>sacra.</span> 
     </span>
     <span class='ocr_line' id='line_1_15' title="bbox 186 2625 1496 2710; baseline 0.005 -20"><span class='ocrx_word' id='word_1_107' title='bbox 186 2625 320 2690; x_wconf 86' lang='lat' dir='ltr'>mentali</span> <span class='ocrx_word' id='word_1_108' title='bbox 335 2627 477 2710; x_wconf 84' lang='lat' dir='ltr'>ipsorum</span> <span class='ocrx_word' id='word_1_109' title='bbox 500 2625 580 2689; x_wconf 87' lang='lat' dir='ltr'>forte</span> <span class='ocrx_word' id='word_1_110' title='bbox 594 2625 853 2691; x_wconf 88' lang='lat' dir='ltr'>contrahentium</span> <span class='ocrx_word' id='word_1_111' title='bbox 878 2627 1089 2708; x_wconf 82' lang='lat' dir='ltr'>confessione,</span> <span class='ocrx_word' id='word_1_112' title='bbox 1112 2630 1244 2693; x_wconf 82' lang='lat' dir='ltr'>subesse</span> <span class='ocrx_word' id='word_1_113' title='bbox 1267 2629 1496 2696; x_wconf 72' lang='lat' dir='ltr'>intereundum</span> 
     </span>
     <span class='ocr_line' id='line_1_16' title="bbox 188 2735 1497 2822; baseline 0.005 -23"><span class='ocrx_word' id='word_1_114' title='bbox 188 2735 369 2820; x_wconf 84' lang='lat' dir='ltr'>legitimum</span> <span class='ocrx_word' id='word_1_115' title='bbox 394 2735 670 2819; x_wconf 86' lang='lat' dir='ltr'>impedimentum,</span> <span class='ocrx_word' id='word_1_116' title='bbox 697 2750 739 2798; x_wconf 90' lang='lat' dir='ltr'>ne</span> <span class='ocrx_word' id='word_1_117' title='bbox 767 2736 1009 2801; x_wconf 84' lang='lat' dir='ltr'>matrimonium</span> <span class='ocrx_word' id='word_1_118' title='bbox 1037 2737 1256 2821; x_wconf 78' lang='lat' dir='ltr'>contrahatun</span> <span class='ocrx_word' id='word_1_119' title='bbox 1288 2743 1375 2822; x_wconf 84' lang='lat' dir='ltr'>pute,</span> <span class='ocrx_word' id='word_1_120' title='bbox 1405 2739 1497 2821; x_wconf 87' lang='lat' dir='ltr'>quod</span> 
     </span>
     <span class='ocr_line' id='line_1_17' title="bbox 187 2839 1497 2928; baseline 0.005 -22"><span class='ocrx_word' id='word_1_121' title='bbox 187 2844 343 2926; x_wconf 85' lang='lat' dir='ltr'>acceperit</span> <span class='ocrx_word' id='word_1_122' title='bbox 367 2839 505 2908; x_wconf 78' lang='lat' dir='ltr'>tridua</span> <span class='ocrx_word' id='word_1_123' title='bbox 529 2841 835 2926; x_wconf 81' lang='lat' dir='ltr'>secundonuptura,</span> <span class='ocrx_word' id='word_1_124' title='bbox 863 2845 978 2908; x_wconf 88' lang='lat' dir='ltr'>autab</span> <span class='ocrx_word' id='word_1_125' title='bbox 1003 2863 1051 2925; x_wconf 88' lang='lat' dir='ltr'>eo,</span> <span class='ocrx_word' id='word_1_126' title='bbox 1077 2845 1134 2926; x_wconf 88' lang='lat' dir='ltr'>qui</span> <span class='ocrx_word' id='word_1_127' title='bbox 1149 2844 1240 2910; x_wconf 79' lang='lat' dir='ltr'>illum</span> <span class='ocrx_word' id='word_1_128' title='bbox 1265 2845 1497 2928; x_wconf 74' lang='lat' dir='ltr'>ductumsest,</span> 
     </span>
     <span class='ocr_line' id='line_1_18' title="bbox 187 2947 1496 3038; baseline -0.001 -22"><span class='ocrx_word' id='word_1_129' title='bbox 187 2951 327 3035; x_wconf 84' lang='lat' dir='ltr'>primum</span> <span class='ocrx_word' id='word_1_130' title='bbox 352 2951 523 3034; x_wconf 78' lang='lat' dir='ltr'>conjugem</span> <span class='ocrx_word' id='word_1_131' title='bbox 549 2948 650 3012; x_wconf 87' lang='lat' dir='ltr'>inisse</span> <span class='ocrx_word' id='word_1_132' title='bbox 675 2961 828 3014; x_wconf 84' lang='lat' dir='ltr'>necatum</span> <span class='ocrx_word' id='word_1_133' title='bbox 843 2953 887 3014; x_wconf 88' lang='lat' dir='ltr'>ab</span> <span class='ocrx_word' id='word_1_134' title='bbox 910 2953 988 3034; x_wconf 81' lang='lat' dir='ltr'>ipsis</span> <span class='ocrx_word' id='word_1_135' title='bbox 1010 2951 1145 3016; x_wconf 81' lang='lat' dir='ltr'>ineundi</span> <span class='ocrx_word' id='word_1_136' title='bbox 1171 2947 1496 3038; x_wconf 60' lang='lat' dir='ltr'>manimoniiocusm</span> 
     </span>
     <span class='ocr_line' id='line_1_19' title="bbox 188 3059 1573 3146; baseline 0 -19"><span class='ocrx_word' id='word_1_137' title='bbox 188 3071 246 3128; x_wconf 87' lang='lat' dir='ltr'>aut</span> <span class='ocrx_word' id='word_1_138' title='bbox 260 3059 347 3146; x_wconf 88' lang='lat' dir='ltr'>quod</span> <span class='ocrx_word' id='word_1_139' title='bbox 370 3061 537 3144; x_wconf 81' lang='lat' dir='ltr'>acceperit,</span> <span class='ocrx_word' id='word_1_140' title='bbox 553 3060 718 3124; x_wconf 84' lang='lat' dir='ltr'>affinitatis</span> <span class='ocrx_word' id='word_1_141' title='bbox 744 3062 914 3126; x_wconf 83' lang='lat' dir='ltr'>vinculum·</span> <span class='ocrx_word' id='word_1_142' title='bbox 927 3078 969 3125; x_wconf 85' lang='lat' dir='ltr'>ex</span> <span class='ocrx_word' id='word_1_143' title='bbox 995 3061 1106 3126; x_wconf 85' lang='lat' dir='ltr'>illicita</span> <span class='ocrx_word' id='word_1_144' title='bbox 1135 3064 1362 3146; x_wconf 80' lang='lat' dir='ltr'>conjunctione</span> <span class='ocrx_word' id='word_1_145' title='bbox 1375 3061 1501 3145; x_wconf 77' lang='lat' dir='ltr'>proteo-</span> <span class='ocrx_word' id='word_1_146' title='bbox 1561 3087 1573 3108; x_wconf 93' lang='lat'><strong>·</strong></span> 
     </span>
     <span class='ocr_line' id='line_1_20' title="bbox 187 3165 1500 3256; baseline -0.003 -18"><span class='ocrx_word' id='word_1_147' title='bbox 187 3185 258 3238; x_wconf 88' lang='lat' dir='ltr'>tum</span> <span class='ocrx_word' id='word_1_148' title='bbox 281 3182 362 3236; x_wconf 84' lang='lat' dir='ltr'>rotor</span> <span class='ocrx_word' id='word_1_149' title='bbox 386 3179 603 3236; x_wconf 86' lang='lat' dir='ltr'>contracturos</span> <span class='ocrx_word' id='word_1_150' title='bbox 626 3167 830 3234; x_wconf 74' lang='lat' dir='ltr'>intercedere</span> <span class='ocrx_word' id='word_1_151' title='bbox 874 3169 1014 3240; x_wconf 75' lang='lat' dir='ltr'>Quoties</span> <span class='ocrx_word' id='word_1_152' title='bbox 1034 3187 1080 3256; x_wconf 28' lang='lat' dir='ltr'>‚ee</span> <span class='ocrx_word' id='word_1_153' title='bbox 1105 3171 1346 3234; x_wconf 83' lang='lat' dir='ltr'>sacramentalis</span> <span class='ocrx_word' id='word_1_154' title='bbox 1370 3165 1500 3235; x_wconf 78' lang='lat' dir='ltr'>confes·</span> 
     </span>
     <span class='ocr_line' id='line_1_21' title="bbox 187 3275 1498 3362; baseline -0.001 -18"><span class='ocrx_word' id='word_1_155' title='bbox 187 3281 234 3344; x_wconf 85' lang='lat' dir='ltr'>sio</span> <span class='ocrx_word' id='word_1_156' title='bbox 259 3277 472 3362; x_wconf 84' lang='lat' dir='ltr'>praecesserit,</span> <span class='ocrx_word' id='word_1_157' title='bbox 488 3277 699 3345; x_wconf 85' lang='lat' dir='ltr'>nibilominus</span> <span class='ocrx_word' id='word_1_158' title='bbox 719 3287 834 3340; x_wconf 55' lang='lat' dir='ltr'>&#39;tamen</span> <span class='ocrx_word' id='word_1_159' title='bbox 860 3275 890 3355; x_wconf 91' lang='lat' dir='ltr'>ii,</span> <span class='ocrx_word' id='word_1_160' title='bbox 907 3275 1082 3358; x_wconf 78' lang='lat' dir='ltr'>dequibus</span> <span class='ocrx_word' id='word_1_161' title='bbox 1105 3277 1220 3358; x_wconf 77' lang='lat' dir='ltr'>agitur,</span> <span class='ocrx_word' id='word_1_162' title='bbox 1243 3277 1371 3358; x_wconf 88' lang='lat' dir='ltr'>publice</span> <span class='ocrx_word' id='word_1_163' title='bbox 1385 3278 1498 3344; x_wconf 84' lang='lat' dir='ltr'>matri·</span> 
     </span>
     <span class='ocr_line' id='line_1_22' title="bbox 186 3383 1496 3471; baseline -0.002 -19"><span class='ocrx_word' id='word_1_164' title='bbox 186 3388 295 3452; x_wconf 86' lang='lat' dir='ltr'>monio</span> <span class='ocrx_word' id='word_1_165' title='bbox 309 3408 343 3450; x_wconf 85' lang='lat' dir='ltr'>se</span> <span class='ocrx_word' id='word_1_166' title='bbox 362 3387 457 3471; x_wconf 88' lang='lat' dir='ltr'>jungi</span> <span class='ocrx_word' id='word_1_167' title='bbox 471 3387 645 3470; x_wconf 89' lang='lat' dir='ltr'>postulant,</span> <span class='ocrx_word' id='word_1_168' title='bbox 672 3405 738 3450; x_wconf 90' lang='lat' dir='ltr'>non</span> <span class='ocrx_word' id='word_1_169' title='bbox 753 3396 801 3450; x_wconf 84' lang='lat' dir='ltr'>eet</span> <span class='ocrx_word' id='word_1_170' title='bbox 815 3383 1041 3465; x_wconf 85' lang='lat' dir='ltr'>dubitandum,</span> <span class='ocrx_word' id='word_1_171' title='bbox 1057 3385 1137 3466; x_wconf 87' lang='lat' dir='ltr'>quin</span> <span class='ocrx_word' id='word_1_172' title='bbox 1156 3385 1319 3448; x_wconf 85' lang='lat' dir='ltr'>Pamchus</span> <span class='ocrx_word' id='word_1_173' title='bbox 1338 3385 1496 3469; x_wconf 81' lang='lat' dir='ltr'>demere,</span> 
     </span>
     <span class='ocr_line' id='line_1_23' title="bbox 187 3493 1506 3584; baseline -0.002 -23"><span class='ocrx_word' id='word_1_174' title='bbox 187 3511 221 3562; x_wconf 88' lang='lat' dir='ltr'>et</span> <span class='ocrx_word' id='word_1_175' title='bbox 229 3500 326 3584; x_wconf 83' lang='lat' dir='ltr'>juxta</span> <span class='ocrx_word' id='word_1_176' title='bbox 339 3507 530 3560; x_wconf 86' lang='lat' dir='ltr'>consuetum</span> <span class='ocrx_word' id='word_1_177' title='bbox 551 3493 649 3560; x_wconf 85' lang='lat' dir='ltr'>ritum</span> <span class='ocrx_word' id='word_1_178' title='bbox 664 3495 778 3558; x_wconf 79' lang='lat' dir='ltr'>adesse</span> <span class='ocrx_word' id='word_1_179' title='bbox 804 3493 934 3577; x_wconf 87' lang='lat' dir='ltr'>nuptiis,</span> <span class='ocrx_word' id='word_1_180' title='bbox 950 3513 990 3557; x_wconf 86' lang='lat' dir='ltr'>ac</span> <span class='ocrx_word' id='word_1_181' title='bbox 1005 3493 1192 3558; x_wconf 87' lang='lat' dir='ltr'>benedicere</span> <span class='ocrx_word' id='word_1_182' title='bbox 1214 3493 1340 3574; x_wconf 68' lang='lat' dir='ltr'>debean</span> <span class='ocrx_word' id='word_1_183' title='bbox 1356 3494 1506 3558; x_wconf 84' lang='lat' dir='ltr'>habetur·</span> 
     </span>
     <span class='ocr_line' id='line_1_24' title="bbox 188 3601 1597 3690; baseline -0.005 -18"><span class='ocrx_word' id='word_1_184' title='bbox 188 3608 284 3688; x_wconf 88' lang='lat' dir='ltr'>enim,</span> <span class='ocrx_word' id='word_1_185' title='bbox 301 3625 340 3670; x_wconf 88' lang='lat' dir='ltr'>ac</span> <span class='ocrx_word' id='word_1_186' title='bbox 365 3607 392 3670; x_wconf 90' lang='lat' dir='ltr'>si</span> <span class='ocrx_word' id='word_1_187' title='bbox 408 3605 675 3690; x_wconf 84' lang='lat' dir='ltr'>impedimentum</span> <span class='ocrx_word' id='word_1_188' title='bbox 702 3618 831 3686; x_wconf 83' lang='lat' dir='ltr'>prorsus</span> <span class='ocrx_word' id='word_1_189' title='bbox 856 3601 987 3686; x_wconf 66' lang='lat' dir='ltr'>ignoret,</span> <span class='ocrx_word' id='word_1_190' title='bbox 1012 3604 1069 3685; x_wconf 91' lang='lat' dir='ltr'>qui</span> <span class='ocrx_word' id='word_1_191' title='bbox 1097 3601 1363 3685; x_wconf 82' lang='lat' dir='ltr'>impedimentum</span> <span class='ocrx_word' id='word_1_192' title='bbox 1386 3621 1429 3668; x_wconf 83' lang='lat' dir='ltr'>ex</span> <span class='ocrx_word' id='word_1_193' title='bbox 1442 3621 1499 3666; x_wconf 84' lang='lat' dir='ltr'>ea·</span> <span class='ocrx_word' id='word_1_194' title='bbox 1596 3647 1597 3658; x_wconf 29' lang='lat' dir='ltr'>l</span> 
     </span>
     <span class='ocr_line' id='line_1_25' title="bbox 188 3711 1501 3794; baseline -0.002 -16"><span class='ocrx_word' id='word_1_195' title='bbox 188 3713 376 3778; x_wconf 87' lang='lat' dir='ltr'>oramentali</span> <span class='ocrx_word' id='word_1_196' title='bbox 391 3723 518 3778; x_wconf 85' lang='lat' dir='ltr'>tantum</span> <span class='ocrx_word' id='word_1_197' title='bbox 533 3711 733 3776; x_wconf 83' lang='lat' dir='ltr'>consessione</span> <span class='ocrx_word' id='word_1_198' title='bbox 759 3711 919 3794; x_wconf 81' lang='lat' dir='ltr'>cognovit;</span> <span class='ocrx_word' id='word_1_199' title='bbox 936 3711 1019 3774; x_wconf 85' lang='lat' dir='ltr'>alias</span> <span class='ocrx_word' id='word_1_200' title='bbox 1033 3711 1131 3775; x_wconf 89' lang='lat' dir='ltr'>etiam</span> <span class='ocrx_word' id='word_1_201' title='bbox 1149 3711 1260 3794; x_wconf 85' lang='lat' dir='ltr'>regula</span> <span class='ocrx_word' id='word_1_202' title='bbox 1278 3722 1336 3792; x_wconf 85' lang='lat' dir='ltr'>est,</span> <span class='ocrx_word' id='word_1_203' title='bbox 1350 3711 1399 3791; x_wconf 86' lang='lat' dir='ltr'>iis,</span> <span class='ocrx_word' id='word_1_204' title='bbox 1412 3718 1501 3793; x_wconf 85' lang='lat' dir='ltr'>q&#39;uo-</span> 
     </span>
     <span class='ocr_line' id='line_1_26' title="bbox 157 3817 1496 3902; baseline 0.003 -19"><span class='ocrx_word' id='word_1_205' title='bbox 157 3847 163 3862; x_wconf 92' lang='lat'><em>·</em></span> <span class='ocrx_word' id='word_1_206' title='bbox 189 3837 262 3883; x_wconf 89' lang='lat' dir='ltr'>rum</span> <span class='ocrx_word' id='word_1_207' title='bbox 287 3820 413 3901; x_wconf 81' lang='lat' dir='ltr'>privata</span> <span class='ocrx_word' id='word_1_208' title='bbox 427 3817 544 3884; x_wconf 87' lang='lat' dir='ltr'>delicta</span> <span class='ocrx_word' id='word_1_209' title='bbox 569 3827 653 3900; x_wconf 85' lang='lat' dir='ltr'>sunt,</span> <span class='ocrx_word' id='word_1_210' title='bbox 669 3837 736 3885; x_wconf 89' lang='lat' dir='ltr'>non</span> <span class='ocrx_word' id='word_1_211' title='bbox 761 3837 831 3883; x_wconf 87' lang='lat' dir='ltr'>esse</span> <span class='ocrx_word' id='word_1_212' title='bbox 857 3821 1068 3886; x_wconf 80' lang='lat' dir='ltr'>Sacramenta</span> <span class='ocrx_word' id='word_1_213' title='bbox 1082 3818 1210 3902; x_wconf 87' lang='lat' dir='ltr'>publice</span> <span class='ocrx_word' id='word_1_214' title='bbox 1224 3819 1428 3902; x_wconf 68' lang='lat' dir='ltr'>denegandm</span> <span class='ocrx_word' id='word_1_215' title='bbox 1444 3823 1496 3887; x_wconf 88' lang='lat' dir='ltr'>uti</span> 
     </span>
     <span class='ocr_line' id='line_1_27' title="bbox 191 3927 1496 4013; baseline 0.001 -21"><span class='ocrx_word' id='word_1_216' title='bbox 191 3928 280 3992; x_wconf 86' lang='lat' dir='ltr'>enim</span> <span class='ocrx_word' id='word_1_217' title='bbox 294 3927 454 4010; x_wconf 85' lang='lat' dir='ltr'>Theologi</span> <span class='ocrx_word' id='word_1_218' title='bbox 469 3931 567 4013; x_wconf 82' lang='lat' dir='ltr'>ajunt,</span> <span class='ocrx_word' id='word_1_219' title='bbox 585 3929 659 3992; x_wconf 86' lang='lat' dir='ltr'>lieet</span> <span class='ocrx_word' id='word_1_220' title='bbox 673 3941 854 4012; x_wconf 81' lang='lat' dir='ltr'>peccatores</span> <span class='ocrx_word' id='word_1_221' title='bbox 868 3929 985 3992; x_wconf 87' lang='lat' dir='ltr'>occulti</span> <span class='ocrx_word' id='word_1_222' title='bbox 996 3930 1052 4012; x_wconf 84' lang='lat' dir='ltr'>jus</span> <span class='ocrx_word' id='word_1_223' title='bbox 1067 3947 1132 3991; x_wconf 90' lang='lat' dir='ltr'>non</span> <span class='ocrx_word' id='word_1_224' title='bbox 1143 3928 1289 3992; x_wconf 86' lang='lat' dir='ltr'>habeant</span> <span class='ocrx_word' id='word_1_225' title='bbox 1302 3929 1496 3993; x_wconf 72' lang='lat' dir='ltr'>annomeo-</span> 
     </span>
     <span class='ocr_line' id='line_1_28' title="bbox 129 4024 1595 4124; baseline 0.005 -25"><span class='ocrx_word' id='word_1_226' title='bbox 129 4024 133 4030; x_wconf 72' lang='grc'><strong>’</strong></span> <span class='ocrx_word' id='word_1_227' title='bbox 191 4035 376 4120; x_wconf 82' lang='lat' dir='ltr'>tapetendi,</span> <span class='ocrx_word' id='word_1_228' title='bbox 401 4047 512 4120; x_wconf 84' lang='lat' dir='ltr'>utpote</span> <span class='ocrx_word' id='word_1_229' title='bbox 526 4057 611 4119; x_wconf 85' lang='lat' dir='ltr'>quae</span> <span class='ocrx_word' id='word_1_230' title='bbox 638 4049 750 4120; x_wconf 87' lang='lat' dir='ltr'>petunt</span> <span class='ocrx_word' id='word_1_231' title='bbox 764 4037 905 4121; x_wconf 83' lang='lat' dir='ltr'>indigue,</span> <span class='ocrx_word' id='word_1_232' title='bbox 917 4039 971 4121; x_wconf 88' lang='lat' dir='ltr'>jue</span> <span class='ocrx_word' id='word_1_233' title='bbox 986 4049 1095 4102; x_wconf 86' lang='lat' dir='ltr'>tamen</span> <span class='ocrx_word' id='word_1_234' title='bbox 1116 4039 1246 4118; x_wconf 82' lang='lat' dir='ltr'>babent,</span> <span class='ocrx_word' id='word_1_235' title='bbox 1262 4039 1373 4102; x_wconf 79' lang='lat' dir='ltr'>utribi</span> <span class='ocrx_word' id='word_1_236' title='bbox 1386 4039 1496 4121; x_wconf 85' lang='lat' dir='ltr'>publi·</span> <span class='ocrx_word' id='word_1_237' title='bbox 1594 4119 1595 4124; x_wconf 5' lang='grc' dir='ltr'>ἵ</span> 
     </span>
     <span class='ocr_line' id='line_1_29' title="bbox 189 4143 1495 4230; baseline 0.005 -24"><span class='ocrx_word' id='word_1_238' title='bbox 189 4161 227 4206; x_wconf 92' lang='lat' dir='ltr'>ce</span> <span class='ocrx_word' id='word_1_239' title='bbox 240 4143 421 4226; x_wconf 83' lang='lat' dir='ltr'>potentibus</span> <span class='ocrx_word' id='word_1_240' title='bbox 444 4145 654 4208; x_wconf 81' lang='lat' dir='ltr'>Sacramenta</span> <span class='ocrx_word' id='word_1_241' title='bbox 669 4143 734 4210; x_wconf 83' lang='lat' dir='ltr'>iton</span> <span class='ocrx_word' id='word_1_242' title='bbox 755 4146 967 4230; x_wconf 80' lang='lat' dir='ltr'>denegentur,</span> <span class='ocrx_word' id='word_1_243' title='bbox 992 4155 1183 4228; x_wconf 82' lang='lat' dir='ltr'>argumento</span> <span class='ocrx_word' id='word_1_244' title='bbox 1194 4146 1331 4210; x_wconf 82' lang='lat' dir='ltr'>canonis</span> <span class='ocrx_word' id='word_1_245' title='bbox 1355 4147 1384 4210; x_wconf 87' lang='grc'>3.</span> <span class='ocrx_word' id='word_1_246' title='bbox 1399 4161 1495 4220; x_wconf 79' lang='lat' dir='ltr'>caus.</span> 
     </span>
     <span class='ocr_line' id='line_1_30' title="bbox 188 4249 1594 4352; baseline 0.006 -38"><span class='ocrx_word' id='word_1_247' title='bbox 188 4249 220 4314; x_wconf 88' lang='grc'>6.</span> <span class='ocrx_word' id='word_1_248' title='bbox 234 4262 357 4333; x_wconf 76' lang='lat' dir='ltr'>quaest.</span> <span class='ocrx_word' id='word_1_249' title='bbox 382 4251 421 4331; x_wconf 84' lang='lat'>2,</span> <span class='ocrx_word' id='word_1_250' title='bbox 437 4263 469 4316; x_wconf 89' lang='lat' dir='ltr'>et</span> <span class='ocrx_word' id='word_1_251' title='bbox 482 4271 553 4336; x_wconf 85' lang='lat' dir='ltr'>cap.</span> <span class='ocrx_word' id='word_1_252' title='bbox 568 4255 598 4318; x_wconf 83' lang='lat' dir='ltr'>d.</span> <span class='ocrx_word' id='word_1_253' title='bbox 623 4254 662 4318; x_wconf 84' lang='lat' dir='ltr'>de</span> <span class='ocrx_word' id='word_1_254' title='bbox 677 4267 807 4338; x_wconf 84' lang='lat' dir='ltr'>tempor.</span> <span class='ocrx_word' id='word_1_255' title='bbox 828 4255 965 4320; x_wconf 80' lang='lat' dir='ltr'>ordinat</span> <span class='ocrx_word' id='word_1_256' title='bbox 1008 4253 1175 4318; x_wconf 88' lang='lat' dir='ltr'>Hoc-adeo</span> <span class='ocrx_word' id='word_1_257' title='bbox 1199 4273 1311 4319; x_wconf 86' lang='lat' dir='ltr'>verum</span> <span class='ocrx_word' id='word_1_258' title='bbox 1326 4266 1383 4335; x_wconf 86' lang='lat' dir='ltr'>est,</span> <span class='ocrx_word' id='word_1_259' title='bbox 1397 4267 1435 4319; x_wconf 89' lang='lat' dir='ltr'>ut</span> <span class='ocrx_word' id='word_1_260' title='bbox 1448 4275 1495 4322; x_wconf 88' lang='lat' dir='ltr'>ns</span> <span class='ocrx_word' id='word_1_261' title='bbox 1593 4341 1594 4352; x_wconf 9' lang='grc' dir='ltr'>ἵ</span> 
     </span>
     <span class='ocr_line' id='line_1_31' title="bbox 190 4351 1496 4446; baseline 0.003 -22"><span class='ocrx_word' id='word_1_262' title='bbox 190 4351 289 4444; x_wconf 82' lang='lat' dir='ltr'>po&#39;sstt</span> <span class='ocrx_word' id='word_1_263' title='bbox 312 4357 444 4442; x_wconf 87' lang='lat' dir='ltr'>quidem</span> <span class='ocrx_word' id='word_1_264' title='bbox 469 4361 637 4427; x_wconf 87' lang='lat' dir='ltr'>Parocbus</span> <span class='ocrx_word' id='word_1_265' title='bbox 651 4363 802 4446; x_wconf 87' lang='lat' dir='ltr'>privatim</span> <span class='ocrx_word' id='word_1_266' title='bbox 827 4364 1016 4428; x_wconf 82' lang='lat' dir='ltr'>alterutrum</span> <span class='ocrx_word' id='word_1_267' title='bbox 1036 4381 1080 4430; x_wconf 83' lang='lat' dir='ltr'>cx</span> <span class='ocrx_word' id='word_1_268' title='bbox 1104 4362 1315 4428; x_wconf 83' lang='lat' dir='ltr'>contracturis</span> <span class='ocrx_word' id='word_1_269' title='bbox 1336 4381 1496 4444; x_wconf 89' lang='lat' dir='ltr'>quocum·</span> 
     </span>
     <span class='ocr_line' id='line_1_32' title="bbox 65 4469 1593 4570; baseline 0.001 -36"><span class='ocrx_word' id='word_1_270' title='bbox 65 4523 88 4570; x_wconf 53' lang='lat'><strong>.</strong></span> <span class='ocrx_word' id='word_1_271' title='bbox 188 4483 253 4550; x_wconf 83' lang='lat' dir='ltr'>que</span> <span class='ocrx_word' id='word_1_272' title='bbox 278 4479 447 4554; x_wconf 86' lang='lat' dir='ltr'>praetextu</span> <span class='ocrx_word' id='word_1_273' title='bbox 461 4469 505 4536; x_wconf 84' lang='lat' dir='ltr'>ad</span> <span class='ocrx_word' id='word_1_274' title='bbox 519 4491 555 4536; x_wconf 87' lang='lat' dir='ltr'>se</span> <span class='ocrx_word' id='word_1_275' title='bbox 579 4471 690 4553; x_wconf 83' lang='lat' dir='ltr'>accire,</span> <span class='ocrx_word' id='word_1_276' title='bbox 705 4473 921 4556; x_wconf 89' lang='lat' dir='ltr'>eumdemque</span> <span class='ocrx_word' id='word_1_277' title='bbox 946 4471 1020 4536; x_wconf 92' lang='lat' dir='ltr'>licet</span> <span class='ocrx_word' id='word_1_278' title='bbox 1044 4471 1106 4536; x_wconf 86' lang='lat' dir='ltr'>sibi</span> <span class='ocrx_word' id='word_1_279' title='bbox 1120 4471 1201 4536; x_wconf 86' lang='lat' dir='ltr'>alias</span> <span class='ocrx_word' id='word_1_280' title='bbox 1225 4470 1411 4537; x_wconf 73' lang='lat' dir='ltr'>molossum</span> <span class='ocrx_word' id='word_1_281' title='bbox 1424 4489 1502 4538; x_wconf 57' lang='lat' dir='ltr'>mo*</span> <span class='ocrx_word' id='word_1_282' title='bbox 1592 4537 1593 4550; x_wconf 56' lang='grc'>,</span> 
     </span>
    </p>
   </div>
   <div class='ocr_carea' id='block_1_6' title="bbox 0 0 1610 4990">
    <p class='ocr_par' dir='ltr' id='par_1_6' title="bbox 0 0 1610 4990">
     <span class='ocr_line' id='line_1_33' title="bbox 0 0 1610 4990; baseline 0 0"><span class='ocrx_word' id='word_1_283' title='bbox 0 0 1610 4990; x_wconf 95' lang='lat' dir='ltr'> </span> 
     </span>
    </p>
   </div>
  </div>
 </body>
</html>
