3210 4990
198 398 259 461 150
554 386 798 464 nrssanrnrro
819 415 974 478 annana,
998 401 1074 462 cta.
1095 397 1138 464 11.

194 557 259 622 quo
274 539 406 603 minoris
420 537 595 624 perfectam
609 551 748 604 aetatem
773 559 868 603 snam
892 537 1059 622 injudicio
1081 537 1351 602 demonstrabant.
1396 535 1502 599 Dein·

192 642 237 706 de
261 643 417 708 adversus
440 647 629 729 rescriptum
655 648 845 728 Diocletani,
871 658 903 722 et
928 647 1122 710 Maximiani
1147 665 1208 728 ego
1230 665 1357 728 oppono
1382 643 1501 708 lauda·

194 759 273 830 tum,
290 751 468 834 etquidem
491 755 648 820 recentius
674 755 878 818 Constantini
904 756 1092 836 rescriptum
1118 754 1151 816 in
1177 753 1263 816 dicta
1288 754 1308 816 l.
1323 754 1353 816 2.
1369 753 1438 816 cod.
1455 752 1504 816 de

195 859 255 940 his,
271 861 328 940 qui
343 861 473 924 veniam
489 863 610 940 aetatis,
628 862 683 925 ubi
708 883 785 926 curu
811 864 1046 927 Constantinus
1068 862 1102 924 in
1127 860 1254 924 feminis
1279 877 1429 942 expresse
1444 877 1505 920 ca-

194 969 282 1048 verit,
298 989 340 1032 ne
355 970 387 1032 in
398 969 520 1053 judicio
535 971 577 1032 ob
591 971 820 1034 verecundiam
836 991 869 1034 se
885 970 1030 1034 sisterent
1054 961 1256 1052 corporaliter
1279 967 1323 1030 ad
1348 967 1505 1029 demons-

195 1078 343 1140 trandam
367 1078 540 1160 perfectam
566 1089 712 1159 aetatem,
738 1079 820 1142 nihil
845 1089 955 1165 atatem
978 1077 1082 1140 simile
1105 1075 1146 1138 de
1171 1071 1327 1137 masculis
1350 1071 1500 1150 edixerit,

104 1197 110 1208 '
194 1186 273 1249 satis
296 1185 459 1267 indicavit,
485 1205 559 1250 eam
583 1186 692 1251 adhuc
721 1187 879 1250 mansisse
905 1184 1109 1267 disciplinam
1137 1183 1171 1246 in
1201 1181 1364 1257 masculis,
1393 1197 1500 1262 quam

193 1294 344 1358 Cassiani
368 1296 435 1359 suis
459 1296 629 1358 clientibus
654 1284 882 1378 proponebant.
927 1295 1076 1375 Denique
1103 1291 1261 1354 adversus
1275 1296 1449 1368 utrumque
1464 1295 1503 1350 et

194 1399 335 1482 Ulpiani,
360 1411 392 1463 et
415 1400 606 1481 Diocletaui,
634 1421 673 1465 ac
696 1403 892 1466 Maximiani
918 1411 1165 1464 monumentum
1191 1415 1319 1481 oppono,
1340 1395 1504 1460 Justinia-

189 1504 224 1568 ni
240 1507 470 1586 auctoritatem,
487 1509 544 1588 qui
559 1521 629 1573 tum
643 1509 678 1572 in
693 1509 713 1572 l.
729 1509 758 1572 3.
773 1509 843 1572 cod.
864 1509 996 1591 quando
1022 1519 1149 1586 tutores,
1177 1519 1247 1570 tum
1262 1507 1296 1570 in
1311 1507 1413 1588 princ.
1428 1505 1498 1568 ins-

192 1612 239 1675 tit.
268 1614 400 1695 quando
426 1625 486 1678 tut.
515 1616 580 1696 fin,
596 1635 760 1700 ,expresse
790 1628 924 1684 testatus
954 1625 1010 1696 est,
1035 1618 1232 1699 septimum
1259 1615 1437 1678 abolevisse
1460 1615 1499 1677 in

191 1722 346 1786 masculis
372 1724 603 1788 Cassianarum
632 1725 825 1807 opinionem,
855 1733 876 1791 a
902 1725 1051 1810 exemplo
1088 1735 1240 1804 veterum,
1271 1723 1327 1805 qui
1355 1739 1429 1784 eam
1460 1722 1499 1787 in

190 1829 318 1894 seminis
338 1833 534 1916 jampridem
558 1833 826 1916 improbaverant.
879 1834 992 1916 Neque
1017 1852 1094 1897 vero
1118 1835 1291 1915 quisquam
1315 1829 1427 1914 poterit
1452 1831 1503 1894 de

189 1951 257 2005 tam
272 1943 356 2024 turpi
378 1943 548 2007 mendacio
572 1944 756 2008 Justiuiauo
781 1945 980 2028 redarguere,
1006 1945 1101 2027 quasi
1126 1963 1246 2006 novam
1275 1943 1378 2025 legem
1395 1961 1429 2004 se
1445 1941 1499 2005 di-

187 2049 275 2113 xisse
289 2049 484 2133 profiteatur,
500 2071 586 2134 quae
600 2071 687 2116 nova
700 2071 765 2116 non
792 2063 868 2132 erat,
895 2063 926 2115 et
940 2053 1034 2134 quasi
1060 2071 1094 2114 se
1108 2051 1235 2135 publice
1252 2047 1423 2113 ridendum
1437 2068 1501 2113 ex-

183 2155 352 2237 hibuisset,
382 2158 438 2240 qui
468 2157 550 2222 adeo
579 2159 750 2224 manifeste
773 2159 936 2239 voluisset,
963 2170 994 2222 et
1023 2159 1057 2222 in
1086 2157 1227 2222 evidenti
1256 2156 1341 2220 sacto
1371 2157 1498 2221 nubem

186 2261 227 2324 ob
241 2260 352 2324 oculos
368 2263 592 2328 universorum
614 2266 775 2330 inducere.
819 2267 930 2330 Etiam
958 2267 986 2330 si
1009 2267 1098 2330 enim
1124 2266 1200 2330 dare
1226 2266 1306 2329 velis
1326 2266 1498 2349 egregium

185 2388 386 2456 quemquam
400 2371 615 2454 impostorem,
632 2375 744 2456 poterit
768 2375 901 2457 quidem
927 2375 996 2458 ipse
1022 2375 1233 2455 antiquarum
1258 2389 1364 2434 rerum
1380 2371 1499 2454 imagi·

183 2500 241 2544 nes
266 2491 402 2561 mutare,
428 2483 564 2563 turbare,
591 2494 791 2549 nontamen
817 2487 952 2564 eveniet,
980 2495 1017 2548 ut
1046 2495 1114 2548 tuto
1144 2483 1283 2566 profiteri
1311 2471 1427 2564 posset,
1457 2501 1499 2545 se

182 2609 251 2656 reru
265 2611 386 2657 novam
411 2594 573 2676 invehere,
598 2595 731 2678 quando
756 2615 806 2660 res
826 2598 897 2680 jam
922 2597 965 2660 ab
995 2596 1146 2661 universo
1171 2593 1290 2677 populo
1313 2595 1496 2658 tenebatur.

182 2701 275 2772 Quid
305 2721 388 2783 ergo,
419 2702 557 2784 inquies.
586 2701 763 2768 dicendum
792 2705 850 2767 erit
878 2703 919 2767 de
949 2703 1121 2767 momentis
1150 2713 1224 2764 tum
1252 2701 1393 2783 Ulpiani,
1420 2711 1497 2766 tum

181 2808 372 2890 Diocletani,
398 2819 430 2873 et
453 2811 664 2876 Maximiani?
707 2811 931 2895 Deprehendo,
955 2812 1008 2894 agi
1032 2811 1065 2874 in
1096 2811 1135 2874 iis
1158 2809 1200 2873 de
1230 2809 1351 2874 ultimis
1376 2807 1496 2872 volun-

179 2915 310 2993 tatibus,
325 2915 481 2980 uimirum
496 2917 585 3000 apud
600 2919 865 2983 iureconsultum
881 2919 922 2982 de
937 2918 1087 3003 pupillari
1103 2917 1338 2997 substitutione,
1354 2928 1385 2980 et
1400 2901 1495 2999 apud

180 3023 392 3105 Imperatores
417 3023 458 3086 de
485 3035 677 3090 testamento
703 3027 800 3107 illius,
822 3029 915 3111 cujus
934 3027 1085 3108 pubertas
1112 3025 1147 3087 in
1170 3025 1387 3090 controversia
1411 3033 1494 3088 erat.

179 3133 220 3198 In
235 3145 371 3217 utroque
386 3153 465 3198 saue
480 3155 557 3200 casu
575 3136 803 3220 investiganda
827 3147 895 3200 erat
917 3138 1071 3220 pubertas
1095 3155 1161 3198 non
1176 3135 1326 3215 viventis,
1349 3135 1406 3198 sed
1422 3135 1496 3199 rita

178 3238 290 3324 functi,
316 3255 347 3307 et
373 3242 452 3308 sorte
473 3244 543 3328 jam
569 3245 730 3309 tumulato
754 3245 920 3309 cadavere.
964 3245 1077 3327 Turpe
1100 3255 1176 3324 erat,
1203 3263 1241 3306 ac
1270 3263 1397 3326 semper
1427 3241 1495 3309 tuit

178 3349 336 3415 Romanis
351 3352 558 3418 inuadat-ra
573 3353 738 3436 inspicere,
761 3353 861 3417 immo
885 3363 917 3415 et
943 3353 1088 3436 turpius,¹
1106 3351 1309 3417 defectorum
1335 3353 1492 3442 requiem,

178 3455 398 3538 sepulcrorum
426 3460 638 3524 excavatioue
655 3461 789 3546 turbare.
834 3461 935 3531 Quod
965 3461 993 3522 si
1016 3459 1175 3543 adjiciam,
1202 3471 1402 3524 mortuorum
1430 3481 1489 3526 ca.

181 3561 302 3627 davera
316 3568 525 3631 consuevisse
539 3579 610 3632 tum
625 3570 700 3652 igno
726 3569 868 3648 cremari,
896 3587 963 3651 qua
985 3569 1107 3636 ratione
1132 3587 1175 3631 ex
1199 3567 1338 3652 corporis
1363 3569 1491 3644 habitu,

181 3683 214 3736 et
242 3688 374 3757 aspectu
384 3677 524 3761 judicari
549 3679 590 3744 de
612 3681 778 3764 pubertate
802 3679 971 3762 potuisset?
1015 3679 1238 3750 Quamobrem
1267 3681 1352 3744 siin
1377 3699 1494 3764 propo-

185 3793 245 3848 srto
276 3787 376 3854 satius
406 3788 530 3852 duxere
558 3800 590 3852 et
618 3789 873 3869 Jureconsultus,
903 3797 946 3854 et'
963 3785 1174 3872 Imperatores
1203 3791 1492 3876 Proculejanorurn

184 3889 328 3972 opinioni
355 3893 538 3975 adhaerere,
564 3907 596 3959 et
622 3897 754 3980 insuper
782 3897 901 3960 habere
930 3897 1163 3962 Cassianarum
1196 3899 1390 3980 traditiones,
1420 3919 1491 3968 non

182 3999 303 4065 exinde
317 3985 509 4070 concludere
523 4017 653 4090 oportet,
669 4009 701 4071 in
718 4010 907 4086 universum
931 4009 1162 4074 Cassianarum
1176 4011 1382 4093 disciplinam
1397 4013 1493 4080 dam-

84 4161 89 4172 .
183 4111 322 4192 navisse,
338 4121 438 4195 atque
453 4115 633 4198 abrogasse,
650 4126 806 4200 utusque
832 4117 941 4182 locum
965 4119 1096 4182 haberet
1121 4120 1155 4184 in
1177 4120 1300 4202 nuptiis
1325 4120 1492 4212 celebran-

185 4209 244 4293 dis,
260 4233 365 4298 neque
380 4218 415 4280 in
429 4218 531 4282 tutela
545 4220 698 4304 finienda,
715 4227 900 4314 praesertim
915 4245 992 4288 cum
1007 4245 1130 4290 novum
1144 4227 1224 4290 mihi
1240 4227 1359 4292 nonsit
1372 4230 1495 4312 puber·

184 4333 284 4420 tatem
298 4329 332 4391 in
347 4327 483 4394 diversis
497 4315 606 4414 causis
621 4333 749 4399 diversa
759 4337 881 4400 ratione
893 4335 991 4400 fuisse
1007 4337 1218 4401 aestimatam.
1261 4339 1368 4424 HuJus
1384 4341 1486 4405 relar-

164 4437 879 4516 ,gumentoestlexldt.1..tf.deatiment.
901 4453 933 4508 et
946 4443 1042 4510 cibar.
1069 4444 1141 4530 leg,
1166 4444 1201 4511 in
1225 4465 1292 4531 qua
1314 4465 1390 4514 cum
1416 4467 1492 4534 pro·
