3120 4980
220 445 270 518 -10
480 473 570 520 nus
586 473 712 536 namt,
735 473 978 523 omnum-ro
994 479 1119 541 nme,
1140 481 1217 528 cto.
1233 461 1276 528 11.

217 609 335 678 *tantu
362 591 519 677 att'tutmi,
541 599 599 681 qui
614 599 714 664 simul
736 610 768 662 et
782 610 894 665 ooliba
915 613 1056 684 eertum,
1082 611 1239 670 sidentia
1263 611 1396 687 nomint,
1416 617 1508 673 utet

219 717 336 772 bontra
350 706 532 790 sqrtimttm,
553 720 590 770 ut
604 719 713 770 contro
723 707 891 772 decimum
906 707 1063 794 hamingi
1090 719 1295 794 pmeueplum
1306 712 1507 795 ugittluplex

218 813 330 897 epeoie
353 815 476 883 orimett
496 813 678 878 admittere.
722 815 836 899 Neque
844 818 937 882 enim
963 831 1167 904 praeseptum
1193 821 1507 906 piammtoadditom

219 917 255 984 le
269 920 386 984 eadelm
403 941 436 986 re
459 941 581 986 novam
589 925 720 1006 pemati
745 925 884 1006 speciem
895 926 1034 1007 itrrluoit;
1052 941 1117 994 uon
1130 932 1274 1009 emovet,
1290 941 1349 996 sert
1362 933 1506 1010 muter,

221 1030 400 1114 oedpotins
425 1031 532 1096 firmat
547 1033 785 1115 obligationem
806 1035 1089 1117 quemamodum
1114 1041 1279 1122 promissio
1287 1051 1352 1104 -ant
1370 1041 1446 1119 «θη
1459 1051 1507 1104 etit

214 1139 456 1223 rmnteimepe
475 1139 567 1204 *saeta
589 1141 715 1206 nullent
726 1145 936 1208 novationem
961 1139 1189 1222 inundantum
1212 1159 1319 1212 ratam
1335 1145 1506 1212 babatolim

220 1249 340 1319 ueram
366 1250 638 1334 pollicitationum
682 1249 853 1336 nequeas
878 1251 1038 1338 epeelfiott,
1064 1253 1259 1322 utiemolae
1274 1251 1507 1337 loqttunmgdi·

220 1357 369 1422 versitate
384 1357 589 1442 objectorum,
608 1358 786 1426 ariminum
802 1359 926 1446 speeies
939 1372 1159 1443 seoernnntur,
1180 1363 1255 1426 eive
1267 1363 1356 1446 quod
1368 1364 1405 1430 in
1418 1362 1508 1428 diver·

217 1469 265 1536 aie
290 1469 396 1553 specie
420 1469 550 1554 objeotie
566 1469 717 1535 ⁴striarum
742 1487 848 1536 unum
870 1471 976 1556 specie
1000 1491 1071 1536 esea
1094 1483 1276 1557 peooatump
1303 1473 1374 1538 sive
1386 1473 1506 1556 quodie

218 1596 293 1660 una
309 1559 487 1662 umorque
512 1579 634 1663 obiecto
648 1577 777 1646 admitti
801 1577 930 1644 diversa
945 1581 1050 1664 speeie
1068 1581 1206 1646 erimine
1217 1594 1367 1667 pessime.
1409 1581 1506 1648 Unum

215 1690 322 1776 speeie
336 1699 507 1773 peceatum
531 1687 691 1752 estabeo
714 1687 904 1769 admissum,
929 1689 988 1771 qui
1003 1675 1133 1754 servum
1148 1707 1225 1754 eum
1247 1687 1506 1771 peculatorem,

214 1817 419 1886 qumquam
433 1817 558 1880 semus,
572 1808 604 1862 et
618 1796 783 1882 peottlium
798 1797 905 1882 speeie
919 1795 1076 1880 differant,
1091 1807 1123 1864 et
1138 1797 1171 1864 in
1189 1808 1324 1883 utroque
1339 1798 1458 1864 iurtma
1470 1795 1508 1860 tli-

208 1913 308 1978 ·oitur.
351 1911 489 1977 Diversa
504 1909 610 1996 speeie
625 1921 758 1994 peecata
771 1919 848 1974 sunt
862 1910 895 1974 in
911 1929 957 1990 eo,
973 1909 1028 1993 qui
1044 1911 1218 1994 pecuniam
1231 1911 1317 1976 olam
1333 1910 1504 1996 subriperet,

215 2033 247 2088 et
261 2022 295 2086 in
310 2040 357 2101 eo,
373 2019 616 2104 quipeottniam
633 2022 776 2102 pervim
790 2025 812 2084 e
825 2017 958 2082 domino
972 2029 1104 2102 raperet3
1129 2015 1359 2082 lurtumaliud
1374 2019 1452 2085 baec
1465 2013 1507 2078 ria

214 2128 371 2195 bonorum
388 2139 559 2212 raptorum,
587 2147 645 2192 seu
660 2129 774 2212 rapina
789 2129 888 2213 vulgo
914 2127 1102 2212 appelletur,
1126 2147 1330 2211 quamquam
1348 2141 1504 2208 utrumque

211 2237 384 2304 enimenin
409 2235 527 2302 eedem
547 2235 686 2320 pecunia
704 2247 852 2300 versetur.
896 2235 1008 2300 Restm
1019 2236 1129 2318 igitur,
1153 2247 1191 2298 ut
1204 2233 1448 2312 oonolttdamos,
1462 2249 1507 2316 po·

130 2387 133 2394 =
207 2344 277 2411 uus
291 2363 333 2410 ex
349 2341 500 2428 specifica
515 2343 700 2410 diversitate
715 2344 881 2426 virtutum,
902 2343 1022 2426 qulbus
1036 2343 1156 2406 crimen
1179 2343 1360 2424 opponitur,
1376 2341 1506 2406 diversa

140 2459 144 2464 '
213 2453 386 2522 sumimur
410 2454 532 2540 speeies
545 2451 798 2520 esseoruendaa
843 2451 972 2525 doeio
986 2473 1019 2516 re
1033 2449 1100 2518 duo
1122 2451 1426 2518 suutobeervauda:
1451 2443 1504 2512 Pri·
1554 2477 1555 2481 =

211 2579 307 2631 mum
319 2574 378 2643 eet,
403 2562 537 2629 nomine
553 2562 689 2641 virturis,
714 2579 779 2628 uon
795 2559 930 2644 intelligi
957 2561 1109 2626 virtutem
1128 2559 1504 2647 qttamdam'generelem,
1553 2573 1554 2587 ¹

209 2683 296 2758 guae
309 2685 424 2744 omnes
447 2673 532 2741 inse
546 2672 682 2739 virtutae
696 2668 927 2755 complectitur,
942 2669 1238 2756 qualisax.gr.·eet
1252 2667 1357 2733 virtus
1372 2663 1505 2732 obedien·

210 2779 283 2861 liae,
297 2801 384 2864 quae
397 2781 433 2846 iu
446 2779 537 2850 ornol
550 2779 686 2847 erimine
706 2777 930 2860 multitunem
942 2779 1048 2864 qualis
1062 2787 1113 2844 aet
1137 2777 1395 2861 riousjusmiae
1409 2777 1440 2840 in
1450 2789 1507 2840 ene

210 2883 383 2952 latitudine
396 2885 597 2971 amplissime
621 2887 717 2968 dieta,
732 2907 833 2978 quam
848 2887 973 2952 laedere
987 2887 1104 2952 dieitur
1125 2887 1325 2972 quietemque
1339 2885 1506 2968 peredeum·
1549 2927 1550 3006 p

209 3015 276 3080 que
290 2997 446 3066 doliolum
460 2995 619 3063 admittat.
649 2997 784 3062 Virtutis
798 2995 929 3062 nomine
944 2992 1132 3080 intelligitur
1145 3013 1195 3072 ee,
1210 3014 1294 3078 quae
1309 3005 1432 3060 eertum
1446 3009 1504 3075 spo

209 3104 258 3168 oie
273 3105 426 3172 virtutem
440 3105 483 3168 ab
496 3104 597 3168 altera
612 3103 797 3168 distinctam
812 3103 986 3168 eottsrttuto
1028 3104 1175 3168 Alterum
1190 3115 1248 3184 est,
1265 3103 1400 3170 nomine
1418 3103 1503 3164 virtu·

210 3210 251 3274 tis
266 3211 401 3294 imelligi
426 3210 541 3276 debere
551 3231 638 3291 earn,
662 3211 719 3296 qui
733 3213 796 3276 sub
820 3211 1016 3295 obligatione
1033 3212 1082 3278 vel
1098 3211 1257 3298 generalis
1273 3211 1364 3296 logis,
1386 3211 1436 3278 vel
1450 3211 1503 3273 sitr-

202 3322 330 3406 gttlaris
339 3323 505 3408 praecepti
526 3322 634 3386 eadat:
650 3339 755 3404 nequa
770 3322 986 3386 enimomnes
1002 3321 1144 3400 virtutes,
1168 3321 1201 3386 in
1216 3321 1414 3404 obligatione
1428 3329 1502 3384 sunt.

206 3430 473 3513 Quibuspositie,
490 3441 525 3502 ut
539 3429 727 3514 exemplum
743 3429 878 3511 tradem,
895 3429 1015 3496 lurtum
1031 3450 1136 3496 rerum
1154 3449 1330 3509 sacrarum,
1349 3430 1439 3514 quod
1452 3428 1502 3491 vir·

206 3540 268 3606 tuti
284 3539 446 3624 religionis
468 3551 646 3624 opponitur,
673 3539 780 3622 speeie
794 3537 894 3604 distat
919 3535 1040 3604 niorto
1056 3555 1160 3602 rerum
1188 3538 1320 3600 minime
1335 3539 1501 3608 sacrarum.

204 3645 293 3730 quod
311 3647 421 3712 virtuti
435 3647 590 3730 singulari
609 3647 754 3731 justitiae
767 3645 967 3727 moneantur,
982 3657 1012 3710 et
1029 3665 1094 3710 non
1111 3659 1176 3711 tam
1192 3645 1325 3725 furtum,
1347 3665 1448 3728 qttam
1461 3659 1504 3706 sa·

205 3755 373 3840 crilegium
397 3755 587 3842 appellatur,
610 3769 642 3820 et
659 3757 816 3840 singulari
840 3775 944 3840 poena
967 3755 1094 3840 legibue
1120 3753 1278 3838 plectitur,
1297 3755 1317 3818 l.
1332 3757 1372 3836 6,,
1388 3765 1421 3818 el
1434 3747 1503 3816 ‘ali

205 3864 249 3930 ed
265 3865 324 3947 leg.
351 3865 417 3929 Jul.
432 3865 580 3948 peculat,
607 3865 627 3955 l.
645 3867 693 3929 16.
711 3868 733 3934 i.
759 3865 788 3930 4.
804 3865 837 3929 ff.
852 3865 893 3928 de
908 3865 1030 3948 poenis.
1072 3865 1275 3944 Quantilate,
1300 3885 1359 3929 seu
1374 3877 1502 3927 numero

205 3971 359 4054 differunt
373 3973 518 4052 crimina,
544 3993 629 4056 quae
643 3971 749 4038 eidem
769 3973 881 4036 virtuti
906 3975 1052 4056 opposita
1069 3993 1122 4054 par
1144 3987 1247 4052 actus,
1265 3985 1301 4036 ut
1315 3977 1406 4059 ajunt
1417 3972 1500 4034 sebo

207 4081 266 4160 lae,
282 4081 443 4144 moraliter
458 4091 657 4164 interruptos,
673 4082 788 4144 iterum
803 4079 1025 4161 admittuntur,
1043 4081 1076 4144 id
1098 4093 1155 4162 est,
1170 4083 1197 4145 sl
1220 4083 1345 4164 interna
1365 4083 1440 4160 sint,
1454 4095 1503 4162 por

206 4204 328 4256 novam
343 4191 597 4270 consensionem,
613 4201 671 4253 aut
685 4189 946 4254 deliberationem
962 4189 1149 4270 voluntatis3
1167 4190 1194 4250 si
1210 4199 1345 4252 externa
1365 4187 1438 4264 siut,
1455 4199 1501 4266 per

203 4317 329 4386 ¹nonum
346 4313 456 4363 actum
472 4304 491 4362 a
507 4299 609 4384 priore
624 4296 821 4378 distinctum,
837 4299 906 4361 sive
921 4297 1006 4362 idem
1018 4297 1177 4382 objectum
1188 4297 1237 4373 eit,
1254 4296 1322 4358 sive
1333 4295 1503 4358 diversum.

207 4406 272 4470 Ubi
286 4405 390 4470 multe
405 4391 547 4468 admissa
563 4405 628 4470 sint
648 4407 784 4470 crimina
799 4425 863 4470 non
879 4407 984 4489 specie
998 4406 1138 4488 quidem,
1155 4404 1210 4468 sed
1225 4416 1351 4468 tautum
1371 4417 1501 4466 numero

205 4511 394 4594 differentia,
409 4514 520 4598 regula
535 4515 694 4600 generalis
708 4527 765 4597 est,
781 4535 865 4600 quae
881 4514 983 4595 tradit,
998 4533 1136 4600 poenam
1152 4533 1215 4578 non
1228 4513 1300 4578 ideo
1315 4511 1434 4596 augeri,
1451 4517 1501 4570 aut
