3120 4980
173 351 226 422 ffl‘
438 375 529 420 PARS
547 375 673 437 PRIMA,
691 373 931 422 omsatwmo
947 373 1075 435 ΡΒῙΙΑ,
1090 375 1168 422 CAP·
1193 383 1221 422 t.

171 491 292 566 luiessa
306 495 410 562 aliurn
435 498 636 584 purgationis
649 498 825 564 canonicae
839 497 974 564 modum
1000 497 1170 562 faciendae
1185 519 1241 582 per
1256 499 1459 566 contestesiu·
1543 519 1544 572 ἢ

173 608 358 690 tegerrimos
374 607 586 685 innocentiae,
601 606 716 688 quales
731 606 916 688 praesertim
931 617 1023 672 erant
1048 609 1460 691 coepiscopecoeeoeerto·
1543 681 1544 698 χ

171 722 230 792 tes,
247 712 435 778 Conclerici.
479 711 683 778 luduxeraut
707 713 913 797 Langobardi
940 717 1108 780 laudarum
1134 719 1326 798 inventores,
1353 733 1388 782 ut
1399 739 1468 783 cum.
1543 713 1544 800 ἶ

172 817 313 884 Vassolli
329 822 418 904 apud
434 822 614 887 Dominum
631 823 841 906 jureJurando
858 823 955 888 fidem
972 844 1066 888 suam
1092 827 1338 910 obstringerent,
1350 829 1463 892 adhibe
1543 805 1544 888 ζ

172 942 243 997 rent
257 929 299 992 ad
310 930 519 1014 jurisjurandi
534 931 750 996 celebritatem
766 950 859 1014 pares
875 934 1001 1015 Ouriwoe,
1018 936 1049 1000 id
1066 949 1121 1016 est,
1139 937 1379 1000 Convassallos.
1406 939 1463 1000 Dis·
1543 911 1544 978 ἶ

168 1039 288 1124 plicare
304 1059 377 1102 non·
396 1049 517 1122 poterat
533 1041 640 1122 gravis
668 1039 749 1103 haec
759 1041 890 1124 J‘urandi
917 1045 1006 1121 ratic,
1036 1061 1121 1124 quae
1137 1062 1201 1106 uon
1217 1044 1278 1106 nisi
1294 1043 1464 1106 cautissime
1543 1033 1544 1082 l

164 1148 279 1232 fiebat,
296 1160 534 1231 proptereaque,
551 1167 626 1211 cum
643 1150 789 1231 purgatio
804 1169 860 1232 per
875 1149 1117 1214 Eucharistiaur
1140 1169 1204 1212 uon
1224 1150 1416 1230 ubicumque
1431 1167 1465 1209 re

172 1259 337 1340 ciperetur,
354 1277 413 1320 nec
427 1259 688 1339 quibuscumque
711 1257 858 1340 placeret,
877 1260 1025 1340 purgatio
1041 1279 1095 1340 per
1120 1237 1339 1350 corrjuratores
1355 1257 1466 1320 facilius
1543 1285 1544 1324 t

172 1369 206 1436 in
222 1368 437 1431 ecclesiastico
462 1366 529 1430 fore
545 1367 675 1450 probata
692 1377 748 1446 est,
775 1378 806 1429 et
821 1369 1068 1449 quotiscunrque
1094 1368 1202 1448 gravis
1218 1366 1360 1446 suspicio
1376 1365 1466 1426 crizui·

77 1534 80 1548 .
173 1475 224 1542 nis
240 1477 272 1539 in
288 1475 396 1556 aliquo
411 1474 613 1552 suboriretur,
636 1485 806 1554 suspectus
822 1474 952 1555 purgari
967 1475 1071 1556 coepit
1081 1471 1308 1556 jurejurando,
1323 1491 1387 1534 uua
1402 1489 1466 1532 cum
1543 1493 1544 1560 i

173 1586 437 1668 ipsojurautibus
463 1585 608 1666 pluribus
623 1585 766 1668 ejusdem
793 1584 923 1664 ordinis,
951 1587 1152 1666 autgraduS,
1179 1605 1317 1666 quorum
1341 1597 1466 1647 testimo·
1543 1599 1544 1674 p

173 1697 263 1764 nium
280 1696 501 1778 recipiebatur,
528 1705 559 1758 et
576 1694 752 1778 plurimum
779 1693 917 1772 valebat,
935 1695 1003 1756 siv-e
1028 1694 1113 1776 quod
1130 1709 1238 1756 essent
1254 1696 1312 1756 uiri
1335 1692 1427 1769 saura,
1439 1701 1466 1753 el
1543 1677 1544 1728 l

172 1811 318 1876 instituto
334 1811 420 1872 vitae
435 1807 638 1890 integerrimi,
666 1807 725 1868 sibi
741 1824 836 1868 exeo
851 1805 937 1886 quod
954 1805 994 1866 de
1010 1807 1152 1868 accusati
1175 1807 1317 1868 moribus
1333 1805 1465 1867 notitiam

172 1915 336 1980 heberent.
381 1916 479 1998 Origo
494 1915 593 1996 hujus
620 1913 819 1994 purgationis
836 1914 1007 1995 repetenda
1034 1913 1196 1978 viderere
1213 1913 1277 1976 liue
1293 1913 1409 1977 saeculi
1424 1933 1466 1974 oc·

171 2022 248 2098 tavi,
266 2020 371 2100 idest,
398 2029 418 2085 a
435 2021 630 2104 temporibus
646 2021 765 2084 Leonis
782 2021 838 2083 lll.
856 2010 973 2104 Papae,
997 2031 1027 2084 et
1043 2021 1150 2085 Caroli
1166 2023 1278 2106 Magni
1303 2025 1467 2106 imperato·

151 2129 222 2194 ‘ris
248 2131 332 2193 Cum
349 2130 415 2193 Leo
431 2131 488 2194 111.
516 2131 572 2193 diu
589 2141 729 2193 vexatus
744 2129 858 2193 fuisset
883 2130 1076 2194 allemanie
1092 2131 1233 2206 Clericis,
1261 2136 1281 2193 d
1304 2129 1470 2211 quibusda

172 2237 333 2298 atrocibus
349 2237 749 2318 quibusdamcrimiuibus
778 2239 1240 2320 insimulabatur,retruncavit
1256 2239 1378 2302 noerae
1393 2237 1466 2300 Gon-

173 2345 284 2408 cilium
301 2347 444 2428 plurium
470 2345 713 2428 Episcopormn,
739 2367 847 2410 eoram
863 2347 980 2428 quibus
1004 2366 1037 2408 se
1049 2345 1269 2429 jurejurando*
1282 2356 1412 2406 testatus
1424 2349 1468 2404 est

173 2470 244 2516 esse
259 2452 454 2536 objectorum
469 2453 626 2518 scelerum
643 2475 770 2538 purum,
814 2455 970 2519 Permula
988 2456 1185 2536 purgationis
1204 2455 1343 2518 habetur
1357 2456 1387 2518 in
1401 2471 1466 2515 can.

175 2561 223 2626 18.
239 2581 329 2624 caus.
344 2563 374 2625 2.
389 2575 513 2645 quaest.
530 2565 569 2641 5.,
598 2563 652 2628 ubi
669 2575 775 2626 tamen
793 2563 949 2647 adjicitur,
965 2564 997 2626 id
1013 2581 1079 2626 non
1093 2581 1135 2624 ex
1158 2562 1349 2624 necessitate
1364 2567 1383 2623 a
1396 2559 1467 2621 Leo-

173 2685 215 2730 ne
230 2667 353 2733 fectum
368 2669 477 2749 fuisse,
494 2669 550 2732 sed
566 2671 684 2753 potius,
699 2683 733 2734 ut
748 2671 865 2734 certius
882 2691 915 2732 se
931 2678 950 2734 a
966 2671 1152 2751 suspicione
1167 2667 1310 2749 qualibet
1323 2669 1467 2732 liberaret.

174 2773 373 2860 Exemplum
390 2777 508 2840 Leonis
534 2797 681 2842 normam
698 2776 898 2840 inferioribus
925 2777 1104 2858 Episcopis‚
1128 2789 1159 2840 et
1175 2776 1308 2840 Clerieis
1324 2772 1466 2858 praebuit:

175 2905 253 2948 uam
268 2887 300 2948 iu
318 2887 494 2970 Capitulari
510 2889 587 2950 anui
604 2873 673 2950 7'99.
698 2892 715 2950 ri
734 2886 850 2948 cereto
867 2885 988 2968 blaguo
1003 2885 1096 2965 edito,
1113 2889 1206 2972 cujus
1226 2887 1326 2950 verba
1342 2883 1468 2950 referun-

175 3007 227 3060 tur
242 2997 274 3060 iu
290 3015 359 3077 cap.
375 2995 425 3058 35.
443 2995 509 3060 libr.
526 2997 554 3058 5.
589 2995 835 3076 Capitulariurn,
854 3005 1024 3058 tractatum
1039 2993 1182 3076 adparet,
1208 2991 1289 3074 quid
1315 2990 1465 3074 agendum

175 3115 259 3166 esset
273 3103 312 3166 de
327 3104 563 3182 Sacerdotibus,
590 3105 644 3184 qui
662 3105 800 3184 graviter
816 3103 956 3183 suspecti
971 3101 1012 3164 de
1027 3101 1160 3164 crimine
1174 3099 1286 3178 serent,
1309 3111 1340 3162 et
1353 3099 1466 3170 dicitur,

175 3215 233 3278 lroc
246 3209 440 3298 saepissime
456 3221 476 3276 a
492 3213 591 3289 trebie,
619 3219 649 3274 et
661 3212 940 3294 progenitoribus,
963 3219 1061 3294 elprae
1077 3207 1336 3272 aritecessoribuc
1356 3203 1467 3267 nostris

16 3293 17 3328 ³
120 3333 124 3339 ’
171 3325 374 3388 ventilatum
388 3331 444 3401 ert,
460 3322 519 3385 sed
533 3342 598 3385 nota
612 3320 657 3383 od
673 3319 840 3404 liquidum
855 3321 1013 3385 lrocteuus
1028 3319 1208 3404 dtejirta'lum.
1247 3317 1333 3380 Eam
1349 3315 1468 3378 obean-

139 3431 142 3437 “
176 3447 247 3492 sarn
263 3430 352 3492 missi
368 3427 497 3494 suerunt
522 3427 634 3508 Legati
651 3429 693 3490 ad
709 3428 853 3492 Leonem
880 3428 1081 3506 Pontificem,
1107 3433 1207 3508 aqam
1230 3424 1262 3493 id
1285 3423 1467 3488 definiretur.

178 3537 373 3602 Definitione
399 3537 757 3604 aLconcfecta·anrro
783 3537 863 3616 803,
891 3537 1072 3618 capitulum
1097 3535 1222 3598 editum
1244 3547 1294 3596 est
1312 3536 1347 3598 in
1362 3529 1469 3604 Gallia,

175 3649 263 3732 qtrcd
280 3649 416 3731 legimus
441 3649 474 3714 in
489 3668 615 3711 cantura
632 3647 681 3712 lll.
697 3666 787 3710 caus.
812 3647 847 3710 2.
859 3657 984 3728 quaest.
1000 3645 1040 3723 5.,
1066 3641 1123 3726 qtri
1139 3659 1306 3724 perperam
1332 3637 1469 3702 tribuitur

176 3757 278 3824 teoni
295 3759 404 3843 Papae
418 3757 459 3822 ad
477 3758 630 3824 Caroluru
652 3735 811 3834 scribenti,
826 3767 858 3816 et
874 3755 978 3836 petius
994 3750 1184 3816 tribuendus
1206 3749 1322 3812 Oarclo
1336 3747 1368 3812 in
1382 3743 1470 3810 eomi-

175 3872 229 3936 tiis
245 3870 479 3954 Episcoporum
494 3867 660 3932 definienti
687 3865 822 3930 modum
839 3863 1038 3947 purgationis
1063 3880 1104 3924 ex
1120 3859 1273 3942 rescripto
1288 3855 1402 3922 Leonis
1416 3851 1470 3914 Pa·

177 3995 247 4064 pae.
271 3977 417 4056 videsis,
433 3995 518 4058 quae
533 3995 592 4058 ego
602 3975 671 4060 jem
698 3972 867 4038 observari
883 3971 926 4034 ad
952 3971 1011 4036 hos
1026 3987 1171 4034 canones
1190 3969 1225 4032 in
1240 3968 1322 4032 meis
1335 3957 1470 4026 animad-

178 4089 379 4156 versionibus
394 4089 428 4153 in
444 4089 646 4164 Gratianum.
690 4085 777 4152 Hinc
791 4103 872 4148 sane
887 4081 1036 4164 falsitatis
1057 4080 1261 4163 redarguitur
1275 4075 1404 4162 epistola
1417 4071 1469 4136 lsi·

175 4201 244 4270 dori
262 4201 456 4280 Mercatoris,
471 4197 559 4266 unde
574 4197 783 4280 depromptas
797 4204 846 4258 est
856 4211 966 4282 'canon
984 4194 1031 4256 10.
1046 4209 1137 4257 caus.
1153 4189 1183 4254 2.
1199 4199 1323 4272 quaest
1338 4189 1365 4250 ὅ.
1381 4169 1469 4246 triliu·

177 4319 230 4372 tus
245 4309 338 4374 Sixto
353 4307 420 4384 111,
437 4306 494 4390 qui
511 4304 629 4368 ibidem
645 4303 831 4388 proponitur
846 4319 880 4364 se
895 4300 1086 4386 purgavisso
1096 4315 1205 4364 coram
1221 4299 1355 4363 testibus
1367 4295 1399 4357 in
1413 4288 1472 4353 tta·

88 4447 90 4453 .
171 4429 276 4478 ‹mano
291 4413 436 4478 Concilio
463 4411 504 4476 de
517 4391 706 4481 criminibus
731 4412 873 4478 aBassc
895 4425 1081 4476 accusatore
1102 4408 1244 4492 objectis.
1287 4407 1359 4473 Non
1372 4399 1471 4466 solum
