<?xml version="1.0" encoding="UTF-8"?>
<!DOCTYPE html PUBLIC "-//W3C//DTD XHTML 1.0 Transitional//EN"
    "http://www.w3.org/TR/xhtml1/DTD/xhtml1-transitional.dtd">
<html xmlns="http://www.w3.org/1999/xhtml" xml:lang="en" lang="en">
 <head>
  <title>
</title>
<meta http-equiv="Content-Type" content="text/html;charset=utf-8" />
  <meta name='ocr-system' content='tesseract 3.04.00' />
  <meta name='ocr-capabilities' content='ocr_page ocr_carea ocr_par ocr_line ocrx_word'/>
</head>
<body>
  <div class='ocr_page' id='page_1' title='image "./carolisebastian00beragoog_0522.png"; bbox 0 0 3134 4984; ppageno 0'>
   <div class='ocr_carea' id='block_1_1' title="bbox 229 469 1345 560">
    <p class='ocr_par' dir='ltr' id='par_1_1' title="bbox 229 469 1345 560">
     <span class='ocr_line' id='line_1_1' title="bbox 229 469 1345 560; baseline -0.014 -8"><span class='ocrx_word' id='word_1_1' title='bbox 229 505 274 552; x_wconf 84' lang='lat' dir='ltr'><strong>ua</strong></span> <span class='ocrx_word' id='word_1_2' title='bbox 291 503 446 550; x_wconf 72' lang='lat' dir='ltr'><strong>aroanna</strong></span> <span class='ocrx_word' id='word_1_3' title='bbox 461 497 730 560; x_wconf 79' lang='lat' dir='ltr'><strong>sunrsruarnor,</strong></span> <span class='ocrx_word' id='word_1_4' title='bbox 756 497 825 542; x_wconf 77' lang='lat' dir='ltr'><strong>ann</strong></span> <span class='ocrx_word' id='word_1_5' title='bbox 842 494 925 541; x_wconf 82' lang='lat' dir='ltr'><strong>vorr</strong></span> <span class='ocrx_word' id='word_1_6' title='bbox 943 487 1155 542; x_wconf 75' lang='lat' dir='ltr'><strong>cantarana.</strong></span> <span class='ocrx_word' id='word_1_7' title='bbox 1283 469 1345 536; x_wconf 79' lang='lat' dir='ltr'><strong>rto</strong></span> 
     </span>
    </p>
   </div>
   <div class='ocr_carea' id='block_1_2' title="bbox 60 613 1393 4634">
    <p class='ocr_par' dir='ltr' id='par_1_2' title="bbox 60 613 1393 4634">
     <span class='ocr_line' id='line_1_2' title="bbox 75 613 1345 710; baseline -0.012 -17"><span class='ocrx_word' id='word_1_8' title='bbox 75 613 1345 710; x_wconf 82' lang='lat' dir='ltr'><strong>atmqueidouasterioinrisset,satisostendebatsignapoenitentiae,satisetiam</strong></span> 
     </span>
     <span class='ocr_line' id='line_1_3' title="bbox 74 719 1346 821; baseline -0.016 -21"><span class='ocrx_word' id='word_1_9' title='bbox 74 735 339 821; x_wconf 78' lang='lat' dir='ltr'><strong>scapraecedentis</strong></span> <span class='ocrx_word' id='word_1_10' title='bbox 351 729 545 816; x_wconf 82' lang='lat' dir='ltr'><strong>depravatae</strong></span> <span class='ocrx_word' id='word_1_11' title='bbox 555 731 640 794; x_wconf 88' lang='lat' dir='ltr'><strong>vitae</strong></span> <span class='ocrx_word' id='word_1_12' title='bbox 649 725 1098 794; x_wconf 85' lang='lat' dir='ltr'><strong>consuetudiuedistrahebat.</strong></span> <span class='ocrx_word' id='word_1_13' title='bbox 1121 723 1160 786; x_wconf 92' lang='lat' dir='ltr'><strong>ln</strong></span> <span class='ocrx_word' id='word_1_14' title='bbox 1175 719 1346 804; x_wconf 88' lang='lat' dir='ltr'><strong>posteriore</strong></span> 
     </span>
     <span class='ocr_line' id='line_1_4' title="bbox 74 830 1347 921; baseline -0.015 -15"><span class='ocrx_word' id='word_1_15' title='bbox 74 862 145 921; x_wconf 87' lang='lat' dir='ltr'><strong>casu,</strong></span> <span class='ocrx_word' id='word_1_16' title='bbox 159 861 228 905; x_wconf 89' lang='lat' dir='ltr'><strong>curu</strong></span> <span class='ocrx_word' id='word_1_17' title='bbox 244 861 308 906; x_wconf 90' lang='lat' dir='ltr'><strong>non</strong></span> <span class='ocrx_word' id='word_1_18' title='bbox 323 841 470 906; x_wconf 88' lang='lat' dir='ltr'><strong>absolute</strong></span> <span class='ocrx_word' id='word_1_19' title='bbox 482 839 602 902; x_wconf 88' lang='lat' dir='ltr'><strong>indicta</strong></span> <span class='ocrx_word' id='word_1_20' title='bbox 618 835 815 921; x_wconf 87' lang='lat' dir='ltr'><strong>poenitentia</strong></span> <span class='ocrx_word' id='word_1_21' title='bbox 830 843 923 913; x_wconf 88' lang='lat' dir='ltr'><strong>esset,</strong></span> <span class='ocrx_word' id='word_1_22' title='bbox 938 851 1043 914; x_wconf 90' lang='lat' dir='ltr'><strong>neque</strong></span> <span class='ocrx_word' id='word_1_23' title='bbox 1058 830 1204 895; x_wconf 88' lang='lat' dir='ltr'><strong>absolute</strong></span> <span class='ocrx_word' id='word_1_24' title='bbox 1217 845 1347 910; x_wconf 81' lang='lat' dir='ltr'><strong>suscep</strong></span> 
     </span>
     <span class='ocr_line' id='line_1_5' title="bbox 73 933 1393 1025; baseline -0.01 -15"><span class='ocrx_word' id='word_1_25' title='bbox 73 945 251 1024; x_wconf 65' lang='lat' dir='ltr'><strong>adauctum</strong></span> <span class='ocrx_word' id='word_1_26' title='bbox 277 957 345 1010; x_wconf 90' lang='lat' dir='ltr'><strong>erat</strong></span> <span class='ocrx_word' id='word_1_27' title='bbox 370 945 553 1025; x_wconf 89' lang='lat' dir='ltr'><strong>consilinm,</strong></span> <span class='ocrx_word' id='word_1_28' title='bbox 578 955 615 1008; x_wconf 89' lang='lat' dir='ltr'><strong>ut</strong></span> <span class='ocrx_word' id='word_1_29' title='bbox 640 943 745 1008; x_wconf 84' lang='lat' dir='ltr'>recedi</span> <span class='ocrx_word' id='word_1_30' title='bbox 771 950 792 1008; x_wconf 79' lang='lat' dir='ltr'><strong>a</strong></span> <span class='ocrx_word' id='word_1_31' title='bbox 815 941 1012 1005; x_wconf 86' lang='lat' dir='ltr'><strong>Monasterio</strong></span> <span class='ocrx_word' id='word_1_32' title='bbox 1028 948 1142 1020; x_wconf 86' lang='lat' dir='ltr'><strong>posset,</strong></span> <span class='ocrx_word' id='word_1_33' title='bbox 1169 933 1360 1000; x_wconf 88' lang='lat' dir='ltr'><strong>dummodo</strong></span> <span class='ocrx_word' id='word_1_34' title='bbox 1388 945 1393 956; x_wconf 92' lang='grc'><strong>’</strong></span> 
     </span>
     <span class='ocr_line' id='line_1_6' title="bbox 73 1049 1350 1138; baseline -0.008 -18"><span class='ocrx_word' id='word_1_35' title='bbox 73 1059 216 1138; x_wconf 86' lang='lat' dir='ltr'><strong>poenitens</strong></span> <span class='ocrx_word' id='word_1_36' title='bbox 230 1081 296 1124; x_wconf 82' lang='lat' dir='ltr'><strong>nou</strong></span> <span class='ocrx_word' id='word_1_37' title='bbox 309 1059 533 1134; x_wconf 67' lang='lat' dir='ltr'><strong>saecutarateu</strong></span> <span class='ocrx_word' id='word_1_38' title='bbox 549 1065 622 1120; x_wconf 90' lang='lat' dir='ltr'><strong>utut</strong></span> <span class='ocrx_word' id='word_1_39' title='bbox 636 1055 669 1118; x_wconf 90' lang='lat' dir='ltr'><strong>in</strong></span> <span class='ocrx_word' id='word_1_40' title='bbox 687 1053 817 1118; x_wconf 87' lang='lat' dir='ltr'><strong>saeculo</strong></span> <span class='ocrx_word' id='word_1_41' title='bbox 832 1053 964 1116; x_wconf 84' lang='lat' dir='ltr'><strong>viveret.</strong></span> <span class='ocrx_word' id='word_1_42' title='bbox 1007 1049 1160 1114; x_wconf 91' lang='lat' dir='ltr'><strong>Notanda</strong></span> <span class='ocrx_word' id='word_1_43' title='bbox 1178 1069 1257 1112; x_wconf 89' lang='lat' dir='ltr'><strong>sane</strong></span> <span class='ocrx_word' id='word_1_44' title='bbox 1272 1057 1350 1111; x_wconf 91' lang='lat' dir='ltr'><strong>sunt</strong></span> 
     </span>
     <span class='ocr_line' id='line_1_7' title="bbox 72 1159 1350 1247; baseline -0.004 -23"><span class='ocrx_word' id='word_1_45' title='bbox 72 1161 118 1225; x_wconf 89' lang='lat' dir='ltr'><strong>ilia</strong></span> <span class='ocrx_word' id='word_1_46' title='bbox 129 1163 218 1228; x_wconf 86' lang='lat' dir='ltr'><strong>verba</strong></span> <span class='ocrx_word' id='word_1_47' title='bbox 233 1165 390 1247; x_wconf 58' lang='lat' dir='ltr'><strong>rescriptis</strong></span> <span class='ocrx_word' id='word_1_48' title='bbox 406 1165 553 1230; x_wconf 81' lang='lat' dir='ltr'><strong>moribus</strong></span> <span class='ocrx_word' id='word_1_49' title='bbox 567 1163 767 1239; x_wconf 81' lang='lat' dir='ltr'><strong>emendatus,</strong></span> <span class='ocrx_word' id='word_1_50' title='bbox 783 1171 814 1224; x_wconf 91' lang='lat' dir='ltr'><strong>et</strong></span> <span class='ocrx_word' id='word_1_51' title='bbox 829 1159 895 1222; x_wconf 89' lang='lat' dir='ltr'><strong>illa:</strong></span> <span class='ocrx_word' id='word_1_52' title='bbox 911 1179 977 1222; x_wconf 82' lang='lat' dir='ltr'><strong>nora</strong></span> <span class='ocrx_word' id='word_1_53' title='bbox 992 1167 1103 1222; x_wconf 81' lang='lat' dir='ltr'><strong>tornea</strong></span> <span class='ocrx_word' id='word_1_54' title='bbox 1126 1165 1162 1219; x_wconf 88' lang='lat' dir='ltr'><strong>at</strong></span> <span class='ocrx_word' id='word_1_55' title='bbox 1176 1159 1267 1220; x_wconf 81' lang='lat' dir='ltr'><strong>vivat</strong></span> <span class='ocrx_word' id='word_1_56' title='bbox 1281 1177 1350 1220; x_wconf 81' lang='lat' dir='ltr'><strong>eae·</strong></span> 
     </span>
     <span class='ocr_line' id='line_1_8' title="bbox 72 1269 1351 1358; baseline -0.008 -18"><span class='ocrx_word' id='word_1_57' title='bbox 72 1275 220 1358; x_wconf 76' lang='lat' dir='ltr'><strong>cratoriter,·</strong></span> <span class='ocrx_word' id='word_1_58' title='bbox 243 1275 327 1342; x_wconf 89' lang='lat' dir='ltr'><strong>haec</strong></span> <span class='ocrx_word' id='word_1_59' title='bbox 342 1277 429 1340; x_wconf 87' lang='lat' dir='ltr'><strong>eninr</strong></span> <span class='ocrx_word' id='word_1_60' title='bbox 454 1277 535 1338; x_wconf 88' lang='lat' dir='ltr'><strong>bene</strong></span> <span class='ocrx_word' id='word_1_61' title='bbox 551 1293 708 1357; x_wconf 88' lang='lat' dir='ltr'><strong>perpensa</strong></span> <span class='ocrx_word' id='word_1_62' title='bbox 729 1271 823 1336; x_wconf 81' lang='lat' dir='ltr'><strong>facile</strong></span> <span class='ocrx_word' id='word_1_63' title='bbox 839 1271 1014 1349; x_wconf 87' lang='lat' dir='ltr'><strong>insinuaut,</strong></span> <span class='ocrx_word' id='word_1_64' title='bbox 1038 1269 1124 1332; x_wconf 87' lang='lat' dir='ltr'><strong>hanc</strong></span> <span class='ocrx_word' id='word_1_65' title='bbox 1139 1287 1210 1330; x_wconf 87' lang='lat' dir='ltr'><strong>esse</strong></span> <span class='ocrx_word' id='word_1_66' title='bbox 1227 1287 1351 1350; x_wconf 88' lang='lat' dir='ltr'><strong>germa-</strong></span> 
     </span>
     <span class='ocr_line' id='line_1_9' title="bbox 72 1377 1351 1466; baseline -0.005 -20"><span class='ocrx_word' id='word_1_67' title='bbox 72 1403 134 1447; x_wconf 85' lang='lat' dir='ltr'><strong>nam</strong></span> <span class='ocrx_word' id='word_1_68' title='bbox 147 1385 366 1449; x_wconf 85' lang='lat' dir='ltr'><strong>Innocentiani</strong></span> <span class='ocrx_word' id='word_1_69' title='bbox 393 1383 535 1466; x_wconf 80' lang='lat' dir='ltr'><strong>rescripti</strong></span> <span class='ocrx_word' id='word_1_70' title='bbox 561 1383 863 1466; x_wconf 76' lang='lat' dir='ltr'><strong>interpretationem.</strong></span> <span class='ocrx_word' id='word_1_71' title='bbox 908 1379 1034 1442; x_wconf 82' lang='lat' dir='ltr'>Revera</span> <span class='ocrx_word' id='word_1_72' title='bbox 1050 1379 1083 1440; x_wconf 92' lang='lat' dir='ltr'><strong>id</strong></span> <span class='ocrx_word' id='word_1_73' title='bbox 1105 1377 1274 1442; x_wconf 79' lang='lat' dir='ltr'><strong>salubriter</strong></span> <span class='ocrx_word' id='word_1_74' title='bbox 1289 1389 1351 1440; x_wconf 89' lang='lat' dir='ltr'><strong>sta-</strong></span> 
     </span>
     <span class='ocr_line' id='line_1_10' title="bbox 72 1487 1350 1580; baseline -0.005 -26"><span class='ocrx_word' id='word_1_75' title='bbox 72 1493 200 1558; x_wconf 73' lang='lat' dir='ltr'><strong>tuebatur</strong></span> <span class='ocrx_word' id='word_1_76' title='bbox 214 1507 360 1580; x_wconf 83' lang='lat' dir='ltr'><strong>respectu</strong></span> <span class='ocrx_word' id='word_1_77' title='bbox 375 1495 453 1579; x_wconf 89' lang='lat' dir='ltr'><strong>ejus,</strong></span> <span class='ocrx_word' id='word_1_78' title='bbox 469 1493 525 1575; x_wconf 88' lang='lat' dir='ltr'><strong>qni</strong></span> <span class='ocrx_word' id='word_1_79' title='bbox 543 1491 739 1574; x_wconf 88' lang='lat' dir='ltr'><strong>poenitentia</strong></span> <span class='ocrx_word' id='word_1_80' title='bbox 754 1490 943 1572; x_wconf 79' lang='lat' dir='ltr'><strong>expiaturus</strong></span> <span class='ocrx_word' id='word_1_81' title='bbox 965 1498 1033 1550; x_wconf 89' lang='lat' dir='ltr'><strong>erat</strong></span> <span class='ocrx_word' id='word_1_82' title='bbox 1047 1487 1191 1550; x_wconf 83' lang='lat' dir='ltr'><strong>admissa</strong></span> <span class='ocrx_word' id='word_1_83' title='bbox 1206 1488 1350 1568; x_wconf 86' lang='lat' dir='ltr'><strong>crimme,</strong></span> 
     </span>
     <span class='ocr_line' id='line_1_11' title="bbox 71 1582 1349 1685; baseline -0.006 -17"><span class='ocrx_word' id='word_1_84' title='bbox 71 1623 138 1685; x_wconf 88' lang='lat' dir='ltr'><strong>qnae</strong></span> <span class='ocrx_word' id='word_1_85' title='bbox 152 1606 268 1680; x_wconf 90' lang='lat' dir='ltr'><strong>scilicet</strong></span> <span class='ocrx_word' id='word_1_86' title='bbox 284 1610 310 1672; x_wconf 90' lang='lat' dir='ltr'><strong>si</strong></span> <span class='ocrx_word' id='word_1_87' title='bbox 328 1627 392 1670; x_wconf 92' lang='lat' dir='ltr'><strong>non</strong></span> <span class='ocrx_word' id='word_1_88' title='bbox 410 1607 442 1670; x_wconf 92' lang='lat' dir='ltr'><strong>in</strong></span> <span class='ocrx_word' id='word_1_89' title='bbox 459 1582 663 1684; x_wconf 86' lang='lat' dir='ltr'><strong>Monasterio,</strong></span> <span class='ocrx_word' id='word_1_90' title='bbox 690 1601 805 1666; x_wconf 90' lang='lat' dir='ltr'><strong>saltem</strong></span> <span class='ocrx_word' id='word_1_91' title='bbox 821 1611 912 1664; x_wconf 79' lang='lat' dir='ltr'><strong>extra</strong></span> <span class='ocrx_word' id='word_1_92' title='bbox 936 1599 1179 1676; x_wconf 87' lang='lat' dir='ltr'><strong>Monasterium,</strong></span> <span class='ocrx_word' id='word_1_93' title='bbox 1195 1599 1228 1660; x_wconf 90' lang='lat' dir='ltr'><strong>id</strong></span> <span class='ocrx_word' id='word_1_94' title='bbox 1243 1610 1301 1677; x_wconf 88' lang='lat' dir='ltr'><strong>est,</strong></span> <span class='ocrx_word' id='word_1_95' title='bbox 1319 1599 1349 1662; x_wconf 87' lang='lat' dir='ltr'><strong>in</strong></span> 
     </span>
     <span class='ocr_line' id='line_1_12' title="bbox 71 1707 1352 1794; baseline -0.002 -22"><span class='ocrx_word' id='word_1_96' title='bbox 71 1713 188 1794; x_wconf 88' lang='lat' dir='ltr'><strong>saeculo,</strong></span> <span class='ocrx_word' id='word_1_97' title='bbox 205 1735 269 1778; x_wconf 92' lang='lat' dir='ltr'><strong>non</strong></span> <span class='ocrx_word' id='word_1_98' title='bbox 288 1713 428 1778; x_wconf 89' lang='lat' dir='ltr'><strong>vivendo</strong></span> <span class='ocrx_word' id='word_1_99' title='bbox 451 1713 666 1777; x_wconf 78' lang='lat' dir='ltr'><strong>saeculariter</strong></span> <span class='ocrx_word' id='word_1_100' title='bbox 681 1711 833 1794; x_wconf 86' lang='lat' dir='ltr'><strong>expiaret.</strong></span> <span class='ocrx_word' id='word_1_101' title='bbox 877 1709 938 1772; x_wconf 90' lang='lat' dir='ltr'><strong>His</strong></span> <span class='ocrx_word' id='word_1_102' title='bbox 954 1707 1063 1771; x_wconf 86' lang='lat' dir='ltr'><strong>adhuc</strong></span> <span class='ocrx_word' id='word_1_103' title='bbox 1078 1707 1202 1788; x_wconf 72' lang='lat' dir='ltr'><strong>adjicio,</strong></span> <span class='ocrx_word' id='word_1_104' title='bbox 1226 1727 1289 1770; x_wconf 92' lang='lat' dir='ltr'><strong>nen</strong></span> <span class='ocrx_word' id='word_1_105' title='bbox 1307 1708 1352 1770; x_wconf 92' lang='lat' dir='ltr'><strong>in-</strong></span> 
     </span>
     <span class='ocr_line' id='line_1_13' title="bbox 71 1815 1353 1902; baseline 0.004 -27"><span class='ocrx_word' id='word_1_106' title='bbox 71 1827 242 1900; x_wconf 89' lang='lat' dir='ltr'><strong>terrogatum</strong></span> <span class='ocrx_word' id='word_1_107' title='bbox 259 1821 361 1884; x_wconf 86' lang='lat' dir='ltr'><strong>fuisse</strong></span> <span class='ocrx_word' id='word_1_108' title='bbox 387 1821 622 1898; x_wconf 74' lang='lat' dir='ltr'><strong>intumentium,</strong></span> <span class='ocrx_word' id='word_1_109' title='bbox 639 1839 682 1883; x_wconf 89' lang='lat' dir='ltr'><strong>an</strong></span> <span class='ocrx_word' id='word_1_110' title='bbox 699 1820 733 1898; x_wconf 89' lang='lat' dir='ltr'><strong>is,</strong></span> <span class='ocrx_word' id='word_1_111' title='bbox 749 1819 805 1900; x_wconf 88' lang='lat' dir='ltr'><strong>qui</strong></span> <span class='ocrx_word' id='word_1_112' title='bbox 820 1829 1028 1902; x_wconf 71' lang='lat' dir='ltr'><strong>proposuerat</strong></span> <span class='ocrx_word' id='word_1_113' title='bbox 1053 1817 1154 1880; x_wconf 89' lang='lat' dir='ltr'><strong>vitam</strong></span> <span class='ocrx_word' id='word_1_114' title='bbox 1170 1815 1353 1897; x_wconf 86' lang='lat' dir='ltr'><strong>religiosam</strong></span> 
     </span>
     <span class='ocr_line' id='line_1_14' title="bbox 70 1926 1354 2014; baseline 0.004 -27"><span class='ocrx_word' id='word_1_115' title='bbox 70 1926 142 2008; x_wconf 87' lang='lat' dir='ltr'><strong>inire,</strong></span> <span class='ocrx_word' id='word_1_116' title='bbox 157 1946 187 1994; x_wconf 89' lang='lat' dir='ltr'><strong>et</strong></span> <span class='ocrx_word' id='word_1_117' title='bbox 201 1951 265 1996; x_wconf 91' lang='lat' dir='ltr'><strong>non</strong></span> <span class='ocrx_word' id='word_1_118' title='bbox 282 1933 415 1996; x_wconf 89' lang='lat' dir='ltr'><strong>omnino</strong></span> <span class='ocrx_word' id='word_1_119' title='bbox 431 1943 624 2014; x_wconf 82' lang='lat' dir='ltr'><strong>susceperat,</strong></span> <span class='ocrx_word' id='word_1_120' title='bbox 641 1941 799 2012; x_wconf 89' lang='lat' dir='ltr'><strong>tanquam</strong></span> <span class='ocrx_word' id='word_1_121' title='bbox 815 1941 963 2014; x_wconf 89' lang='lat' dir='ltr'><strong>apostata</strong></span> <span class='ocrx_word' id='word_1_122' title='bbox 984 1928 1156 1992; x_wconf 89' lang='lat' dir='ltr'><strong>habendus</strong></span> <span class='ocrx_word' id='word_1_123' title='bbox 1172 1929 1220 2010; x_wconf 92' lang='lat' dir='ltr'><strong>sit,</strong></span> <span class='ocrx_word' id='word_1_124' title='bbox 1238 1928 1294 1991; x_wconf 90' lang='lat' dir='ltr'><strong>sed</strong></span> <span class='ocrx_word' id='word_1_125' title='bbox 1310 1949 1354 1992; x_wconf 91' lang='lat' dir='ltr'><strong>an</strong></span> 
     </span>
     <span class='ocr_line' id='line_1_15' title="bbox 69 2041 1356 2126; baseline 0.005 -29"><span class='ocrx_word' id='word_1_126' title='bbox 69 2049 159 2116; x_wconf 87' lang='lat' dir='ltr'><strong>posset</strong></span> <span class='ocrx_word' id='word_1_127' title='bbox 173 2041 294 2126; x_wconf 83' lang='lat' dir='ltr'><strong>absque</strong></span> <span class='ocrx_word' id='word_1_128' title='bbox 310 2044 498 2126; x_wconf 75' lang='lat' dir='ltr'><strong>apostasiae</strong></span> <span class='ocrx_word' id='word_1_129' title='bbox 512 2051 599 2119; x_wconf 86' lang='lat' dir='ltr'><strong>uota,</strong></span> <span class='ocrx_word' id='word_1_130' title='bbox 615 2041 666 2105; x_wconf 87' lang='lat' dir='ltr'><strong>aet</strong></span> <span class='ocrx_word' id='word_1_131' title='bbox 680 2063 776 2119; x_wconf 80' lang='lat' dir='ltr'><strong>rauna,</strong></span> <span class='ocrx_word' id='word_1_132' title='bbox 791 2043 986 2124; x_wconf 83' lang='lat' dir='ltr'><strong>praesertim</strong></span> <span class='ocrx_word' id='word_1_133' title='bbox 1004 2063 1079 2104; x_wconf 84' lang='lat' dir='ltr'><strong>eum</strong></span> <span class='ocrx_word' id='word_1_134' title='bbox 1093 2041 1202 2106; x_wconf 81' lang='lat' dir='ltr'><strong>debita</strong></span> <span class='ocrx_word' id='word_1_135' title='bbox 1225 2061 1356 2104; x_wconf 83' lang='lat' dir='ltr'><strong>morum</strong></span> 
     </span>
     <span class='ocr_line' id='line_1_16' title="bbox 69 2147 1356 2234; baseline 0.007 -31"><span class='ocrx_word' id='word_1_136' title='bbox 69 2147 242 2211; x_wconf 83' lang='lat' dir='ltr'><strong>correctione</strong></span> <span class='ocrx_word' id='word_1_137' title='bbox 270 2149 317 2212; x_wconf 83' lang='lat' dir='ltr'><strong>ad</strong></span> <span class='ocrx_word' id='word_1_138' title='bbox 330 2151 498 2212; x_wconf 83' lang='lat' dir='ltr'><strong>saccatum</strong></span> <span class='ocrx_word' id='word_1_139' title='bbox 513 2147 675 2214; x_wconf 80' lang='lat' dir='ltr'><strong>remeare?</strong></span> <span class='ocrx_word' id='word_1_140' title='bbox 719 2147 828 2212; x_wconf 89' lang='lat' dir='ltr'><strong>Dubia</strong></span> <span class='ocrx_word' id='word_1_141' title='bbox 843 2161 934 2212; x_wconf 88' lang='lat' dir='ltr'><strong>eraut</strong></span> <span class='ocrx_word' id='word_1_142' title='bbox 960 2148 1017 2211; x_wconf 93' lang='lat' dir='ltr'><strong>illa</strong></span> <span class='ocrx_word' id='word_1_143' title='bbox 1033 2147 1139 2228; x_wconf 86' lang='lat' dir='ltr'><strong>verba,</strong></span> <span class='ocrx_word' id='word_1_144' title='bbox 1167 2153 1356 2234; x_wconf 80' lang='lat' dir='ltr'><strong>apostasiae</strong></span> 
     </span>
     <span class='ocr_line' id='line_1_17' title="bbox 69 2255 1356 2342; baseline 0.01 -33"><span class='ocrx_word' id='word_1_145' title='bbox 69 2259 139 2330; x_wconf 74' lang='lat' dir='ltr'><strong>croto,</strong></span> <span class='ocrx_word' id='word_1_146' title='bbox 155 2255 204 2320; x_wconf 87' lang='lat' dir='ltr'><strong>oet</strong></span> <span class='ocrx_word' id='word_1_147' title='bbox 217 2269 316 2334; x_wconf 70' lang='lat' dir='ltr'><strong>uoco,</strong></span> <span class='ocrx_word' id='word_1_148' title='bbox 332 2276 373 2318; x_wconf 78' lang='lat' dir='ltr'><strong>ex</strong></span> <span class='ocrx_word' id='word_1_149' title='bbox 389 2258 506 2337; x_wconf 90' lang='lat' dir='ltr'><strong>quibus</strong></span> <span class='ocrx_word' id='word_1_150' title='bbox 516 2257 665 2340; x_wconf 81' lang='lat' dir='ltr'><strong>colligere</strong></span> <span class='ocrx_word' id='word_1_151' title='bbox 680 2267 802 2339; x_wconf 89' lang='lat' dir='ltr'><strong>peterat</strong></span> <span class='ocrx_word' id='word_1_152' title='bbox 817 2257 1036 2336; x_wconf 82' lang='lat' dir='ltr'><strong>Innocentius,</strong></span> <span class='ocrx_word' id='word_1_153' title='bbox 1052 2258 1300 2342; x_wconf 85' lang='lat' dir='ltr'><strong>interrogantem</strong></span> <span class='ocrx_word' id='word_1_154' title='bbox 1315 2259 1356 2322; x_wconf 87' lang='lat' dir='ltr'><strong>de</strong></span> 
     </span>
     <span class='ocr_line' id='line_1_18' title="bbox 68 2359 1356 2451; baseline 0.005 -32"><span class='ocrx_word' id='word_1_155' title='bbox 68 2359 209 2426; x_wconf 88' lang='lat' dir='ltr'><strong>industria</strong></span> <span class='ocrx_word' id='word_1_156' title='bbox 224 2375 397 2445; x_wconf 87' lang='lat' dir='ltr'><strong>utramque</strong></span> <span class='ocrx_word' id='word_1_157' title='bbox 423 2383 702 2451; x_wconf 79' lang='lat' dir='ltr'><strong>commemorasse,</strong></span> <span class='ocrx_word' id='word_1_158' title='bbox 719 2365 752 2428; x_wconf 92' lang='lat' dir='ltr'><strong>id</strong></span> <span class='ocrx_word' id='word_1_159' title='bbox 767 2375 823 2445; x_wconf 90' lang='lat' dir='ltr'><strong>est,</strong></span> <span class='ocrx_word' id='word_1_160' title='bbox 851 2377 882 2428; x_wconf 89' lang='lat' dir='ltr'><strong>et</strong></span> <span class='ocrx_word' id='word_1_161' title='bbox 897 2365 1102 2448; x_wconf 88' lang='lat' dir='ltr'><strong>apostasiam,</strong></span> <span class='ocrx_word' id='word_1_162' title='bbox 1128 2375 1160 2426; x_wconf 91' lang='lat' dir='ltr'><strong>et</strong></span> <span class='ocrx_word' id='word_1_163' title='bbox 1175 2365 1276 2428; x_wconf 87' lang='lat' dir='ltr'><strong>aliam</strong></span> <span class='ocrx_word' id='word_1_164' title='bbox 1289 2363 1356 2428; x_wconf 92' lang='lat' dir='ltr'><strong>cul·</strong></span> 
     </span>
     <span class='ocr_line' id='line_1_19' title="bbox 67 2473 1357 2565; baseline 0.002 -34"><span class='ocrx_word' id='word_1_165' title='bbox 67 2485 138 2550; x_wconf 85' lang='lat' dir='ltr'><strong>paru,</strong></span> <span class='ocrx_word' id='word_1_166' title='bbox 156 2491 195 2536; x_wconf 91' lang='lat' dir='ltr'><strong>ne</strong></span> <span class='ocrx_word' id='word_1_167' title='bbox 211 2474 376 2538; x_wconf 84' lang='lat' dir='ltr'><strong>videretur</strong></span> <span class='ocrx_word' id='word_1_168' title='bbox 391 2473 530 2565; x_wconf 86' lang='lat' dir='ltr'><strong>speciem</strong></span> <span class='ocrx_word' id='word_1_169' title='bbox 547 2485 690 2556; x_wconf 84' lang='lat' dir='ltr'><strong>apertam</strong></span> <span class='ocrx_word' id='word_1_170' title='bbox 707 2494 879 2558; x_wconf 90' lang='lat' dir='ltr'><strong>proponere</strong></span> <span class='ocrx_word' id='word_1_171' title='bbox 895 2473 935 2536; x_wconf 91' lang='lat' dir='ltr'><strong>de</strong></span> <span class='ocrx_word' id='word_1_172' title='bbox 951 2494 996 2552; x_wconf 90' lang='lat' dir='ltr'><strong>eo,</strong></span> <span class='ocrx_word' id='word_1_173' title='bbox 1013 2473 1070 2556; x_wconf 91' lang='lat' dir='ltr'><strong>qui</strong></span> <span class='ocrx_word' id='word_1_174' title='bbox 1085 2473 1198 2536; x_wconf 84' lang='lat' dir='ltr'><strong>divina</strong></span> <span class='ocrx_word' id='word_1_175' title='bbox 1216 2473 1357 2535; x_wconf 82' lang='lat' dir='ltr'><strong>vocatio·</strong></span> 
     </span>
     <span class='ocr_line' id='line_1_20' title="bbox 67 2581 1359 2666; baseline 0.006 -28"><span class='ocrx_word' id='word_1_176' title='bbox 67 2591 107 2653; x_wconf 84' lang='lat' dir='ltr'><strong>ne,</strong></span> <span class='ocrx_word' id='word_1_177' title='bbox 121 2591 150 2638; x_wconf 90' lang='lat' dir='ltr'><strong>et</strong></span> <span class='ocrx_word' id='word_1_178' title='bbox 164 2593 278 2662; x_wconf 90' lang='lat' dir='ltr'><strong>sponte</strong></span> <span class='ocrx_word' id='word_1_179' title='bbox 295 2591 474 2644; x_wconf 85' lang='lat' dir='ltr'><strong>accesserat</strong></span> <span class='ocrx_word' id='word_1_180' title='bbox 498 2581 540 2644; x_wconf 90' lang='lat' dir='ltr'><strong>ad</strong></span> <span class='ocrx_word' id='word_1_181' title='bbox 557 2581 799 2662; x_wconf 81' lang='lat' dir='ltr'><strong>Monestcrium,</strong></span> <span class='ocrx_word' id='word_1_182' title='bbox 826 2581 883 2645; x_wconf 91' lang='lat' dir='ltr'><strong>sed</strong></span> <span class='ocrx_word' id='word_1_183' title='bbox 899 2584 996 2648; x_wconf 88' lang='lat' dir='ltr'><strong>etiam</strong></span> <span class='ocrx_word' id='word_1_184' title='bbox 1011 2581 1051 2644; x_wconf 92' lang='lat' dir='ltr'><strong>de</strong></span> <span class='ocrx_word' id='word_1_185' title='bbox 1067 2601 1113 2662; x_wconf 92' lang='lat' dir='ltr'><strong>eo,</strong></span> <span class='ocrx_word' id='word_1_186' title='bbox 1136 2602 1234 2664; x_wconf 90' lang='lat' dir='ltr'><strong>quem</strong></span> <span class='ocrx_word' id='word_1_187' title='bbox 1250 2583 1359 2666; x_wconf 89' lang='lat' dir='ltr'><strong>poeni-</strong></span> 
     </span>
     <span class='ocr_line' id='line_1_21' title="bbox 65 2687 1355 2776; baseline 0.005 -30"><span class='ocrx_word' id='word_1_188' title='bbox 65 2687 169 2750; x_wconf 88' lang='lat' dir='ltr'><strong>tantiae</strong></span> <span class='ocrx_word' id='word_1_189' title='bbox 184 2691 333 2773; x_wconf 86' lang='lat' dir='ltr'><strong>agendae</strong></span> <span class='ocrx_word' id='word_1_190' title='bbox 348 2708 449 2754; x_wconf 88' lang='lat' dir='ltr'><strong>causa</strong></span> <span class='ocrx_word' id='word_1_191' title='bbox 472 2691 505 2755; x_wconf 90' lang='lat' dir='ltr'><strong>iu</strong></span> <span class='ocrx_word' id='word_1_192' title='bbox 523 2691 756 2756; x_wconf 80' lang='lat' dir='ltr'><strong>monasterium</strong></span> <span class='ocrx_word' id='word_1_193' title='bbox 779 2691 876 2775; x_wconf 86' lang='lat' dir='ltr'><strong>recipi</strong></span> <span class='ocrx_word' id='word_1_194' title='bbox 893 2691 1019 2776; x_wconf 84' lang='lat' dir='ltr'><strong>privata</strong></span> <span class='ocrx_word' id='word_1_195' title='bbox 1040 2691 1216 2774; x_wconf 87' lang='lat' dir='ltr'><strong>spiritualis</strong></span> <span class='ocrx_word' id='word_1_196' title='bbox 1234 2691 1355 2756; x_wconf 90' lang='lat' dir='ltr'><strong>utilitas</strong></span> 
     </span>
     <span class='ocr_line' id='line_1_22' title="bbox 65 2795 1359 2884; baseline 0.005 -29"><span class='ocrx_word' id='word_1_197' title='bbox 65 2795 244 2870; x_wconf 85' lang='lat' dir='ltr'><strong>postulabat.</strong></span> <span class='ocrx_word' id='word_1_198' title='bbox 291 2797 465 2880; x_wconf 85' lang='lat' dir='ltr'><strong>Augebant</strong></span> <span class='ocrx_word' id='word_1_199' title='bbox 490 2799 708 2882; x_wconf 89' lang='lat' dir='ltr'><strong>suspicionem</strong></span> <span class='ocrx_word' id='word_1_200' title='bbox 735 2797 924 2862; x_wconf 86' lang='lat' dir='ltr'><strong>Innocentio</strong></span> <span class='ocrx_word' id='word_1_201' title='bbox 950 2799 1048 2861; x_wconf 90' lang='lat' dir='ltr'><strong>verba</strong></span> <span class='ocrx_word' id='word_1_202' title='bbox 1074 2797 1131 2862; x_wconf 87' lang='lat' dir='ltr'><strong>illa</strong></span> <span class='ocrx_word' id='word_1_203' title='bbox 1153 2799 1359 2884; x_wconf 76' lang='lat' dir='ltr'><strong>praesertim</strong></span> 
     </span>
     <span class='ocr_line' id='line_1_23' title="bbox 65 2892 1359 2992; baseline 0.005 -27"><span class='ocrx_word' id='word_1_204' title='bbox 65 2922 129 2968; x_wconf 77' lang='lat' dir='ltr'><strong>carm</strong></span> <span class='ocrx_word' id='word_1_205' title='bbox 142 2909 252 2972; x_wconf 83' lang='lat' dir='ltr'><strong>debito</strong></span> <span class='ocrx_word' id='word_1_206' title='bbox 268 2892 477 2988; x_wconf 63' lang='lat' dir='ltr'><strong>correctione·</strong></span> <span class='ocrx_word' id='word_1_207' title='bbox 503 2927 567 2972; x_wconf 88' lang='lat' dir='ltr'><strong>nou</strong></span> <span class='ocrx_word' id='word_1_208' title='bbox 584 2909 670 2971; x_wconf 90' lang='lat' dir='ltr'><strong>euim</strong></span> <span class='ocrx_word' id='word_1_209' title='bbox 699 2907 803 2972; x_wconf 90' lang='lat' dir='ltr'><strong>debite</strong></span> <span class='ocrx_word' id='word_1_210' title='bbox 819 2907 933 2992; x_wconf 82' lang='lat' dir='ltr'><strong>corrigi</strong></span> <span class='ocrx_word' id='word_1_211' title='bbox 949 2903 1086 2988; x_wconf 83' lang='lat' dir='ltr'><strong>dicitnr,</strong></span> <span class='ocrx_word' id='word_1_212' title='bbox 1100 2907 1162 2971; x_wconf 87' lang='lat' dir='ltr'><strong>nisi</strong></span> <span class='ocrx_word' id='word_1_213' title='bbox 1178 2908 1214 2990; x_wconf 89' lang='lat' dir='ltr'><strong>is,</strong></span> <span class='ocrx_word' id='word_1_214' title='bbox 1231 2909 1286 2989; x_wconf 91' lang='lat' dir='ltr'><strong>qui</strong></span> <span class='ocrx_word' id='word_1_215' title='bbox 1303 2927 1359 2972; x_wconf 87' lang='lat' dir='ltr'><strong>nn-</strong></span> 
     </span>
     <span class='ocr_line' id='line_1_24' title="bbox 67 3000 1357 3102; baseline 0.006 -30"><span class='ocrx_word' id='word_1_216' title='bbox 67 3021 110 3076; x_wconf 88' lang='lat' dir='ltr'><strong>tea</strong></span> <span class='ocrx_word' id='word_1_217' title='bbox 132 3019 334 3098; x_wconf 84' lang='lat' dir='ltr'><strong>excessisset,</strong></span> <span class='ocrx_word' id='word_1_218' title='bbox 360 3029 398 3090; x_wconf 81' lang='lat' dir='ltr'><strong>et</strong></span> <span class='ocrx_word' id='word_1_219' title='bbox 417 3000 633 3102; x_wconf 82' lang='lat' dir='ltr'><strong>poeniteutiae</strong></span> <span class='ocrx_word' id='word_1_220' title='bbox 658 3015 737 3080; x_wconf 87' lang='lat' dir='ltr'><strong>soret</strong></span> <span class='ocrx_word' id='word_1_221' title='bbox 763 3015 992 3100; x_wconf 88' lang='lat' dir='ltr'><strong>subjiciendus.</strong></span> <span class='ocrx_word' id='word_1_222' title='bbox 1038 3017 1186 3099; x_wconf 88' lang='lat' dir='ltr'><strong>Denique</strong></span> <span class='ocrx_word' id='word_1_223' title='bbox 1214 3017 1357 3098; x_wconf 87' lang='lat' dir='ltr'><strong>observo,</strong></span> 
     </span>
     <span class='ocr_line' id='line_1_25' title="bbox 65 3109 1360 3212; baseline 0.003 -26"><span class='ocrx_word' id='word_1_224' title='bbox 65 3141 138 3204; x_wconf 84' lang='lat' dir='ltr'><strong>enm,</strong></span> <span class='ocrx_word' id='word_1_225' title='bbox 154 3128 194 3190; x_wconf 91' lang='lat' dir='ltr'><strong>do</strong></span> <span class='ocrx_word' id='word_1_226' title='bbox 209 3148 277 3212; x_wconf 92' lang='lat' dir='ltr'><strong>quo</strong></span> <span class='ocrx_word' id='word_1_227' title='bbox 293 3129 514 3211; x_wconf 86' lang='lat' dir='ltr'><strong>qtraerebutur,</strong></span> <span class='ocrx_word' id='word_1_228' title='bbox 543 3125 642 3190; x_wconf 88' lang='lat' dir='ltr'><strong>luisse</strong></span> <span class='ocrx_word' id='word_1_229' title='bbox 658 3109 900 3210; x_wconf 82' lang='lat' dir='ltr'><strong>Trajectensem</strong></span> <span class='ocrx_word' id='word_1_230' title='bbox 926 3125 1107 3204; x_wconf 87' lang='lat' dir='ltr'><strong>Decanum,</strong></span> <span class='ocrx_word' id='word_1_231' title='bbox 1133 3127 1189 3208; x_wconf 90' lang='lat' dir='ltr'><strong>qui</strong></span> <span class='ocrx_word' id='word_1_232' title='bbox 1204 3147 1283 3190; x_wconf 87' lang='lat' dir='ltr'><strong>sane</strong></span> <span class='ocrx_word' id='word_1_233' title='bbox 1298 3127 1360 3210; x_wconf 86' lang='lat' dir='ltr'><strong>pri·</strong></span> 
     </span>
     <span class='ocr_line' id='line_1_26' title="bbox 64 3231 1360 3320; baseline 0 -25"><span class='ocrx_word' id='word_1_234' title='bbox 64 3245 131 3296; x_wconf 82' lang='lat' dir='ltr'><strong>rato</strong></span> <span class='ocrx_word' id='word_1_235' title='bbox 146 3239 309 3320; x_wconf 90' lang='lat' dir='ltr'><strong>proposito</strong></span> <span class='ocrx_word' id='word_1_236' title='bbox 335 3255 400 3299; x_wconf 92' lang='lat' dir='ltr'><strong>non</strong></span> <span class='ocrx_word' id='word_1_237' title='bbox 416 3235 507 3299; x_wconf 89' lang='lat' dir='ltr'><strong>aliter</strong></span> <span class='ocrx_word' id='word_1_238' title='bbox 522 3245 668 3318; x_wconf 88' lang='lat' dir='ltr'><strong>potuerat</strong></span> <span class='ocrx_word' id='word_1_239' title='bbox 693 3233 735 3296; x_wconf 89' lang='lat' dir='ltr'><strong>ad</strong></span> <span class='ocrx_word' id='word_1_240' title='bbox 762 3233 1003 3312; x_wconf 88' lang='lat' dir='ltr'><strong>Monasterium,</strong></span> <span class='ocrx_word' id='word_1_241' title='bbox 1021 3231 1137 3295; x_wconf 88' lang='lat' dir='ltr'><strong>relicta</strong></span> <span class='ocrx_word' id='word_1_242' title='bbox 1158 3231 1360 3316; x_wconf 79' lang='lat' dir='ltr'><strong>Trajectensi</strong></span> 
     </span>
     <span class='ocr_line' id='line_1_27' title="bbox 65 3326 1372 3425; baseline 0.006 -28"><span class='ocrx_word' id='word_1_243' title='bbox 65 3331 213 3423; x_wconf 80' lang='lat' dir='ltr'><strong>Ecclesia,</strong></span> <span class='ocrx_word' id='word_1_244' title='bbox 231 3344 375 3423; x_wconf 88' lang='lat' dir='ltr'><strong>transire,</strong></span> <span class='ocrx_word' id='word_1_245' title='bbox 403 3363 501 3425; x_wconf 84' lang='lat' dir='ltr'><strong>quam</strong></span> <span class='ocrx_word' id='word_1_246' title='bbox 518 3345 545 3406; x_wconf 91' lang='lat' dir='ltr'><strong>si</strong></span> <span class='ocrx_word' id='word_1_247' title='bbox 561 3353 664 3406; x_wconf 88' lang='lat' dir='ltr'><strong>certae</strong></span> <span class='ocrx_word' id='word_1_248' title='bbox 680 3361 799 3406; x_wconf 88' lang='lat' dir='ltr'><strong>causae</strong></span> <span class='ocrx_word' id='word_1_249' title='bbox 815 3341 978 3425; x_wconf 83' lang='lat' dir='ltr'><strong>legitimae</strong></span> <span class='ocrx_word' id='word_1_250' title='bbox 997 3345 1017 3404; x_wconf 79' lang='lat' dir='ltr'><strong>a</strong></span> <span class='ocrx_word' id='word_1_251' title='bbox 1033 3339 1193 3424; x_wconf 86' lang='lat' dir='ltr'><strong>superiore</strong></span> <span class='ocrx_word' id='word_1_252' title='bbox 1210 3326 1372 3423; x_wconf 51' lang='lat' dir='ltr'><strong>probatae⁸</strong></span> 
     </span>
     <span class='ocr_line' id='line_1_28' title="bbox 64 3443 1384 3544; baseline 0.004 -34"><span class='ocrx_word' id='word_1_253' title='bbox 64 3449 248 3544; x_wconf 77' lang='lat' dir='ltr'><strong>extitissent</strong></span> <span class='ocrx_word' id='word_1_254' title='bbox 301 3453 428 3516; x_wconf 86' lang='lat' dir='ltr'><strong>Recens</strong></span> <span class='ocrx_word' id='word_1_255' title='bbox 459 3464 536 3514; x_wconf 91' lang='lat' dir='ltr'><strong>tnnc</strong></span> <span class='ocrx_word' id='word_1_256' title='bbox 565 3461 633 3514; x_wconf 89' lang='lat' dir='ltr'><strong>erat</strong></span> <span class='ocrx_word' id='word_1_257' title='bbox 661 3451 846 3514; x_wconf 88' lang='lat' dir='ltr'><strong>constitutio</strong></span> <span class='ocrx_word' id='word_1_258' title='bbox 875 3449 1012 3513; x_wconf 84' lang='lat' dir='ltr'><strong>Concilii</strong></span> <span class='ocrx_word' id='word_1_259' title='bbox 1041 3449 1270 3514; x_wconf 86' lang='lat' dir='ltr'><strong>Lataranensis</strong></span> <span class='ocrx_word' id='word_1_260' title='bbox 1300 3443 1384 3516; x_wconf 49' lang='lat' dir='ltr'><strong>sub¹</strong></span> 
     </span>
     <span class='ocr_line' id='line_1_29' title="bbox 65 3551 1363 3642; baseline 0.005 -26"><span class='ocrx_word' id='word_1_261' title='bbox 65 3551 245 3642; x_wconf 57' lang='lat' dir='ltr'><strong>Alexandro</strong></span> <span class='ocrx_word' id='word_1_262' title='bbox 261 3559 321 3624; x_wconf 86' lang='lat'><em>111.</em></span> <span class='ocrx_word' id='word_1_263' title='bbox 347 3559 443 3640; x_wconf 89' lang='lat' dir='ltr'><strong>edita,</strong></span> <span class='ocrx_word' id='word_1_264' title='bbox 460 3579 544 3641; x_wconf 91' lang='lat' dir='ltr'><strong>quae</strong></span> <span class='ocrx_word' id='word_1_265' title='bbox 571 3559 706 3622; x_wconf 82' lang='lat' dir='ltr'><strong>habetur</strong></span> <span class='ocrx_word' id='word_1_266' title='bbox 730 3559 764 3622; x_wconf 93' lang='lat' dir='ltr'><strong>irr</strong></span> <span class='ocrx_word' id='word_1_267' title='bbox 779 3579 849 3641; x_wconf 89' lang='lat' dir='ltr'><strong>cap.</strong></span> <span class='ocrx_word' id='word_1_268' title='bbox 866 3559 894 3622; x_wconf 85' lang='grc'><strong>7.</strong></span> <span class='ocrx_word' id='word_1_269' title='bbox 923 3577 1002 3620; x_wconf 89' lang='lat' dir='ltr'><strong>vers.</strong></span> <span class='ocrx_word' id='word_1_270' title='bbox 1018 3559 1181 3642; x_wconf 80' lang='lat' dir='ltr'><strong>iuferiora</strong></span> <span class='ocrx_word' id='word_1_271' title='bbox 1205 3559 1245 3622; x_wconf 89' lang='lat' dir='ltr'><strong>de</strong></span> <span class='ocrx_word' id='word_1_272' title='bbox 1260 3560 1363 3642; x_wconf 80' lang='lat' dir='ltr'><strong>elect,</strong></span> 
     </span>
     <span class='ocr_line' id='line_1_30' title="bbox 64 3663 1361 3753; baseline 0.007 -26"><span class='ocrx_word' id='word_1_273' title='bbox 64 3663 112 3730; x_wconf 84' lang='lat' dir='ltr'><strong>tibi</strong></span> <span class='ocrx_word' id='word_1_274' title='bbox 126 3669 305 3736; x_wconf 86' lang='lat' dir='ltr'><strong>damnatur</strong></span> <span class='ocrx_word' id='word_1_275' title='bbox 330 3671 531 3734; x_wconf 85' lang='lat' dir='ltr'><strong>consuetudo</strong></span> <span class='ocrx_word' id='word_1_276' title='bbox 546 3671 609 3734; x_wconf 88' lang='lat' dir='ltr'><strong>illis</strong></span> <span class='ocrx_word' id='word_1_277' title='bbox 635 3671 773 3734; x_wconf 84' lang='lat' dir='ltr'><strong>saeculis</strong></span> <span class='ocrx_word' id='word_1_278' title='bbox 789 3680 923 3752; x_wconf 89' lang='lat' dir='ltr'><strong>recepta,</strong></span> <span class='ocrx_word' id='word_1_279' title='bbox 946 3689 1068 3752; x_wconf 82' lang='lat' dir='ltr'><strong>exque</strong></span> <span class='ocrx_word' id='word_1_280' title='bbox 1083 3689 1236 3753; x_wconf 89' lang='lat' dir='ltr'><strong>personne</strong></span> <span class='ocrx_word' id='word_1_281' title='bbox 1252 3679 1361 3736; x_wconf 89' lang='lat' dir='ltr'><strong>minus</strong></span> 
     </span>
     <span class='ocr_line' id='line_1_31' title="bbox 63 3769 1361 3864; baseline 0.012 -33"><span class='ocrx_word' id='word_1_282' title='bbox 63 3769 189 3838; x_wconf 88' lang='lat' dir='ltr'><strong>idoneae</strong></span> <span class='ocrx_word' id='word_1_283' title='bbox 205 3775 251 3842; x_wconf 89' lang='lat' dir='ltr'><strong>ad</strong></span> <span class='ocrx_word' id='word_1_284' title='bbox 277 3777 465 3841; x_wconf 85' lang='lat' dir='ltr'><strong>Decanatus</strong></span> <span class='ocrx_word' id='word_1_285' title='bbox 483 3779 704 3844; x_wconf 84' lang='lat' dir='ltr'><strong>Ecclesiarum</strong></span> <span class='ocrx_word' id='word_1_286' title='bbox 729 3791 987 3862; x_wconf 86' lang='lat' dir='ltr'><strong>promoveantur,</strong></span> <span class='ocrx_word' id='word_1_287' title='bbox 1014 3797 1072 3841; x_wconf 89' lang='lat' dir='ltr'><strong>eae</strong></span> <span class='ocrx_word' id='word_1_288' title='bbox 1087 3779 1249 3861; x_wconf 88' lang='lat' dir='ltr'><strong>nimirum,</strong></span> <span class='ocrx_word' id='word_1_289' title='bbox 1277 3801 1361 3864; x_wconf 89' lang='lat' dir='ltr'><strong>quae</strong></span> 
     </span>
     <span class='ocr_line' id='line_1_32' title="bbox 64 3879 1361 3977; baseline 0.011 -37"><span class='ocrx_word' id='word_1_290' title='bbox 64 3879 93 3942; x_wconf 90' lang='lat' dir='ltr'><strong>iu</strong></span> <span class='ocrx_word' id='word_1_291' title='bbox 107 3885 219 3950; x_wconf 85' lang='lat' dir='ltr'><strong>minori</strong></span> <span class='ocrx_word' id='word_1_292' title='bbox 249 3897 354 3950; x_wconf 86' lang='lat' dir='ltr'><strong>aetate</strong></span> <span class='ocrx_word' id='word_1_293' title='bbox 370 3899 477 3950; x_wconf 89' lang='lat' dir='ltr'><strong>essunt</strong></span> <span class='ocrx_word' id='word_1_294' title='bbox 501 3891 702 3968; x_wconf 88' lang='lat' dir='ltr'><strong>constitutae,</strong></span> <span class='ocrx_word' id='word_1_295' title='bbox 729 3899 859 3970; x_wconf 87' lang='lat' dir='ltr'><strong>atquae</strong></span> <span class='ocrx_word' id='word_1_296' title='bbox 874 3885 1059 3977; x_wconf 83' lang='lat' dir='ltr'><strong>Sacerdotio</strong></span> <span class='ocrx_word' id='word_1_297' title='bbox 1085 3889 1203 3954; x_wconf 89' lang='lat' dir='ltr'><strong>initiari</strong></span> <span class='ocrx_word' id='word_1_298' title='bbox 1220 3891 1361 3974; x_wconf 83' lang='lat' dir='ltr'><strong>neglige·</strong></span> 
     </span>
     <span class='ocr_line' id='line_1_33' title="bbox 64 3985 1363 4082; baseline 0.012 -31"><span class='ocrx_word' id='word_1_299' title='bbox 64 3985 142 4056; x_wconf 84' lang='lat' dir='ltr'><strong>bant.</strong></span> <span class='ocrx_word' id='word_1_300' title='bbox 187 3995 337 4060; x_wconf 81' lang='lat' dir='ltr'><strong>Cautum</strong></span> <span class='ocrx_word' id='word_1_301' title='bbox 352 3995 428 4060; x_wconf 90' lang='lat' dir='ltr'><strong>iude</strong></span> <span class='ocrx_word' id='word_1_302' title='bbox 442 3995 511 4077; x_wconf 83' lang='lat' dir='ltr'><strong>fait,</strong></span> <span class='ocrx_word' id='word_1_303' title='bbox 538 4009 574 4061; x_wconf 91' lang='lat' dir='ltr'><strong>nt</strong></span> <span class='ocrx_word' id='word_1_304' title='bbox 588 3997 740 4080; x_wconf 89' lang='lat' dir='ltr'><strong>deinceps</strong></span> <span class='ocrx_word' id='word_1_305' title='bbox 756 4017 851 4062; x_wconf 89' lang='lat' dir='ltr'><strong>nemo</strong></span> <span class='ocrx_word' id='word_1_306' title='bbox 869 3997 1073 4064; x_wconf 55' lang='lat' dir='ltr'><strong>&amp;canatum</strong></span> <span class='ocrx_word' id='word_1_307' title='bbox 1093 4001 1275 4082; x_wconf 82' lang='lat' dir='ltr'><strong>susciperet,</strong></span> <span class='ocrx_word' id='word_1_308' title='bbox 1298 4001 1363 4066; x_wconf 82' lang='lat' dir='ltr'><strong>nisi</strong></span> 
     </span>
     <span class='ocr_line' id='line_1_34' title="bbox 65 4099 1364 4192; baseline 0.01 -28"><span class='ocrx_word' id='word_1_309' title='bbox 65 4099 275 4181; x_wconf 80' lang='lat' dir='ltr'><strong>vigessimum</strong></span> <span class='ocrx_word' id='word_1_310' title='bbox 290 4106 442 4188; x_wconf 87' lang='lat' dir='ltr'><strong>quintum</strong></span> <span class='ocrx_word' id='word_1_311' title='bbox 457 4125 582 4174; x_wconf 86' lang='lat' dir='ltr'><strong>annum</strong></span> <span class='ocrx_word' id='word_1_312' title='bbox 598 4119 703 4188; x_wconf 88' lang='lat' dir='ltr'><strong>natus,</strong></span> <span class='ocrx_word' id='word_1_313' title='bbox 718 4117 750 4172; x_wconf 88' lang='lat' dir='ltr'><strong>et</strong></span> <span class='ocrx_word' id='word_1_314' title='bbox 765 4107 900 4172; x_wconf 86' lang='lat' dir='ltr'><strong>idoneus</strong></span> <span class='ocrx_word' id='word_1_315' title='bbox 916 4109 959 4172; x_wconf 92' lang='lat' dir='ltr'><strong>ad</strong></span> <span class='ocrx_word' id='word_1_316' title='bbox 973 4107 1208 4192; x_wconf 72' lang='lat' dir='ltr'><strong>Sacerdotium,</strong></span> <span class='ocrx_word' id='word_1_317' title='bbox 1225 4111 1311 4192; x_wconf 89' lang='lat' dir='ltr'><strong>item,</strong></span> <span class='ocrx_word' id='word_1_318' title='bbox 1327 4123 1364 4177; x_wconf 87' lang='lat' dir='ltr'><strong>ut</strong></span> 
     </span>
     <span class='ocr_line' id='line_1_35' title="bbox 64 4207 1363 4300; baseline 0.008 -30"><span class='ocrx_word' id='word_1_319' title='bbox 64 4207 183 4278; x_wconf 87' lang='lat' dir='ltr'><strong>Decani</strong></span> <span class='ocrx_word' id='word_1_320' title='bbox 192 4216 269 4298; x_wconf 88' lang='lat' dir='ltr'><strong>jam</strong></span> <span class='ocrx_word' id='word_1_321' title='bbox 282 4215 447 4280; x_wconf 88' lang='lat' dir='ltr'><strong>constituti</strong></span> <span class='ocrx_word' id='word_1_322' title='bbox 463 4218 651 4298; x_wconf 89' lang='lat' dir='ltr'><strong>quantotius</strong></span> <span class='ocrx_word' id='word_1_323' title='bbox 666 4216 708 4280; x_wconf 84' lang='lat' dir='ltr'><strong>ad</strong></span> <span class='ocrx_word' id='word_1_324' title='bbox 725 4215 967 4300; x_wconf 88' lang='lat' dir='ltr'><strong>Presbyteratus</strong></span> <span class='ocrx_word' id='word_1_325' title='bbox 982 4218 1126 4282; x_wconf 87' lang='lat' dir='ltr'><strong>ordinem</strong></span> <span class='ocrx_word' id='word_1_326' title='bbox 1142 4219 1363 4300; x_wconf 86' lang='lat' dir='ltr'><strong>ascenderent,</strong></span> 
     </span>
     <span class='ocr_line' id='line_1_36' title="bbox 65 4321 1365 4396; baseline 0.009 -12"><span class='ocrx_word' id='word_1_327' title='bbox 65 4321 92 4384; x_wconf 81' lang='lat' dir='ltr'><strong>ai</strong></span> <span class='ocrx_word' id='word_1_328' title='bbox 105 4336 247 4392; x_wconf 80' lang='lat' dir='ltr'><strong>canones</strong></span> <span class='ocrx_word' id='word_1_329' title='bbox 263 4347 327 4392; x_wconf 84' lang='lat' dir='ltr'><strong>non</strong></span> <span class='ocrx_word' id='word_1_330' title='bbox 342 4329 542 4392; x_wconf 60' lang='lat' dir='ltr'><strong>adnotarent.</strong></span> <span class='ocrx_word' id='word_1_331' title='bbox 575 4329 630 4392; x_wconf 84' lang='lat' dir='ltr'><strong>Ex</strong></span> <span class='ocrx_word' id='word_1_332' title='bbox 646 4327 696 4394; x_wconf 84' lang='lat' dir='ltr'><strong>his</strong></span> <span class='ocrx_word' id='word_1_333' title='bbox 712 4327 854 4392; x_wconf 88' lang='lat' dir='ltr'><strong>Decanis</strong></span> <span class='ocrx_word' id='word_1_334' title='bbox 869 4339 926 4392; x_wconf 86' lang='lat' dir='ltr'><strong>aut</strong></span> <span class='ocrx_word' id='word_1_335' title='bbox 939 4339 1008 4392; x_wconf 88' lang='lat' dir='ltr'><strong>erat</strong></span> <span class='ocrx_word' id='word_1_336' title='bbox 1023 4331 1177 4392; x_wconf 89' lang='lat' dir='ltr'><strong>Decanus</strong></span> <span class='ocrx_word' id='word_1_337' title='bbox 1192 4331 1267 4394; x_wconf 87' lang='lat' dir='ltr'><strong>illae</strong></span> <span class='ocrx_word' id='word_1_338' title='bbox 1282 4331 1365 4396; x_wconf 82' lang='lat' dir='ltr'><strong>Tra·</strong></span> 
     </span>
     <span class='ocr_line' id='line_1_37' title="bbox 60 4425 1366 4522; baseline 0.012 -31"><span class='ocrx_word' id='word_1_339' title='bbox 60 4425 218 4510; x_wconf 86' lang='lat' dir='ltr'><strong>jactensis,</strong></span> <span class='ocrx_word' id='word_1_340' title='bbox 230 4442 295 4496; x_wconf 50' lang='lat' dir='ltr'><strong>*ant</strong></span> <span class='ocrx_word' id='word_1_341' title='bbox 309 4431 424 4498; x_wconf 84' lang='lat' dir='ltr'><strong>saltem</strong></span> <span class='ocrx_word' id='word_1_342' title='bbox 439 4453 515 4500; x_wconf 88' lang='lat' dir='ltr'><strong>eum</strong></span> <span class='ocrx_word' id='word_1_343' title='bbox 529 4457 599 4500; x_wconf 85' lang='lat' dir='ltr'><strong>ease</strong></span> <span class='ocrx_word' id='word_1_344' title='bbox 615 4437 757 4520; x_wconf 89' lang='lat' dir='ltr'><strong>potuisse</strong></span> <span class='ocrx_word' id='word_1_345' title='bbox 773 4437 980 4500; x_wconf 84' lang='lat' dir='ltr'><strong>innocentius</strong></span> <span class='ocrx_word' id='word_1_346' title='bbox 995 4439 1229 4522; x_wconf 75' lang='lat' dir='ltr'><strong>suspicabatur,</strong></span> <span class='ocrx_word' id='word_1_347' title='bbox 1253 4439 1366 4508; x_wconf 87' lang='lat' dir='ltr'><strong>videli-</strong></span> 
     </span>
     <span class='ocr_line' id='line_1_38' title="bbox 63 4542 1364 4634; baseline 0.01 -32"><span class='ocrx_word' id='word_1_348' title='bbox 63 4547 109 4604; x_wconf 86' lang='lat' dir='ltr'><strong>eet</strong></span> <span class='ocrx_word' id='word_1_349' title='bbox 122 4551 155 4606; x_wconf 85' lang='lat' dir='ltr'><strong>et</strong></span> <span class='ocrx_word' id='word_1_350' title='bbox 168 4542 360 4612; x_wconf 77' lang='lat' dir='ltr'><strong>Sacerdotio</strong></span> <span class='ocrx_word' id='word_1_351' title='bbox 375 4545 560 4630; x_wconf 87' lang='lat' dir='ltr'><strong>insignatus</strong></span> <span class='ocrx_word' id='word_1_352' title='bbox 586 4563 651 4614; x_wconf 89' lang='lat' dir='ltr'><strong>non</strong></span> <span class='ocrx_word' id='word_1_353' title='bbox 666 4557 741 4630; x_wconf 86' lang='lat' dir='ltr'><strong>erat,</strong></span> <span class='ocrx_word' id='word_1_354' title='bbox 757 4559 789 4612; x_wconf 88' lang='lat' dir='ltr'><strong>et</strong></span> <span class='ocrx_word' id='word_1_355' title='bbox 803 4565 845 4614; x_wconf 89' lang='lat' dir='ltr'><strong>ue</strong></span> <span class='ocrx_word' id='word_1_356' title='bbox 859 4545 1046 4614; x_wconf 74' lang='lat' dir='ltr'><strong>Sacerdotis</strong></span> <span class='ocrx_word' id='word_1_357' title='bbox 1066 4549 1254 4634; x_wconf 89' lang='lat' dir='ltr'><strong>initiaretur,</strong></span> <span class='ocrx_word' id='word_1_358' title='bbox 1269 4569 1364 4617; x_wconf 86' lang='lat' dir='ltr'><strong>cano·</strong></span> 
     </span>
    </p>
   </div>
   <div class='ocr_carea' id='block_1_3' title="bbox 0 0 1572 4984">
    <p class='ocr_par' dir='ltr' id='par_1_3' title="bbox 0 0 1572 4984">
     <span class='ocr_line' id='line_1_39' title="bbox 0 0 1572 4984; baseline 0 3"><span class='ocrx_word' id='word_1_359' title='bbox 0 0 1572 4984; x_wconf 95' lang='lat' dir='ltr'><strong> </strong></span> 
     </span>
    </p>
   </div>
  </div>
 </body>
</html>
