3168 4982
282 457 327 502 os
343 458 475 518 senne,
498 457 541 502 nc
558 457 875 532 sotauutverreus
895 461 1153 508 contuoroaun.
1316 445 1380 511 att

104 573 189 658 pione;
213 577 296 642 nnde
310 577 464 642 Horatius
480 591 551 661 post
576 580 674 642 verba
688 579 785 642 modo
810 579 951 661 laudata,
978 584 1011 646 si
1021 585 1199 668 preprium
1213 594 1269 663 est,
1294 588 1381 672 qued

104 687 163 768 ptis
182 685 262 750 libre
286 698 453 752 mereatur
477 697 509 751 et
523 709 606 765 aere,
630 689 806 771 sttbjunxit:
833 691 1005 775 quaedam,
1029 693 1060 756 si
1082 694 1188 758 credis
1213 699 1383 772 mustellis·

36 853 39 865 ,
104 797 355 878 mancipatasus,
382 796 681 879 quaemadmodum
696 799 770 880 jura
797 797 1044 880 patrisfamilias,
1071 811 1102 864 et
1127 803 1379 867 matrisfamilias

104 919 147 982 per
158 905 437 988 emancipationem
453 905 711 988 adquirebantur,
731 906 774 968 ita
788 917 820 970 et
836 909 1032 990 usucapione
1054 909 1167 974 eadem
1178 913 1252 995 jura
1267 914 1378 995 adqui-

102 1007 213 1090 tipesse
228 1023 385 1076 statutum
400 1025 456 1076 est.
493 1014 616 1094 Legem
631 1014 802 1078 duodecim
819 1017 1002 1080 tabularum
1017 1017 1059 1080 ad
1074 1019 1160 1082 hanc
1176 1040 1241 1084 rem
1257 1021 1377 1086 editam

102 1115 135 1176 ita
147 1117 327 1198 describunt,
344 1123 398 1204 qui
416 1121 522 1204 legum
539 1123 726 1185 earumdem
743 1121 933 1205 fragmenta,
955 1143 994 1186 ac
1010 1124 1160 1206 reliquias
1172 1125 1378 1208 collegerunt:

104 1223 243 1308 Mulier-is,
271 1253 354 1316 quae
378 1253 506 1295 caretate
521 1233 731 1294 castrametali
744 1251 823 1314 erge
839 1233 933 1315 eprtd
946 1235 1058 1296 uirum
1073 1237 1242 1314 temerarit,
1267 1238 1304 1300 itt
1319 1239 1377 1300 trt'·

101 1339 220 1401 teretium
234 1339 274 1402 ab
296 1361 331 1402 ee
345 1339 536 1424 resrtrpandi
559 1339 728 1424 (trstrrpare
743 1339 827 1400 idern
843 1349 918 1420 erat,
942 1359 980 1401 ac
995 1340 1263 1404 consuetudinem
1286 1344 1378 1406 inter-

100 1464 231 1530 rrnnpcre,
247 1449 265 1512 l.
281 1451 310 1514 2.
326 1449 359 1513 ff.
385 1451 426 1513 de
444 1452 644 1533 usucapion.)
671 1473 750 1535 erge
765 1451 863 1530 abest,
890 1473 975 1516 astes
989 1461 1069 1532 esta·
1092 1451 1249 1534 adquam
1274 1454 1376 1536 legem

27 1587 28 1590 =
99 1555 246 1633 respiciens
261 1556 367 1618 Aulus
383 1557 507 1619 Gellius
524 1557 591 1618 libr.
607 1557 636 1620 3.
651 1567 732 1620 noct.
751 1558 880 1620 Atticar.
896 1577 966 1642 cap.
983 1557 1011 1620 2.
1028 1557 1144 1636 scribit,
1161 1579 1203 1620 cx
1218 1562 1379 1624 sententia

99 1659 192 1730 Quinti
210 1663 308 1730 Mucii
323 1665 343 1729 J
347 1665 539 1728 ureconsulti
555 1685 617 1728 non
634 1684 703 1728 esse
720 1676 908 1749 usurpatam
924 1665 1100 1744 mulierem,
1123 1687 1208 1749 quae
1224 1667 1377 1732 Calendis

98 1769 236 1840 ianuariis
260 1776 348 1860 apud
374 1777 479 1840 virum
505 1775 604 1840 caiisa
631 1777 825 1842 matrimonii
850 1797 921 1839 esse
946 1777 1111 1860 coepisset,
1137 1789 1169 1840 et
1194 1779 1377 1844 antediem

97 1897 225 1962 quartum
240 1883 403 1949 Calendas
419 1885 590 1949 Januarias
606 1875 769 1968 sequentis
786 1898 977 1968 nsnrpattun
993 1906 1073 1970 esse3
1100 1905 1165 1950 non
1181 1889 1268 1952 enim
1284 1910 1396 1974 possen

100 1989 201 2074 inpleri
216 1995 409 2073 trinoctium,
424 1993 509 2075 quod
528 1995 639 2056 abesse
654 2000 676 2058 a
690 1995 757 2057 viro
773 1994 951 2077 usurpandi
966 2013 1066 2058 causa
1088 2015 1130 2058 cx
1146 1995 1315 2059 duedecim
1333 2007 1379 2058 ta·

96 2099 162 2164 bulis
176 2103 308 2184 deberet,
334 2091 488 2185 quonlam
505 2104 614 2166 tertiae
630 2105 732 2166 trectis
757 2105 943 2186 posteriores
958 2125 1016 2169 sex
1031 2105 1129 2170 horae
1151 2105 1281 2170 alterius
1299 2109 1378 2172 anni

95 2219 188 2301 essem,
204 2211 257 2292 qul
273 2209 426 2291 inciperet
441 2228 481 2270 ex
497 2209 660 2270 Calendis.
704 2209 849 2279 Quando
865 2229 940 2274 veto
953 2211 1145 2293 'generaliter
1160 2212 1192 2274 in
1209 2215 1379 2296 usucapio-

96 2329 126 2374 ne
137 2317 313 2385 inducenda
328 2329 432 2381 certus
445 2317 578 2400 quidam
597 2317 709 2381 titulus
725 2317 926 2380 necessarius
938 2329 1014 2400 erat,
1030 2329 1061 2382 et
1075 2320 1240 2398 honestus,
1256 2340 1377 2403 exque

95 2425 223 2490 nimirum
238 2431 324 2492 bona
340 2429 421 2492 fides
438 2441 692 2511 praesumeretur
706 2430 862 2493 immunis
878 2435 898 2494 a
913 2432 1035 2512 probro,
1061 2441 1093 2494 et
1109 2431 1313 2514 turpitudine,
1330 2435 1377 2497 in·

94 2533 206 2600 doctum
221 2539 318 2600 etiam
334 2537 403 2614 fnit,
421 2549 456 2600 ut
471 2537 575 2599 analis
591 2539 746 2620 usucapio
763 2538 872 2602 ttxoris
891 2539 979 2620 juste
995 2555 1059 2599 neu
1075 2537 1241 2615 diceretur,
1258 2539 1320 2600 nisi
1336 2538 1377 2600 de

27 2715 28 2726 ,
94 2649 223 2729 quodam,
238 2660 386 2730 certoque
403 2649 494 2710 titulo
509 2659 677 2710 constaret.
722 2649 808 2710 Hine
823 2659 933 2710 antem
955 2647 1067 2710 titulus
1083 2659 1150 2710 erat
1168 2649 1297 2730 publice
1312 2649 1377 2712 fae-

27 2755 29 2810 i
94 2763 119 2815 ta
130 2775 225 2819 coram
240 2757 442 2838 aruspicibus
459 2755 655 2832 contestatio,
672 2775 737 2837 qna
754 2757 801 2817 vir
813 2747 1018 2837 profiteretur,
1034 2775 1068 2816 sc
1084 2756 1226 2838 puellam
1239 2758 1374 2824 domum

27 2895 28 2912 2
93 2859 371 2929 dacereliberornm
399 2865 676 2947 suscipiendorum
700 2885 807 2941 causa,
835 2863 921 2946 quod
948 2863 1147 2946 frequentius
1173 2864 1239 2927 fieti
1264 2866 1375 2930 debuit

27 2979 29 3040 l
92 2981 147 3046 pest
160 2971 271 3034 editam
287 2971 392 3053 legem
409 2972 552 3052 Popleto,
584 2989 668 3051 qrrae
685 2969 723 3030 de
740 2971 845 3032 liberis
873 2969 1085 3052 suscipiendis
1100 2971 1243 3060 maxime
1258 2973 1373 3036 sollici·

93 3070 227 3158 mittebat,
253 3099 391 3161 eamque
406 3079 447 3142 eb
462 3099 595 3141 eausam
622 3083 808 3160 nuptiarum
824 3081 1051 3161 obligationem
1067 3081 1100 3144 in
1116 3081 1214 3159 Cives
1235 3083 1373 3147 induxe-

27 3177 28 3204 ³
93 3197 136 3262 rat,
151 3187 166 3248 l.
181 3189 251 3252 220.
264 3189 296 3251 ff.
313 3188 353 3251 de
370 3189 453 3252 verb.
471 3187 562 3270 sign,
579 3187 599 3250 l.
616 3187 644 3250 4.
661 3185 692 3249 ff.
710 3189 749 3250 dc
765 3189 829 3251 sule
845 3191 1000 3268 instrum,
1017 3189 1036 3252 l.
1052 3191 1082 3254 9.
1095 3191 1163 3253 cod.
1181 3193 1221 3254 de
1237 3194 1369 3276 nuptiis,

92 3291 107 3354 l.
122 3295 161 3357 13.
175 3299 239 3360 ced.
255 3297 296 3361 de
311 3297 485 3380 postlimin.
502 3305 627 3380 revers,
637 3299 731 3381 ¹quud
755 3309 785 3360 et
801 3309 883 3362 recte
897 3287 1080 3361 observavit
1094 3301 1322 3364 Hotomannus
1338 3303 1370 3364 in

92 3399 155 3465 libre
168 3405 204 3468 de
216 3419 323 3470 vetere
338 3408 400 3470 ritu
419 3410 605 3492 nuptiarum
620 3429 688 3492 cap.
706 3409 734 3471 3.
775 3410 860 3472 Hinc
875 3411 1025 3494 conjugia
1040 3411 1137 3474 etiarn
1152 3429 1214 3472 usn
1230 3422 1372 3474 contrac-

93 3519 118 3570 ta
130 3515 278 3594 publicam
293 3517 471 3598 qnamdam
487 3517 622 3580 sormam
640 3517 810 3598 habebant,
834 3539 892 3580 nec
908 3518 975 3580 solo
990 3495 1148 3582 consensu
1165 3518 1371 3600 perficieban-

92 3625 137 3696 tur,
151 3623 418 3702 qnemadmodum
445 3625 617 3706 sperrselia,
636 3626 653 3687 l.
673 3628 709 3704 1.,
737 3635 767 3686 et
782 3627 811 3688 7.
827 3625 859 3688 ff.
875 3626 915 3688 de
938 3627 1151 3709 sponsalibus.
1197 3628 1297 3691 Tanti
1314 3630 1369 3692 ha-

94 3725 142 3791 bita
156 3728 210 3796 tuit
224 3733 310 3817 apud
326 3735 491 3798 Romanos
506 3735 587 3798 haec
604 3735 798 3814 contestatio,
815 3748 851 3798 nt
865 3738 989 3818 quoties
1011 3735 1117 3800 Latini
1134 3739 1302 3802 Romanae
1318 3740 1372 3804 Gi·

94 3835 179 3903 titatis
199 3845 268 3927 jure
284 3844 429 3907 nondnm
447 3845 624 3926 gaudentes
650 3845 835 3928 conjugium
851 3865 888 3907 ea
904 3865 968 3907 non
990 3845 1110 3907 omissa
1125 3849 1368 3924 contraxissent,

92 3955 228 4015 consecuti
244 3951 359 4015 deinde
375 3973 416 4014 ex
433 3951 597 4034 privilegio
613 3953 793 4028 Civitatem,
821 3971 953 4017 texerem
970 3963 1066 4016 antea
1081 3953 1222 4034 ductam,
1238 3965 1269 4015 et
1284 3953 1369 4015 filios

91 4063 166 4116 antea
178 4069 340 4141 susceptos
354 4053 454 4122 veluti
477 4061 580 4143 iustos
595 4059 714 4123 habere
740 4061 922 4144 inciperent,
949 4063 1111 4144 Ulpianus
1131 4063 1163 4125 in
1179 4061 1369 4142 fragmentis

91 4153 125 4216 tlt.
137 4157 161 4222 3.
177 4165 196 4229 i.
211 4164 239 4226 3.
283 4163 338 4228 Ex
354 4165 405 4227 his
420 4159 559 4248 prolecto
581 4171 684 4253 majus
701 4169 810 4232 lumen
826 4170 949 4233 accedit
964 4171 1011 4251 iis,
1034 4191 1118 4252 quac
1133 4171 1280 4254 superius
1296 4170 1364 4234 dixi

90 4256 120 4320 de
143 4277 278 4333 veterum
307 4271 487 4341 Quiritium
516 4277 743 4357 concubinatis
775 4279 927 4344 nimirum
952 4299 1154 4364 qtrarrrquam
1180 4299 1291 4344 verum
1312 4281 1364 4360 sit,

27 4365 28 4432 3
90 4385 139 4434 nen
154 4373 281 4443 inomni
306 4381 522 4446 concubinatu
549 4384 634 4448 hanc
651 4388 849 4451 testationem
873 4391 1092 4472 praehabitam
1107 4391 1216 4468 fuisse,
1238 4391 1365 4474 qneties

27 4479 29 4568 l
91 4489 177 4545 amco
192 4489 315 4552 testatio
330 4485 427 4569 fieret,
443 4500 517 4553 ante
531 4491 725 4574 completam
741 4496 972 4578 usucapionem
987 4500 1103 4565 mulier
1116 4501 1281 4568 dicebatur
1295 4521 1362 4570 nen
