3168 4982
152 352 217 420 23⁰
523 377 767 422 nissenrsnro
788 375 943 438 ausast,
967 375 1045 425 car.
1066 353 1105 420 V.

145 503 205 560 'mo
227 507 259 560 nt
282 508 396 560 natura
419 497 666 582 pollicitationis,
689 519 773 580 qnae
797 499 830 562 in
854 509 926 560 voto
949 502 1039 578 inest,
1060 499 1180 560 arctius
1201 496 1331 578 obligat,
1355 513 1457 578 quam

151 619 267 682 natura
279 617 476 668 caeterorum
494 625 668 688 pactorum,
685 609 740 690 qui
757 609 835 670 iuter
854 607 1000 670 homiues
1017 609 1169 672 ineuntur
1183 619 1374 688 argnrnento
1392 607 1411 668 l.
1425 607 1455 670 7.

151 715 184 780 ff.
201 717 240 778 de
259 717 475 800 pollicitatiou.

191 825 277 888 Sunt
292 825 371 886 istae
387 826 539 906 vulgares
554 824 748 905 traditiones,
763 825 932 908 exquibus
948 825 1140 890 concludere
1164 826 1296 908 quidem
1320 839 1458 908 oportet,

150 952 216 997 nou
243 934 334 996 aliter
359 934 444 998 irrita
470 955 541 998 csse
567 935 704 1011 illorum,
728 937 785 1018 qni
812 935 890 998 olim
914 950 1079 1012 voverunt,
1104 937 1255 1020 conjugia
1272 956 1372 1018 qnam
1403 937 1459 1000 nbi

150 1057 264 1110 votnm
286 1044 430 1106 solemne
452 1043 554 1122 luerit,
579 1064 636 1107 seu
659 1044 713 1108 ubi
737 1053 849 1106 votum
882 1044 1025 1110 elicitum
1055 1042 1151 1108 fuerit
1185 1063 1253 1108 una
1285 1064 1361 1108 cnm
1389 1044 1460 1106 reli-

150 1155 242 1236 giosa
278 1153 365 1219 saeta
401 1153 604 1236 professoine,
642 1153 693 1218 vel
731 1174 799 1218 una
833 1174 910 1220 erun
943 1174 1023 1218 sacri
1068 1157 1199 1222 Ordinis
1235 1157 1461 1240 susceptione,

151 1267 183 1328 in
207 1266 341 1328 caeteris
362 1275 473 1330 antem
495 1267 586 1344 votis,
609 1285 694 1348 quae
723 1265 883 1348 simplicia
914 1265 1075 1348 dicuntur,
1108 1267 1295 1350 delinquere
1327 1269 1461 1350 quidem

150 1374 302 1456 conjugia
324 1373 560 1452 contrahentes,
582 1393 649 1440 non
672 1385 779 1438 tamen
802 1376 954 1458 conjugia
980 1377 1067 1440 irrita
1088 1376 1166 1440 lion.
1211 1380 1255 1442 At
1276 1381 1403 1460 quoties
1426 1381 1462 1448 in

151 1503 287 1548 causam
310 1482 507 1548 discriminis
529 1481 758 1564 inquirendum
782 1484 831 1562 sit,
854 1485 968 1548 altiora
993 1485 1089 1566 juvat
1111 1485 1267 1568 principia
1290 1485 1395 1567 figere,
1417 1505 1462 1550 ex

150 1595 269 1678 quibus
292 1605 359 1656 tota
380 1593 461 1656 haec
491 1593 707 1656 controversia
729 1592 911 1658 definiatur.
967 1593 1081 1674 Itaque
1103 1593 1184 1672 dico,
1217 1604 1330 1656 votum
1362 1595 1464 1656 corrri-

151 1706 289 1782 nentiae,
321 1701 562 1784 qualecumque
592 1701 642 1780 sit,
676 1711 792 1784 suapte
827 1713 944 1767 natura
975 1703 1171 1766 matrimonii
1206 1703 1282 1766 dein
1319 1714 1464 1764 contras·

152 1811 189 1876 ti'
210 1810 352 1874 firmitati
384 1810 518 1872 minime
548 1811 671 1876 obesse.
723 1808 857 1874 Etenim
890 1808 965 1872 licet
995 1809 1107 1872 divino
1134 1812 1204 1894 jure
1237 1812 1465 1892 unusquisqne

152 1932 264 1986 votum
288 1921 389 1988 semel
410 1921 567 1988 emissum
582 1921 714 2004 implere
736 1931 878 2002 cogatur,
901 1920 1027 2000 quoties
1058 1929 1165 1984 tamen
1200 1941 1267 1986 uon
1300 1922 1465 2004 impletur,

153 2042 185 2094 et
206 2029 330 2114 aliquid
355 2030 401 2109 fit,
422 2029 511 2112 qnod
533 2049 598 2094 nou
621 2040 688 2092 tam
706 2031 778 2113 jure
800 2030 937 2112 publice,
960 2049 1060 2112 quam
1077 2033 1151 2115 jure
1172 2031 1285 2096 divino
1306 2033 1467 2112 donatur,

154 2163 196 2211 ue
217 2141 311 2210 tacite
332 2141 542 2222 rescindatur;
566 2141 654 2223 qnod
685 2152 796 2206 contra
829 2153 950 2222 votum,
983 2153 1057 2206 utut
1086 2145 1229 2226 improbe
1260 2144 1383 2212 iactum
1404 2159 1467 2225 est,

155 2249 267 2318 adhuc
288 2269 400 2313 revera
422 2249 574 2312 subsistit.
641 2249 849 2312 Gonunbium
883 2248 1018 2331 quidam
1045 2251 1129 2334 juris
1160 2271 1278 2316 nomen
1300 2263 1358 2332 est,
1382 2253 1468 2316 mul-

158 2369 191 2420 ta
214 2367 321 2422 tameo
345 2357 378 2418 in
401 2354 487 2418 facto
518 2355 700 2422 consistunt
733 2353 844 2437 legum
878 2355 1083 2438 publicanus
1114 2357 1317 2439 providentia
1348 2357 1469 2441 digna,

157 2488 243 2552 quac
253 2471 308 2552 jus
324 2481 511 2550 sequuntur,
536 2467 643 2550 qualis
666 2477 715 2530 est
741 2467 822 2534 inter
844 2478 974 2532 caetera
998 2480 1149 2552 suscepta
1173 2469 1314 2536 santiliae
1329 2491 1418 2550 cura,
1433 2483 1470 2536 et

158 2578 307 2642 educatio
331 2577 515 2658 liberorum,¹
535 2594 619 2658 quae
635 2593 713 2638 sane
737 2576 847 2640 otuaia
861 2575 982 2657 negligi
998 2575 1157 2656 deberent,
1174 2577 1201 2640 si
1226 2587 1394 2660 praetextu
1410 2597 1471 2640 vu-

160 2692 184 2754 ti
198 2689 416 2754 continentiae
445 2687 568 2772 pridem
592 2687 698 2766 eliciti,
729 2687 860 2770 insuper
889 2687 1093 2754 haberentur.
1139 2688 1470 2770 thtrandoasimi·

161 2803 247 2868 libus
261 2813 538 2885 argumentantur,
553 2800 610 2882 qni
626 2800 708 2862 altas
730 2799 969 2862 observationes
983 2799 1089 2864 edisse
1109 2799 1205 2868 modo
1219 2801 1320 2866 notati
1335 2812 1419 2880 sunt,
1436 2812 1474 2866 et

162 2935 222 2999 ego
250 2914 401 2996 exemplo
429 2919 451 2978 a
479 2913 577 2976 simili
606 2912 707 2994 perito
734 2911 991 2974 observationem
1019 2909 1184 2974 confirmo.
1229 2911 1376 2975 Naturali
1395 2914 1475 2995 juro

163 3031 237 3113 quis
253 3027 445 3111 prohibetur,
462 3045 503 3090 ne
518 3024 667 3090 aedificet
682 3043 724 3088 ax
740 3025 837 3106 tignis
861 3023 986 3086 alienis.
1031 3023 1068 3088 Si
1083 3033 1191 3086 tamen
1219 3021 1294 3086 inde
1317 3022 1473 3086 aedifica—

164 3142 254 3221 verit,
270 3151 358 3204 vctat
376 3142 430 3224 jus
456 3137 633 3222 publicum,
649 3156 691 3200 ne
714 3145 842 3219 petente
867 3135 1001 3216 quidem
1029 3133 1161 3196 domino
1185 3135 1355 3214 tignonrm,
1380 3155 1475 3199 ever-⁴

164 3249 188 3314 ti
218 3246 412 3325 aedificium,
442 3265 508 3309 non
537 3244 602 3308 alia
632 3263 711 3306 saue
741 3245 781 3306 dc
796 3261 907 3320 causa,
923 3239 985 3304 nisi
1000 3238 1087 3320 quod
1104 3259 1217 3304 averso
1242 3239 1391 3304 aedificio
1407 3245 1475 3305 rui·

165 3357 216 3422 nis
231 3353 461 3418 deformaretur
475 3353 559 3428 urbs,
576 3351 610 3414 in
625 3369 689 3432 quo
704 3349 854 3432 publicus
884 3349 971 3410 urbis
988 3347 1146 3430 splendor,
1163 3359 1194 3410 et
1217 3347 1317 3411 decus
1345 3349 1475 3414 minue·
1575 3403 1578 3416 ,

165 3482 260 3544 retur3
291 3464 385 3544 qnasi
415 3481 492 3526 enm
521 3460 586 3524 duo
617 3459 809 3522 detrimenta
838 3467 1042 3536 concurrunt,
1073 3457 1212 3538 primurn
1239 3459 1410 3540 privatum,
1427 3460 1479 3522 al-

166 3585 271 3637 terum
287 3571 461 3656 publicum,
478 3569 584 3652 potius
607 3565 793 3630 cavendnm
816 3564 866 3641 sit,
882 3583 923 3628 ns
953 3562 1119 3644 publicum
1146 3561 1304 3626 damnum
1319 3579 1477 3646 emergat,

166 3686 297 3768 insuper
311 3683 422 3746 habita
450 3682 570 3744 damno
600 3677 805 3760 privatorum.
850 3674 998 3755 idipsum
1028 3672 1092 3736 sore
1120 3674 1229 3738 evcnit
1257 3675 1292 3738 in
1319 3678 1477 3759 conjugio

165 3815 286 3873 corum,
316 3794 373 3876 qui
401 3791 582 3856 castitatem
612 3797 779 3850 voverunt.
823 3783 924 3866 Urget
947 3781 1166 3848 hincbonnm
1194 3781 1477 3862 privatumeonti,

166 3905 303 3984 neutiae,
333 3921 433 3985 qnam
469 3907 638 3977 voveruuu
677 3894 766 3958 illinc
797 3893 919 3956 bouum
944 3889 1110 3973 publicum
1141 3890 1345 3968 matrimonii,
1381 3893 1476 3972 quod

165 4021 405 4090 contraxerunt,
423 4007 510 4070 istud
527 4017 691 4088 propterea
705 4003 764 4064 erit
778 4001 825 4064 illi
836 3999 1090 4076 anteferendum,
1102 4018 1172 4062 cao.
1189 3999 1228 4076 2,
1243 4010 1275 4061 et
1289 3999 1318 4062 3.
1330 4000 1403 4064 dist.
1417 4001 1475 4066 27.

165 4135 237 4180 ean.
253 4117 283 4180 2.
299 4115 359 4192 at,
375 4127 406 4178 et
420 4114 470 4177 41.
500 4131 588 4176 caus.
605 4111 656 4174 27.
672 4119 796 4191 quaest.
814 4111 840 4174 1.
897 4108 971 4172 Non
1000 4107 1119 4190 ignoro,
1131 4145 1138 4158 ·
1149 4126 1191 4170 ex
1220 4107 1379 4170 veteribus
1409 4109 1478 4173 Ele-

165 4225 281 4288 clesiae
298 4223 445 4288 Patribus
461 4220 561 4285 fnisse
585 4218 753 4301 quosdam,
770 4219 825 4299 qui
849 4217 1000 4299 conjugia
1025 4225 1095 4296 post
1119 4226 1232 4276 votum
1255 4215 1479 4278 continentiae

165 4342 329 4398 contracta
359 4329 515 4408 adulterii,
546 4325 597 4388 vel
628 4325 769 4388 incestus
798 4327 929 4386 nomine
943 4321 1198 4404 appellaverunt,
1223 4320 1322 4384 immo
1337 4331 1369 4382 et
1382 4319 1482 4384 dixe*

168 4453 252 4522 runt,
268 4441 421 4530 conjuges
437 4437 508 4506 illos
535 4433 696 4514 adulteris,
714 4443 746 4496 et
761 4431 953 4498 incestuosis
978 4447 1048 4500 esse
1078 4428 1208 4510 pejores,
1238 4445 1310 4490 cau.
1340 4425 1369 4490 9.
1399 4425 1479 4500 dist,
