3134 4984
293 433 340 486 nn
355 437 564 502 consensis,
579 437 819 500 ntnnnurcts,
840 437 890 484 nn
906 435 1178 488 conturnicis.
1327 415 1391 486 m

98 555 309 643 οιῆιιιιοιοτί,
336 561 569 630 Pontificatum
583 561 770 628 Maximum
786 562 955 628 museus
996 561 1186 631 Bonisnoius
1204 571 1318 629 autern
1330 561 1388 629 din

99 665 201 748 doluit,
215 677 342 734 ιιιιιιιιιι
366 669 512 734 schinne
525 669 694 734 occasione
719 669 883 736 electionis
898 685 978 734 sune
1002 669 1201 737 concitatum
1225 665 1334 750 luisse,
1356 679 1391 734 et

97 789 196 856 cogno
209 793 275 840 non
290 775 452 844 dubitavit
477 776 660 842 Honoriunr
673 776 870 860 Atrgustnm,
896 785 934 840 ut
947 777 1138 842 auctoritate
1150 776 1250 840 edem
1264 794 1327 842 sne
1340 775 1390 842 sn·

97 880 168 946 turis
180 881 367 966 hujusmodi
390 882 522 948 ossibus
536 883 725 966 provideret.
768 881 918 966 Epistola
931 881 1092 952 Bonifncii
1107 881 1245 948 habetur
1268 882 1301 946 in
1315 901 1389 948 cen.

98 989 268 1058 1ᾱί1197.
312 991 518 1076 Rescriptum
532 991 669 1059 Honorii
689 991 806 1076 legitur
819 993 854 1058 in
869 1011 941 1058 ceu.
954 993 987 1057 2.
1002 991 1076 1058 dist.
1091 991 1154 1074 st,
1174 1003 1206 1057 st
1220 993 1255 1058 in
1269 1011 1342 1058 osu.
1357 992 1389 1058 8.

95 1097 160 1166 chr.
174 1102 222 1166 79.

129 1207 238 1291 Itsque
252 1212 281 1276 si
294 1211 337 1276 de
352 1211 465 1294 poenis
480 1209 638 1276 ndversus
652 1207 877 1276 schismaticos
891 1205 1077 1293 infligendis
1091 1228 1198 1274 senno
1211 1207 1261 1289 sit,
1276 1207 1389 1292 legunt

92 1315 273 1398 ruccones,
300 1317 344 1382 nd
358 1318 582 1384 schismaticos
607 1319 689 1384 tertii
703 1319 830 1402 generis
843 1318 979 1384 minime
1004 1319 1172 1402 pertinent,
1194 1319 1321 1402 quoties
1336 1316 1391 1384 isti

92 1431 286 1494 eutornnino
300 1431 334 1496 in
360 1429 594 1499 dubitationem
609 1431 743 1496 adducti
766 1429 887 1500 luerint
900 1449 967 1496 uns
982 1449 1061 1498 curn
1085 1432 1163 1496 viris
1178 1431 1326 1514 pluribus
1340 1431 1388 1496 vi-

93 1543 137 1598 ttte
150 1537 341 1624 integritate,
366 1553 401 1606 et
422 1543 570 1610 doctrine
595 1543 842 1628 praestantibus,
869 1555 901 1608 et
926 1544 1006 1610 dutu
1032 1543 1191 1628 ignorent,
1213 1545 1267 1610 cui
1282 1545 1390 1628 potius

90 1647 164 1726 porti
177 1650 386 1732 adhaereant,
413 1653 536 1718 interes
549 1654 583 1718 in
598 1671 757 1738 suspenso
782 1653 827 1716 ita
841 1651 981 1717 dixerim
1006 1662 1149 1732 mouent,
1172 1660 1231 1714 aut
1245 1651 1389 1717 erbitrsti

92 1767 151 1818 uus
164 1775 240 1826 cunr
256 1761 334 1828 viris
348 1769 381 1826 et
395 1761 579 1844 integritare
593 1762 686 1843 vitse,
701 1771 735 1825 et
747 1762 893 1826 doctrine
908 1761 1155 1846 praestantibus,
1172 1760 1325 1845 potiorem
1341 1777 1390 1824 es-

89 1881 119 1926 se
133 1868 237 1949 nnius,
265 1889 368 1953 quem
382 1871 514 1936 alterius
528 1891 672 1952 causam,
698 1872 756 1936 uui
772 1873 1002 1956 potiusquam
1016 1871 1111 1936 elteri
1131 1857 1318 1950 adhaerc'nt,
1334 1889 1394 1952 ps·

89 1975 140 2039 teti
155 1980 270 2046 animo.
282 1982 332 2046 sd·
340 1983 586 2066 obsequendum
600 1984 657 2064 illi,
673 1987 767 2070 cujus
782 1984 900 2050 deinde
925 1984 1107 2068 legitimum
1120 1983 1175 2063 ius
1189 1985 1224 2052 in
1238 1983 1389 2050 Ecclesia

87 2101 262 2156 asseratur.»
296 2093 447 2159 Tantum
461 2093 633 2158 imminent
657 2095 721 2160 illis
735 2113 859 2180 poenus
885 2093 1174 2174 schismaticorum,
1200 2094 1256 2176 qui
1279 2094 1313 2158 in
1328 2095 1390 2177 pri·

86 2211 143 2276 nto,
157 2202 210 2266 vel
227 2201 424 2268 insecundo
449 2203 728 2270 schismaticorum
742 2223 860 2286 genere
880 2213 958 2270 sunt
972 2204 1147 2270 constituti.
1190 2204 1390 2268 Nemosane

85 2323 122 2370 cx
135 2307 204 2374 istis
214 2314 315 2396 J'uxts
339 2323 486 2378 veterum
500 2331 666 2379 canonum
691 2313 894 2380 sumnonem
919 2314 951 2378 in
969 2314 1138 2380 Ecclesiae
1159 2315 1389 2382 communione
1461 2320 1465 2328 '

83 2421 236 2504 consistit,
261 2424 304 2487 cb
317 2423 523 2488 individuam
550 2423 696 2488 fidelium
711 2425 745 2488 in
771 2421 922 2492 Ecclesia
947 2429 1195 2494 consistentium
1220 2429 1388 2510 unitatem,

83 2541 218 2610 eamque
233 2529 361 2594 obrem
385 2530 593 2624 onethemete
608 2530 756 2596 damuati
780 2533 850 2615 ipso
859 2534 933 2616 jure
956 2533 1020 2598 dici
1035 2545 1181 2618 possum,
1206 2553 1278 2601 cen.
1301 2537 1331 2600 5.
1347 2536 1389 2615 6.,

80 2646 110 2700 et
121 2639 151 2704 9.
166 2659 259 2708 cens
275 2644 306 2708 7.
331 2651 457 2724 quaest
475 2642 512 2721 1.,
530 2659 602 2708 cen.
620 2645 669 2708 19.
695 2660 785 2709 cens.
803 2646 854 2708 16.
868 2657 993 2727 quaest.
1008 2648 1049 2726 7.,
1074 2665 1147 2712 cen.
1161 2648 1213 2712 42.
1228 2648 1279 2712 43.
1295 2645 1393 2714 ersus.¹

81 2747 130 2814 23.
143 2773 174 2838 q.
191 2757 223 2820 5.
239 2773 312 2820 cen.
329 2755 378 2820 ts.
403 2755 457 2818 23.
471 2755 532 2836 31,
548 2767 580 2818 et
593 2756 646 2819 34.
659 2774 751 2821 caus.
765 2757 816 2822 24.
832 2777 863 2842 q.
881 2761 918 2838 1,
932 2768 1162 2842 proptereaque
1184 2759 1227 2826 ed
1242 2761 1388 2826 obtinen-

80 2859 128 2942 de,
145 2865 200 2928 vel
215 2863 384 2928 retinenda
407 2863 629 2928 ecclesiastice
642 2865 809 2946 benolins
835 2876 870 2930 et
880 2865 924 2930 sd
946 2885 1174 2950 quoscumque
1183 2869 1258 2952 Jure
1280 2865 1389 2935 chris·

81 2972 186 3040 usses
211 2975 434 3042 communioni
458 2974 664 3040 cohaerentis
688 2975 841 3040 inidonei.
882 2976 976 3056 Sunt,
1004 2976 1062 3058 qui
1075 2975 1281 3058 distinguunt
1305 2977 1389 3042 inter

82 3103 137 3150 ece
150 3089 389 3168 schismaticos,
413 3087 471 3169 qni
485 3093 508 3154 n
521 3087 680 3152 Pontifice
693 3087 850 3168 Maximo,
872 3098 905 3152 st
919 3089 1002 3152 inter
1015 3105 1078 3168 eos,
1087 3089 1152 3170 qni
1167 3089 1210 3153 eb
1225 3089 1388 3173 Episcopo

77 3209 137 3260 suo
150 3196 320 3278 recedunt3
344 3204 379 3259 et
389 3195 511 3278 priores
523 3195 638 3260 xdicunt
660 3194 795 3278 quidem
810 3195 882 3281 ipso
894 3197 962 3279 iure
976 3193 1185 3264 anathemare
1204 3195 1386 3298 damnatus,

77 3307 269 3387 posteriores
283 3323 350 3370 nnn
365 3313 550 3371 enstemnte
572 3303 745 3370 damnatos
760 3305 829 3388 ipso
840 3306 920 3389 jure,
936 3305 1169 3372 aedsenrenria
1177 3307 1297 3392 judicis
1317 3325 1388 3392 pos-

74 3427 110 3474 se
133 3413 357 3479 mathematis
379 3429 484 3495 poene
508 3411 665 3476 damnari.
710 3411 916 3478 Discriminis
938 3431 1076 3478 cenem
1100 3414 1134 3480 in
1152 3433 1192 3478 eo
1215 3414 1385 3496 collocent,

77 3523 169 3604 quod
183 3525 348 3608 sejunctos
359 3521 404 3586 nh
414 3519 598 3586 obedientis
613 3519 780 3586 Pontificis
797 3521 934 3588 Muimi
950 3519 1126 3589 vinculum
1136 3519 1387 3587 unirsueomni-

75 3647 120 3695 nn
131 3633 327 3717 dissolverit,
353 3642 390 3696 st
401 3631 460 3715 qni
475 3639 605 3696 tentum
619 3631 663 3696 elo
676 3631 842 3716 Episcopo
853 3649 914 3696 sno
927 3651 964 3696 se
986 3630 1212 3714 metit,
1226 3639 1260 3696 st
1275 3629 1386 3696 edituo

76 3737 346 3806 sdhnereucnrn
371 3739 530 3808 Pontifice
543 3741 699 3820 Maximo,
725 3739 839 3806 edisne
850 3740 1010 3806 unhetom
1024 3741 1161 3808 mensu
1182 3741 1215 3804 in
1228 3759 1269 3804 ee
1284 3749 1384 3824 perte,

74 3861 146 3926 qne
172 3849 323 3915 Pontifici
347 3850 494 3916 diuino
515 3851 638 3916 eichst.
679 3848 764 3916 Mihi
786 3849 917 3933 pleocre
942 3867 1009 3915 non
1031 3859 1139 3936 potest.
1160 3850 1243 3916 haee
1268 3850 1386 3934 opinio,

75 3969 280 4042 quemqnam
290 3959 511 4040 erinnem,
527 3959 861 4045 ffleunodehnquen
875 3975 961 4042 curn,
986 3961 1044 4044 qui
1059 3963 1203 4046 supremi
1217 3960 1386 4028 Eccteetee

75 4061 231 4149 hunis
244 4081 349 4152 quau
362 4069 423 4152 qni
436 4069 642 4136 Praelatisni
656 4068 833 4153 singularis
846 4077 1036 4154 polstlntsrn
1049 4068 1200 4148 Meliust,
1215 4078 1325 4135 temon
1339 4065 1386 4132 nl-

77 4179 236 4243 ternnnnr
249 4175 381 4258 sufficit,
396 4190 434 4243 ut
447 4179 522 4262 quis
536 4179 580 4244 eh
593 4177 746 4246 Eceiesie
757 4176 1035 4246 discernentur.
1077 4177 1205 4243 &nors
1227 4174 1260 4242 iu
1277 4172 1388 4240 Ponti·

76 4283 148 4353 nes
160 4289 291 4372 quidem
305 4289 462 4374 nunno,
491 4289 592 4358 veluti
605 4291 729 4358 Christi
743 4289 1039 4376 Vicnriopcsiturn
1053 4297 1104 4354 est
1116 4287 1257 4373 prinum
1272 4285 1384 4352 noch

76 4393 154 4460 tite
165 4395 427 4483 imdsmentnm3
449 4399 555 4466 nihilo
569 4411 679 4466 nmen
704 4401 815 4467 miurus
827 4401 928 4466 etiem
951 4414 995 4464 ex
1009 4397 1122 4464 diuino
1133 4398 1204 4482 jure
1225 4393 1333 4460 sunites
1347 4390 1385 4456 li·

76 4499 590 4598 delium-reuistnuisecoehns,
604 4511 840 4580 armemus
851 4509 1103 4578 constitutum
1111 4506 1322 4576 codeseitex
1334 4523 1383 4592 eo,
