3120 4980
223 484 270 534 na
283 455 527 539 concremer,
544 469 614 522 rtsr.
631 463 806 532 insonum,
823 468 892 516 rer,
909 462 1063 514 raanan.
1081 463 1186 512 asca.
1315 429 1356 508 ab

70 615 112 694 rei,
124 612 176 696 qni
190 579 442 674 controversiam
457 601 575 686 passus
589 607 646 678 est,
661 582 791 674 obtinet,
808 603 844 657 ut
859 611 911 656 reo
926 590 1026 654 semel
1042 587 1201 666 absoluto,
1216 589 1358 668 nequem

71 717 237 802 regulariter
251 731 338 778 novo
347 707 471 798 judicic
497 709 611 772 iterum
628 705 669 769 de
683 703 796 767 eodem
811 700 947 765 crimina
965 697 1094 780 inquiri.
1138 695 1218 761 lli'xl
1232 695 1358 778 reguta-

71 831 135 908 riter,
150 827 267 892 etenim
280 825 367 890 dnae
392 817 597 906 proferuntur
612 813 763 897 vulgares
778 809 994 892 exceptiones.
1038 805 1148 870 Prlrna
1162 813 1219 884 est,
1242 804 1269 868 si
1285 816 1359 868 rcus

71 937 149 1002 luerit
161 918 338 1012 absolutus,
365 947 430 995 non
445 926 534 1012 quod
549 925 619 1010 ejus
633 921 854 986 demonstrata
879 909 1066 981 innocentia
1080 913 1184 992 suerit,
1199 911 1256 978 sed
1271 911 1359 996 qnod

70 1044 135 1107 satis
156 1053 251 1126 aptae
274 1058 342 1104 non
365 1037 528 1102 extiterint
553 1027 765 1117 probationem
793 1037 873 1090 tunc
897 1025 987 1088 euim
1011 1024 1105 1088 novis
1122 1021 1360 1106 emergentibus

70 1153 161 1218 causis
176 1149 257 1214 nibil
273 1147 382 1226 oberit,
398 1143 573 1228 quominus
588 1139 631 1202 ad
647 1155 769 1202 novum
780 1133 954 1230 judicium,
966 1143 998 1196 et
1009 1151 1128 1195 causae
1143 1129 1361 1213 cognitionem

71 1257 252 1341 procedatur.
295 1252 408 1318 Altera
421 1261 478 1330 est,
494 1249 522 1312 si
536 1259 706 1310 accusator
720 1263 797 1309 curn
812 1261 865 1306 reo
878 1241 1090 1306 collusionem
1104 1237 1243 1320 lecisset,
1263 1235 1362 1320 siqui·

70 1361 131 1426 d'ern
145 1371 232 1441 tunc,
257 1359 442 1424 colludeute
455 1367 643 1422 accusatore
658 1365 750 1418 extra
764 1351 910 1416 ordinem
925 1349 1046 1434 punito,
1074 1349 1093 1413 J
1097 1347 1183 1413 ndex
1198 1363 1240 1412 ex
1255 1347 1361 1412 officio

70 1470 210 1534 adversus
224 1466 479 1548 reuminqnirct,
501 1483 574 1548 cap.
592 1465 629 1544 l,
645 1475 677 1526 et
691 1461 902 1545 sequentibus
916 1457 957 1523 de
971 1457 1150 1523 collusione
1169 1453 1361 1542 detegenda.
1422 1461 1424 1465 ’

71 1573 131 1640 Non
154 1587 262 1639 tamen
291 1573 345 1637 lric
369 1571 574 1638 concluditur
598 1571 724 1638 Iudicia
748 1567 901 1648 officium,
927 1567 1081 1632 nimirum
1106 1577 1142 1632 nt
1158 1581 1211 1631 reo
1232 1571 1362 1635 nntnllr

71 1684 226 1768 prospiciat
248 1683 460 1764 absolutionc,
485 1681 543 1746 sed
568 1681 769 1765 quandoque
792 1677 1120 1744 animadvertendum
1141 1679 1200 1744 erit
1223 1679 1258 1744 ln
1273 1687 1360 1760 eunt,

70 1793 117 1874 qui
128 1795 248 1858 crimen
272 1795 306 1858 in
317 1791 478 1878 judicirlrn
492 1789 619 1872 detulit,
643 1791 676 1854 et
690 1793 826 1854 causarn'
840 1789 1076 1854 controversiae
1097 1783 1362 1857 colemannum

72 1902 273 1968 instituendae
287 1904 444 1988 praebitis
482 1901 525 1976 Si
532 1902 695 1988 judiciari
719 1899 866 1967 criminis
879 1903 921 1966 ab
935 1901 1126 1986 exceptione
1149 1903 1261 1987 eoepit,
1277 1899 1362 1986 peis·

71 2009 152 2091 piena
164 2031 214 2074 res
228 2021 287 2092 cst,
311 2029 365 2075 reo
380 2011 538 2089 abscintct
564 2008 816 2094 permittendum
831 2025 901 2073 esse
916 2009 1032 2088 eidem,
1059 2019 1096 2074 ut
1109 2007 1208 2074 libere
1228 1999 1362 2074 neun-

71 2122 175 2184 uerear
189 2128 408 2204 persequatur,
434 2119 487 2184 rel
502 2118 724 2184 testimoninm
738 2115 827 2199 ierat,
841 2119 936 2202 qussi
952 2117 1075 2183 ilritata
1094 2117 1252 2184 ddtefflae
1266 2131 1361 2186 tecte

70 2236 190 2309 antean,
214 2225 267 2290 vel
283 2226 508 2292 testimonium
526 2223 682 2290 ferentem
696 2226 894 2310 exceptione.
940 2223 1116 2294 Difficilius
1128 2237 1179 2292 est
1198 2242 1361 2312 quaerere,
1442 2301 1447 2307 ,
1497 2231 1500 2238 “

68 2332 190 2416 quidcit
212 2333 467 2416 observandum,
492 2346 528 2400 ut
537 2333 700 2420 iudicium
723 2335 871 2420 coeperit,
896 2345 955 2400 aut
970 2337 1013 2402 ab
1027 2337 1244 2420 arcuatione,
1268 2345 1363 2407 aute

69 2439 308 2524 denunmc,
323 2455 381 2508 aut
395 2443 439 2508 ab
452 2443 670 2528 inqttititicn'e

104 2545 229 2616 Iamdiu
241 2559 398 2615 ωιιιιιιιιι
411 2551 555 2616 Romani
568 2560 700 2632 ιοιιιει,
714 2559 780 2633 aut
796 2562 832 2616 ut
843 2551 994 2618 nonnulli
1007 2552 1131 2634 rotun,
1146 2551 1272 2638 legibue
1283 2551 1362 2618 duo·

69 2657 163 2744 decidi
176 2659 372 2740 ubdlamm,
397 2671 455 2725 aut
469 2659 541 2744 lege
555 2659 719 2741 Remmia,
733 2671 790 2725 aut
804 2659 945 2726 Senatus
971 2657 1130 2724 Consulto
1142 2658 1361 2745 Turpilliano,

71 2769 299 2852 utquisrrlsum
323 2769 447 2834 crimen
462 2769 667 2855 injudiciuln
693 2769 885 2834 detulissent
909 2771 1104 2851 accusando,
1127 2776 1265 2854 poenam
1280 2767 1362 2834 infe»

69 2875 143 2941 uriae
155 2879 306 2960 subirent,
322 2877 431 2944 inusta
446 2881 479 2945 in
495 2877 599 2944 troare
614 2878 699 2963 turpi
713 2891 800 2961 nota,
814 2899 872 2945 scu
890 2878 980 2944 lltcra
996 2879 1041 2961 K,
1057 2883 1143 2963 quae
1157 2877 1360 2948 Kalamaio

67 2994 158 3056 ιιιιιιι
171 2973 383 3074 έζιιιιίιιιιι,
410 2989 454 3054 ad
468 3009 570 3074 qnam
584 2989 791 3074 disciplinam
806 2990 945 3073 respexit
970 2991 1083 3054 Oicero
1097 2991 1131 3056 in
1146 2990 1289 3055 oratione
1304 2993 1361 3076 prb

66 3095 155 3161 Sexto
167 3099 286 3164 Raecio
299 3099 454 3164 Amerino
469 3105 604 3164 nurnero
618 3101 669 3164 57.
685 3097 766 3163 dum
780 3099 906 3163 scribet:
933 3097 1002 3164 ned
1014 3099 1046 3163 ri
1061 3119 1123 3183 ego
1136 3100 1196 3164 ltcc
1215 3099 1292 3164 berte
1306 3121 1360 3164 rto·

67 3205 104 3282 ri,
118 3207 246 3274 ὶίιεναὲιιι
258 3210 363 3289 illaec,
379 3210 435 3274 cui
449 3229 505 3272 oce
519 3229 623 3294 traque
637 3229 672 3273 eo
686 3209 816 3273 inimici
826 3211 913 3290 ertia,
929 3218 968 3274 at
982 3211 1085 3274 etiam
1098 3231 1155 3275 ecc
1165 3231 1277 3275 omncs
1291 3211 1361 3276 ode·

67 3315 142 3394 titia,
154 3317 204 3381 ita
216 3317 419 3382 commeratae
444 3318 490 3382 ad
503 3323 604 3402 capul
619 3317 762 3402 affigeret,
791 3325 958 3403 celperico
972 3317 1138 3382 eremitteret
1158 3319 1275 3398 alium,
1291 3319 1361 3382 niti

59 3417 316 3498 saturicoestra
330 3442 486 3490 manare
497 3427 651 3510 pernitie·
674 3443 776 3506 quana
790 3429 928 3508 poenam
942 3426 1000 3509 qui
1014 3443 1081 3492 non
1104 3427 1287 3508 subivisset,
1303 3427 1359 3492 hc·
1443 3431 1457 3482 -'
1553 3457 1554 3518 3

68 3539 112 3586 uto
125 3527 263 3611 integrae
277 3527 390 3594 frontis
405 3530 581 3612 dicebatur,
607 3531 627 3596 l.
646 3532 694 3596 ta
708 3533 740 3596 ff.
757 3533 797 3596 de
813 3534 955 3615 testibus,
981 3535 1080 3598 irnrno
1102 3545 1134 3599 ct
1147 3537 1359 3602 calumniato-

68 3649 110 3694 res
122 3637 232 3702 eadem
247 3657 352 3722 poena
366 3639 598 3722 plectebantur,
613 3660 679 3722 qua
694 3651 864 3704 accusatos
878 3641 973 3726 plecti
991 3641 1272 3726 dMagistratibus
1287 3664 1358 3730 pos

67 3741 252 3828 urlaricsent,
278 3767 363 3830 quae
378 3749 506 3814 talionis
522 3767 627 3832 poena
640 3749 814 3833 dicebatur,
840 3752 860 3818 Ι.
878 3753 925 3816 10.
942 3753 1012 3816 cod.
1029 3753 1070 3817 de
1084 3755 1319 3839 calumniator,
1336 3757 1357 3822 l.

67 3851 193 3920 cltcod.
220 3856 261 3921 dc
277 3861 473 3924 accusation.
516 3861 629 3927 Meurrl
645 3868 710 3926 non
736 3865 832 3928 estin
860 3867 1041 3948 praesentia
1064 3868 1259 3953 investigare
1284 3870 1356 3953 qui·

67 3954 190 4026 busnam
206 3965 385 4047 specialiter
401 3967 526 4050 legibus
541 3968 626 4032 duae
642 3971 722 4034 istac
738 3991 859 4056 poenae
875 3974 1016 4039 indictae
1029 3976 1157 4062 luerint3
1173 3991 1231 4044 aut
1246 3991 1355 4046 utrum

65 4075 156 4144 &eque
170 4067 388 4154 infligerentur
414 4075 447 4138 in
462 4077 720 4160 calumniatores,
736 4081 792 4163 qui
807 4083 929 4147 scilicet
943 4084 1025 4167 odio,
1052 4087 1227 4169 inimicitia,
1243 4101 1301 4154 aut
1316 4091 1355 4155 si-

67 4169 298 4258 milidecausa,
325 4181 460 4254 crimina
474 4183 559 4250 salsa
583 4185 783 4269 detulissent,
809 4211 848 4254 ac
865 4192 897 4255 in
914 4203 1095 4274 moratores,
1122 4196 1178 4276 qui
1193 4195 1275 4260 intra
1298 4215 1354 4260 an·

67 4291 136 4344 llum
150 4303 210 4350 non
236 4290 415 4371 probabant
429 4279 564 4360 crimina
589 4296 688 4375 illata,
714 4299 793 4363 etin
810 4299 1011 4382 dessertorea
1035 4305 1090 4384 qni
1107 4303 1147 4365 tle
1170 4305 1354 4386 probatione

66 4389 194 4460 criminis
209 4398 414 4484 desperantes
439 4405 481 4472 ab
506 4409 712 4471 accusatione
737 4403 959 4492 persequenda
980 4411 1159 4476 cessabant
1204 4409 1354 4476 Tantum

67 4495 171 4586 dixero,
195 4515 337 4593 primunr
363 4531 502 4596 poenam
526 4513 689 4580 literarum
715 4517 749 4582 in
774 4516 876 4582 fronte
901 4520 1206 4586 conscribendarum
1231 4519 1354 4588 abusu
