3168 4982
139 391 183 438 Da
206 391 401 451 CONJUGHS,
426 391 557 440 QUIBUS
581 391 717 438 oua'rn't'
741 389 988 437 NECESSITUDO
1010 389 1279 436 cannamomum.
1333 363 1397 432 201

92 514 345 602 Jurisprudeneia
366 514 628 594 iocumhaberet,
645 513 763 577 sivein
788 513 1002 596 abrogatione,
1019 512 1088 576 sive
1110 511 1144 576 in
1166 509 1345 592 adoptione,
1363 518 1399 574 ut

97 637 218 705 vocant,
246 625 281 688 in
307 624 421 707 specie,
437 643 514 688 curn
539 623 616 686 olim
631 621 805 706 adoptatus
820 641 931 704 aeque,
947 641 986 684 ac
1001 623 1175 703 abrogatus
1190 621 1224 683 in
1239 619 1400 684 familiam

94 745 348 818 potestatemque
373 731 557 815 adoptantis
583 731 741 796 transiret.
786 731 907 796 Verum
932 749 1009 796 cum
1034 731 1241 796 Justiniantrs
1262 729 1297 792 in
1312 729 1332 791 l.
1349 729 1399 791 10.

94 843 159 907 cod.
176 841 217 904 de
243 841 405 924 adoption.
432 842 586 922 statuerit,
613 841 782 924 adoptatos
804 841 847 904 ab
867 841 1029 906 extraneis
1054 841 1089 903 in
1113 837 1281 918 familiam,
1297 849 1403 921 potes·

92 961 255 1033 tetemque
280 951 464 1034 adoptantis
479 951 613 1014 minime
639 951 780 1029 transire,
804 950 911 1013 sedin
936 951 1036 1032 patris
1051 949 1208 1014 naturalis
1233 958 1400 1031 potestate,

94 1079 131 1124 ac
146 1060 283 1144 ,familia
298 1067 493 1141 permanere,
520 1057 661 1122 dubitari
685 1059 797 1140 coepit,
824 1077 905 1124 num
925 1061 1057 1123 omnino
1082 1071 1192 1124 actum
1207 1063 1249 1122 sit
1272 1059 1312 1122 de
1327 1079 1401 1123 con-

92 1179 191 1256 tracta
205 1189 249 1232 ex
274 1159 377 1232 causa
390 1167 573 1262 adoptionis
598 1169 799 1248 cognatione,
814 1187 899 1248 quae
921 1185 1064 1248 eousque
1079 1167 1211 1248 nuptias
1225 1165 1401 1249 impedive-

93 1289 146 1344 rat
194 1279 269 1360 Ego
284 1287 370 1361 puto,
397 1279 431 1341 in
447 1278 606 1362 proposito
628 1277 741 1340 adhuc
760 1277 961 1358 cognationis
983 1278 1057 1359 jura
1082 1278 1266 1355 consistere,
1292 1275 1403 1357 qualia

93 1397 166 1452 aute
196 1387 437 1452 Justinianeam
465 1385 728 1449 constitutionem
757 1385 985 1466 consistebant;
1016 1387 1137 1450 etenim
1162 1387 1338 1469 Imperator
1367 1385 1403 1448 in

92 1495 182 1562 dieta
197 1496 218 1559 l.
237 1497 296 1577 10,
323 1515 524 1579 quamquam
539 1494 723 1574 decreverit,
751 1493 941 1577 adoptatum
958 1497 992 1560 in
1017 1497 1116 1578 patris
1141 1493 1266 1560 familia
1282 1498 1403 1560 itaben-

92 1607 170 1670 dum
186 1622 268 1685 esse,
292 1603 382 1667 etad
405 1601 587 1686 adoptantis
603 1601 763 1664 familiam
789 1621 854 1666 non
882 1605 1045 1685 pertinere,
1072 1603 1106 1666 id
1123 1613 1231 1668 tamen
1258 1605 1403 1669 sancien-

91 1713 171 1779 dum
185 1713 291 1776 voluit
316 1703 438 1774 'ratione
454 1710 678 1774 tantummodo
698 1711 810 1774 habita
826 1711 1083 1774 testamentariae
1098 1711 1321 1788 successionis,
1337 1727 1405 1791 qua

92 1817 189 1898 fieret,
205 1831 244 1882 ut
258 1825 279 1884 a
294 1818 435 1882 naturali
448 1830 538 1901 parte
554 1819 642 1881 filius
658 1819 692 1881 in
721 1817 928 1904 adoptionem
943 1819 1040 1882 datus
1055 1819 1218 1900 praeteriri
1233 1829 1404 1882 testamen-

89 1939 122 1992 to
136 1945 205 1991 non
221 1935 337 2011 posset,
365 1945 406 1990 ne
422 1928 449 1990 si
464 1925 543 1988 iorte
569 1929 611 1989 ab
626 1927 801 2009 adoptante
824 1931 1049 2012 emancipatus
1071 1939 1164 2008 esset,
1181 1942 1317 2010 utraque
1333 1947 1405 1992 suc-

3 2063 4 2096 1
89 2039 237 2102 cessione
252 2035 466 2100 frustraretur:
482 2055 521 2100 ea
535 2037 632 2100 etiam
648 2035 689 2105 tle
715 2057 817 2100 causa
832 2039 935 2101 noluit
961 2037 1170 2120 adoptantem
1186 2051 1311 2120 patrem
1326 2037 1405 2100 obli-

91 2148 168 2230 gari,
187 2155 224 2210 trt
239 2147 272 2210 in
299 2153 492 2207 testamento
506 2144 613 2208 filium
638 2147 831 2228 adoptivum
857 2145 1029 2209 haeredem
1054 2149 1235 2211 necessario
1260 2149 1406 2212 institue·

3 2335 4 2348 ἵ
90 2265 143 2319 ret
191 2254 470 2336 caeterumquod
496 2265 619 2338 spectat
634 2256 773 2337 reliquos
799 2253 1011 2337 adoptionum
1030 2235 1175 2335 effectus,
1201 2275 1243 2320 ne
1269 2258 1406 2323 verbum

89 2365 225 2447 quidem
252 2365 287 2427 in
302 2363 390 2426 diota
405 2364 424 2426 l.
451 2365 498 2427 10.
525 2365 673 2446 habetur;
698 2365 909 2446 quamobrem
933 2365 1115 2430 verosimile
1142 2367 1321 2430 admodum
1347 2377 1405 2448 est,

90 2473 240 2554 ieapectu
263 2469 393 2534 illorum
419 2481 527 2534 vetera
552 2472 662 2536 adhuc
683 2469 757 2556 jura
787 2493 882 2537 snam
912 2473 1099 2539 firmitatem
1128 2475 1255 2540 habere.
1300 2475 1406 2546 Quid-

89 2578 170 2662 quid
185 2579 276 2643 enim
300 2579 506 2644 Justinianus
521 2579 609 2644 idem
635 2581 668 2644 in
684 2581 798 2646 eadem
825 2583 896 2664 ipsa
911 2582 931 2645 l.
955 2585 999 2646 to.
1025 2583 1215 2666 adoptivum
1232 2586 1337 2650 filiurn
1352 2605 1406 2650 vo

2 2717 3 2782 ,
91 2689 151 2754 luit
165 2687 211 2751 ad
234 2689 322 2752 bona
337 2689 478 2752 intestati
504 2691 604 2771 patris
619 2689 804 2772 adoptantis
830 2709 924 2773 posse
947 2693 1120 2773 pervenire,
1147 2695 1168 2758 i.
1186 2691 1232 2754 lt
1246 2691 1406 2773 quidquid

2 2785 3 2818 i
90 2795 163 2866 ini.
180 2797 210 2859 2.
238 2798 388 2860 meminit
402 2797 678 2880 emancipationis
706 2816 876 2881 perquam
903 2800 1085 2883 adoptionis
1106 2789 1277 2866 vinculum
1293 2801 1407 2866 dissci-

89 2917 195 2988 vatur,
212 2906 278 2969 nisi
293 2903 403 2970 adhuc
428 2907 606 2989 Imperator
633 2907 795 2986 voluisset,
823 2909 994 2973 vinculum
1009 2909 1175 2992 quoddam
1201 2911 1405 2995 cognationis

2 2999 3 3048 3
89 3015 133 3081 er'r
146 3013 325 3099 adoptione
350 3013 496 3078 soboririi
539 3015 600 3080 His
615 3013 748 3096 aceedit,
775 3017 1008 3097 Justinianurn,
1024 3017 1081 3100 qui
1106 3031 1178 3102 post
1192 3037 1264 3082 eam
1285 3017 1407 3083 editam

2 3203 3 3210 ἵ
90 3123 197 3208 iagam
223 3124 444 3188 institutiones
469 3123 680 3203 elucubravit,
697 3125 730 3190 in
756 3125 842 3189 dicto
859 3129 880 3194 i.
896 3127 936 3207 2,
963 3139 995 3191 et
1019 3127 1048 3191 3.
1065 3129 1163 3192 instit.
1190 3129 1231 3192 de
1245 3141 1337 3212 nupt.
1354 3149 1407 3214 ge·

2 3239 3 3268 ¹
90 3234 244 3300 uaraliter
266 3233 446 3320 tradidisse,
472 3234 555 3298 inter
569 3233 786 3318 adoptantem,
814 3247 846 3298 et
871 3233 1067 3318 adoptatam,
1094 3236 1172 3300 item
1187 3235 1270 3299 iuter
1294 3235 1406 3300 fratrea

2 3391 3 3402 .
91 3341 265 3427 adoptivam
289 3343 442 3426 conjugia
456 3341 529 3404 iniri
554 3361 621 3404 uon
643 3361 746 3424 possa.
790 3343 866 3406 Non
881 3355 930 3407 est
952 3353 1064 3406 autem
1089 3341 1281 3422 verosimile,
1307 3361 1406 3408 usum

91 3449 185 3516 iliam
201 3447 304 3512 fuisse
319 3448 461 3530 generali
485 3447 668 3531 adoptionis
682 3450 822 3529 nomine,
839 3450 867 3514 si
893 3449 1036 3512 iudicare
1051 3449 1216 3529 voluisset,
1232 3450 1336 3514 solam
1351 3451 1405 3515 aie

92 3559 303 3644 rogationem,
320 3573 385 3620 non
400 3557 606 3641 adoptionem
632 3557 864 3642 impedimento
878 3559 1002 3641 nuptiis
1014 3577 1095 3622 esse.
1139 3560 1258 3624 Fateor
1271 3561 1406 3642 quidem

92 3679 164 3758 post
187 3665 430 3735 Justinian'earn
456 3669 718 3732 constitutionem
743 3669 874 3732 nuiiurn
899 3687 971 3732 esse
992 3668 1133 3750 amplius
1147 3669 1257 3734 iocum
1283 3672 1405 3754 patriae

92 3783 242 3868 potestati
267 3780 301 3844 in
316 3779 501 3863 adoptante:
526 3790 560 3844 at
583 3799 648 3844 uon
663 3799 705 3844 ex
732 3799 800 3844 una
814 3781 918 3863 patria
943 3789 1100 3864 potestate
1125 3781 1229 3845 ciriiis
1253 3782 1405 3864 cognatio

93 3889 263 3974 pendebat,
279 3885 336 3952 sed
352 3887 459 3971 potins
473 3907 517 3952 ex
530 3897 665 3970 paterna
679 3885 868 3969 adfectione,
893 3899 1085 3972 argumento
1100 3889 1121 3954 l.
1136 3891 1187 3954 26.
1204 3891 1238 3954 iu
1253 3891 1318 3955 fine
1333 3889 1403 3954 eod.

94 3997 133 4064 de
146 3997 282 4083 nuptiis.

2 4171 3 4194 ,
133 4111 195 4176 His
223 4107 414 4192 ganeraiiter
427 4109 547 4192 positis,
573 4107 685 4191 quaeri
701 4109 790 4188 solet,
817 4105 861 4172 ad
875 4127 958 4192 quas
974 4125 1136 4192 personas,
1156 4119 1188 4172 et
1202 4127 1283 4191 quos
1298 4125 1403 4190 usque

2 4259 3 4262 =
96 4219 137 4284 ad
161 4217 287 4303 gradus
301 4218 384 4282 haec
408 4217 522 4299 legalia
547 4217 697 4300 cognatio
720 4215 883 4282 referatur.
927 4217 1018 4282 Nihil
1044 4220 1078 4282 in
1093 4219 1156 4282 hac
1177 4237 1211 4282 re
1226 4217 1403 4282 recentiori·

2 4311 3 4334 ³
94 4331 154 4396 bus
178 4329 407 4395 ecciesiasticis
421 4327 704 4394 adnatitutionibus
729 4329 922 4396 innovatum
937 4341 994 4410 est,
1020 4329 1218 4412 proindeque
1236 4327 1330 4390 firma
1345 4326 1403 4390 ad-

96 4435 159 4504 huc
173 4445 310 4504 manent
334 4437 449 4502 veteris
458 4437 541 4522 juris
565 4437 707 4504 Romani
721 4437 887 4523 principia,
911 4457 955 4589 οὗ
968 4439 1089 4588 quibffi
1109 4437 1280 4589 tte2dSucitur
1295 4437 1402 4521 impri

958 4543 1015 4588 ou.
1091 4561 1141 4587 .-
1186 4568 1194 4585 .
