3276 4984
201 359 244 427 to
535 379 780 452 maturares
801 383 976 446 assuunt,
998 383 1076 430 car.
1098 363 1159 430 Ill.

199 502 287 570 ditae
312 517 544 590 mpponanmr,
560 507 617 589 qui
641 507 715 570 vult
728 513 748 572 e
762 505 840 570 date
863 505 930 572 fide
944 506 1099 586 recedere,
1123 505 1204 570 nibil
1219 504 1361 591 amplius
1375 505 1510 572 truditu-

200 633 257 681 rus
271 629 328 697 est,
350 597 479 682 tentum
493 618 583 702 quod
608 617 747 694 tradidit,
762 637 827 682 non
843 619 1044 702 repetiturum
1062 618 1229 682 lubentius
1240 631 1360 699 autem,
1375 631 1435 684 aut
1447 621 1508 684 rni-

199 743 263 790 uue
277 745 374 808 aegre
397 728 472 810 quie
485 728 661 794 abstinete
684 725 864 809 repetendo,
886 747 987 809 quam
1010 729 1164 792 invitetur
1177 727 1220 791 ed
1242 728 1400 794 dandum.
1420 741 1426 750 '
1444 730 1507 794 Ne·

200 848 265 912 que
278 831 342 894 iste
356 833 464 916 opinio
478 835 559 898 milri
584 836 663 898 setis
679 835 791 918 placet,
807 835 888 900 dum
902 837 1133 917 animadverto,
1154 835 1263 900 adbuc
1278 857 1351 902 eam
1367 837 1508 902 incidere

200 937 235 1008 in
250 939 482 1021 difficultatem,
506 943 774 1026 quotiescumque
799 945 1039 1008 consideremus
1066 963 1236 1027 personam
1265 944 1362 1024 illius,
1387 945 1445 1027 qui
1459 963 1509 1008 cr·

200 1047 277 1114 rhus
292 1052 426 1134 acceplt3
454 1070 531 1116 curn
546 1053 633 1116 enim
659 1053 718 1116 iste
732 1052 879 1136 duplum,
895 1053 1073 1134 aliquando
1097 1053 1195 1116 etiam
1209 1052 1432 1137 quadruplum
1446 1052 1510 1116 sol·

200 1175 275 1222 vere
290 1169 444 1238 teneatur,
471 1180 536 1225 non
551 1161 657 1244 magis
673 1161 751 1225 liber
776 1181 847 1226 esse
863 1163 1058 1244 inlelligitur,
1084 1164 1227 1244 quamsi
1242 1183 1278 1226 se
1300 1177 1419 1226 certmn
1437 1181 1508 1246 poe·

200 1283 278 1328 narn
304 1267 486 1332 soluturum
512 1271 717 1350 promisisset
759 1269 824 1332 Alii
840 1270 1047 1348 tradiderunt,
1069 1289 1118 1350 ea,
1141 1289 1228 1352 quae
1242 1271 1284 1334 de
1299 1271 1402 1334 arrhis
1416 1271 1509 1336 arnit-

200 1374 315 1455 tendis,
331 1375 383 1438 vel
399 1375 439 1440 de
464 1376 565 1459 duplo
579 1376 775 1442 restituendo
800 1379 953 1458 obtinent,
969 1379 1074 1462 alege
1089 1391 1211 1442 statute
1231 1399 1382 1461 exprene
1396 1379 1506 1459 fuisse,

200 1503 339 1567 poenam
354 1505 430 1550 vero
444 1493 465 1551 a
478 1487 692 1550 conventione
714 1487 856 1551 hominis
871 1487 1018 1570 pendere
1044 1488 1148 1552 multa
1169 1500 1280 1554 autem
1304 1489 1384 1570 legis
1400 1500 1508 1552 aueto-

200 1593 293 1659 ritate
308 1593 384 1672 lieri,
408 1613 492 1676 quae
507 1595 633 1677 privata
653 1595 824 1661 hominurn
850 1595 997 1678 pactione
1021 1595 1132 1664 induci
1156 1607 1330 1678 nequeunt.
1374 1597 1413 1660 ld
1428 1615 1508 1663 eane

200 1699 407 1764 verissimum
421 1711 478 1780 est,
494 1703 550 1764 sed
567 1700 714 1766 nondum
737 1702 917 1783 propositae
939 1701 1181 1782 investigationi
1196 1701 1234 1766 fit
1248 1703 1335 1782 satis,
1350 1704 1517 1785 quoniam·

200 1807 318 1872 exinde
334 1819 462 1874 tantum
489 1809 709 1892 intelligimus,
725 1811 838 1874 arrhas
863 1810 928 1892 legi
949 1811 1097 1892 permitti,
1123 1829 1189 1874 non
1204 1831 1334 1894 poenes,
1362 1811 1510 1882 noudum

200 1932 275 1978 vero
300 1935 437 1980 causern
460 1919 646 2001 accipimus,
662 1935 761 2000 querc
787 1918 873 2002 leges
894 1920 994 2000 ipsae,
1015 1919 1103 2000 quod
1118 1919 1158 1984 de
1185 1939 1289 2002 poena
1310 1921 1508 1986 servendum

200 2046 270 2092 esse
287 2027 465 2107 voluerunt,
489 2029 531 2094 ed
547 2029 660 2092 arrhas
684 2029 811 2110 private
825 2031 922 2096 etiarn
946 2031 1157 2094 consensione
1183 2033 1286 2112 dates,
1302 2043 1334 2096 et
1358 2045 1509 2117 aceeptus

200 2153 267 2200 non
289 2135 500 2200 extenderint.
545 2136 618 2218 Ego
633 2147 720 2220 puto,
736 2147 840 2202 toturn
864 2137 926 2203 boo
942 2140 1115 2206 discrimen
1141 2161 1183 2206 ex
1198 2143 1276 2224 ipsis
1297 2144 1379 2226 juris
1394 2143 1509 2226 princi·

200 2247 262 2330 piie
276 2247 372 2312 facile
386 2247 485 2329 repeti
499 2265 603 2328 possm
620 2247 741 2329 quippe
755 2265 852 2312 nemo
867 2248 1000 2330 ignoret,
1015 2267 1154 2330 poenam
1169 2249 1420 2331 obligationibus
1433 2247 1511 2314 teeti

200 2357 369 2441 adjectam,
385 2357 458 2422 ideo
472 2358 631 2441 adjectam
646 2357 836 2440 generaliter
851 2360 981 2438 sennen,
999 2363 1127 2444 atejus,
1142 2361 1230 2442 quod
1245 2372 1384 2440 interest,
1400 2360 1509 2426 locum

201 2479 317 2549 teneat,
344 2479 535 2554 argumento
550 2468 570 2531 l.
585 2467 637 2532 68.
653 2479 685 2532 et
707 2469 758 2532 ta
774 2467 805 2532 ff.
822 2470 863 2532 de
877 2471 999 2534 verbor.
1025 2471 1131 2556 oblig,
1150 2473 1168 2535 l.
1187 2471 1236 2534 13.
1261 2475 1282 2539 l.
1299 2472 1356 2536 ult
1371 2471 1404 2536 ff.
1420 2471 1461 2535 de
1476 2491 1510 2536 uc

178 2589 180 2594 ’
196 2575 354 2660 judicata,
370 2595 448 2640 curu
460 2576 559 2654 enim,
585 2575 673 2656 quod
688 2576 827 2656 interest,
843 2577 1003 2644 incertum
1018 2578 1082 2644 fere
1097 2581 1147 2659 eit,
1163 2591 1195 2642 et
1210 2579 1377 2646 difficilem
1390 2582 1512 2646 habeut

200 2690 429 2774 probationem,
444 2707 501 2771 per
524 2686 737 2770 adjectionem
750 2697 857 2752 certae
881 2707 1004 2771 poenrm
1025 2689 1269 2772 quodammodo
1292 2690 1454 2774 delinitur,
1470 2710 1511 2756 ac

198 2802 440 2882 detenninmnr,
466 2799 562 2869 tull.
588 2799 686 2863 instit.
701 2797 743 2862 de
766 2801 887 2864 verbor.
911 2801 1044 2884 obliget.
1086 2801 1192 2866 Nemo
1216 2802 1348 2885 insuper
1373 2803 1509 2885 ignorat,

199 2909 431 2990 obligationem
452 2907 669 2972 contrahendi
690 2909 832 2993 conjugii
847 2920 883 2974 tu
907 2909 1031 2976 factum
1057 2909 1202 2974 conferri
1245 2912 1336 2994 Ergo
1350 2911 1438 2976 idem
1451 2913 1512 2978 erit

199 3025 322 3080 πήδη]
336 3032 476 3097 pecuum
497 3015 644 3098 adjicere,
659 3034 698 3078 ae
713 3016 797 3080 uelle
811 3036 869 3100 per
893 3037 967 3082 eam
988 3019 1202 3083 determinare
1224 3021 1303 3102 ejus,
1318 3020 1405 3102 quod
1431 3023 1512 3086 inte

200 3136 275 3202 rest,
290 3124 558 3192 incertitudinem.
602 3125 713 3208 Atqui,
725 3125 773 3188 uti
787 3127 937 3209 superius
952 3126 1106 3192 traditum
1124 3139 1182 3207 est,
1197 3129 1386 3194 indecorum
1398 3132 1511 3198 risum

200 3233 271 3313 fuit,
286 3234 320 3298 in
342 3232 544 3317 sponsalium
558 3233 790 3317 obligationem
812 3235 922 3298 uenire
945 3236 1025 3317 quid
1050 3236 1190 3320 interest
1206 3237 1304 3320 igitur
1317 3255 1440 3321 poenae
1455 3239 1513 3304 ed·

195 3343 378 3428 jaeuonmn,
405 3361 490 3424 quae
515 3344 595 3426 ejus,
620 3341 709 3424 quod
732 3343 872 3423 interest,
897 3344 1004 3408 ricem
1025 3345 1152 3427 lrabeat,
1176 3345 1246 3412 fieri
1270 3349 1511 3430 improbabitur.

201 3453 396 3523 Quaerens
410 3451 491 3514 ratio
506 3469 584 3519 cum
607 3452 642 3515 iu
657 3451 762 3530 arrha,
778 3461 835 3514 eut
850 3451 958 3534 duplo,
974 3451 1026 3518 vel
1047 3453 1232 3536 quadruplo
1245 3453 1381 3518 minime
1394 3454 1513 3535 vigeat,

201 3564 249 3630 rril
261 3565 380 3628 mirum
394 3583 465 3627 ease
480 3563 582 3638 debet,
599 3563 626 3626 si
644 3537 861 3646 prohibendae
875 3562 994 3628 iruerint
1018 3564 1282 3630 conventionales
1297 3582 1430 3646 poenae,
1444 3581 1513 3630 uon

200 3671 393 3739 econtrario
409 3671 533 3748 arrhae,
549 3681 581 3734 et
593 3670 696 3754 dupli,
711 3671 763 3734 vel
777 3671 950 3754 quadrupli
967 3675 1198 3754 praestationes
1212 3673 1412 3756 rejiciendae

243 3781 359 3861 Itaque
372 3797 449 3844 eum
463 3798 586 3862 poenae
601 3778 735 3862 adjectio
751 3781 822 3843 visa
835 3779 931 3844 inerit
946 3779 1175 3862 quoquomodo
1197 3782 1391 3846 imminuere
1404 3781 1515 3866 conju·

200 3889 246 3974 gli
261 3889 449 3968 libertatern,
476 3907 543 3952 non
557 3887 665 3950 solum
690 3888 928 3970 improbabitur,
945 3891 973 3952 si
999 3909 1104 3973 poene
1118 3895 1139 3954 a
1154 3890 1283 3972 sponsis
1296 3890 1375 3972 ipsis
1390 3887 1516 3956 luenda

200 3997 378 4084 adjiciatur,
393 4017 510 4060 verum
523 3997 622 4060 miani
637 3997 664 4061 si
679 3997 800 4061 luenda
815 3997 983 4082 adjiciatur
1000 4000 1047 4064 ‘ab
1061 3997 1143 4076 aliis,
1159 3999 1216 4080 qni
1232 4009 1340 4062 tameo
1356 4009 1445 4064 arcta
1458 4016 1516 4064 no·

200 4105 399 4174 cessitudlne
412 4127 490 4172 cum
515 4107 643 4189 sponsis
658 4107 737 4188 ipsis
755 4109 948 4191 junguntur,
965 4108 1119 4172 nimirum
1140 4108 1268 4190 quoties
1280 4109 1404 4190 grauis
1419 4107 1518 4170 subo·

199 4221 255 4286 riri
269 4220 411 4303 suspicio
436 4229 547 4302 potest,
564 4227 600 4282 ut
614 4217 724 4301 spousi
740 4217 811 4281 ideo
834 4218 1033 4282 inducentur
1047 4219 1088 4282 etl
1114 4219 1311 4302 conjttgium,
1342 4213 1431 4302 q'uod
1445 4217 1515 4282 siut

199 4347 243 4392 ex
258 4326 397 4392 neutrali
413 4326 447 4388 vi
471 4325 650 4390 voluntatis
662 4327 796 4411 impulsi
820 4325 863 4389 ad
878 4324 1182 4402 liberandorum,
1208 4327 1264 4406 qui
1278 4326 1517 4408 obstringuitor

205 4453 319 4523 poena.
353 4435 448 4512 ‚llice
462 4435 641 4520 deducitur,
656 4453 801 4522 poenam
811 4435 858 4500 ite
870 4433 1042 4518 adjmtam,
1054 4445 1092 4498 ut
1100 4433 1223 4500 luenda
1234 4437 1279 4502 sit
1287 4442 1312 4503 t
1320 4449 1518 4520 sponsorum
