3276 4984
189 397 233 464 20
642 411 885 462 nrssssrarrc
906 413 1034 461 sarna.

190 547 274 617 rttnt,
300 535 333 600 io
349 533 496 600 divinam
510 533 741 617 benignitatem
757 535 906 620 injuriam
928 534 1042 602 inferre
1056 533 1172 616 conati,
1197 536 1253 620 qui
1267 535 1428 602 solemnes
1442 537 1489 623 ip·

190 663 253 723 sas,
269 655 301 707 et
314 643 530 708 ecclesiastico
544 643 606 706 ruti
620 641 796 705 celebratas
810 641 941 724 nuptias
955 649 974 706 e
989 642 1269 707 Sacramentorum
1284 661 1418 708 numero
1432 663 1488 709 ex·

190 751 382 836 pungendae
397 752 555 830 dixerunt,
582 750 672 832 digni
687 761 860 834 propterea,
874 770 956 834 quos
970 751 1177 816 anathemate
1191 751 1361 817 damnaret
1374 753 1488 818 Eccle-

191 869 240 932 sia
254 869 288 932 in
304 867 449 932 Concilio
463 863 657 930 Tridentino
672 885 748 927 sess.
764 867 794 928 7.
809 883 881 928 can.
895 867 932 945 1.,
947 875 978 928 et
993 885 1073 929 sess.
1086 866 1136 929 24.
1147 865 1188 928 de
1199 867 1408 931 Sacramento
1419 887 1487 931 ma·

190 981 329 1045 trimonii
345 999 415 1061 cap.
433 980 469 1058 1,
485 997 565 1060 quos
580 977 678 1040 etiam
692 977 769 1040 olim
783 988 815 1039 et
830 977 995 1059 antiquius
1009 977 1262 1058 damnavissent,
1288 978 1317 1042 si
1330 977 1487 1061 antiquio

189 1090 279 1153 ribus
294 1087 431 1152 saeculis
455 1085 655 1168 prodiissent.
698 1085 785 1149 Sane
802 1085 1000 1168 quicumque
1021 1085 1197 1169 perpendat
1221 1085 1254 1150 in
1271 1085 1335 1150 ltac
1360 1107 1392 1150 ro
1407 1106 1488 1151 :rna-

190 1196 311 1260 nimem
326 1194 495 1257 universae
510 1193 677 1256 Ecclesiae
692 1211 749 1256 seu
764 1193 909 1274 Latinae,
925 1213 983 1258 seu
994 1194 1137 1258 Graecae
1147 1195 1402 1278 consensionem
1418 1195 1488 1279 qtti·

190 1326 330 1388 cumque
345 1315 505 1389 praeterea
530 1305 677 1388 respiciat
692 1305 733 1368 ad
753 1316 938 1388 perpetuam
962 1304 1250 1371 ecclesiasticorum
1275 1307 1409 1372 Petrum
1425 1319 1488 1372 tra·

191 1415 354 1493 ditionem,
381 1415 433 1478 cni
444 1416 624 1498 jungentur
646 1414 846 1496 apertissima
861 1415 1089 1499 scripturarum
1113 1437 1276 1482 sacrarum
1291 1419 1485 1498 testimonia,

190 1545 256 1590 non
271 1527 384 1609 poterit
408 1545 473 1591 non
488 1544 663 1610 agnoscere
678 1527 709 1588 in
726 1525 847 1608 nuptiis
863 1543 975 1588 verum
999 1526 1181 1590 institutum
1196 1534 1216 1593 e
1232 1529 1360 1593 Christo
1374 1529 1487 1594 Domi·

190 1651 233 1697 rto
248 1633 502 1696 Sacramentum.
546 1634 619 1715 lpse
628 1633 696 1716 jam
712 1631 943 1696 sanctissimus
958 1633 1112 1697 Gerttium
1128 1635 1309 1716 Apostolus
1332 1635 1376 1699 uti
1393 1655 1486 1720 supc-

191 1744 257 1807 rius
282 1741 434 1806 traditum
459 1753 515 1819 est,
541 1741 728 1824 conjugium
753 1740 927 1822 appellarit
955 1741 1086 1805 nomine
1111 1742 1323 1809 decrementi
1349 1747 1484 1829 magni:

190 1851 306 1915 deinde
321 1851 431 1916 Sancti
457 1851 612 1928 Petraei
634 1849 861 1912 vetustissimis
884 1849 962 1930 ipsis
987 1849 1190 1928 exordiendo,
1218 1848 1304 1912 idem
1319 1852 1485 1934 perspicue

190 1963 398 2028 tradiderunt.
441 1963 564 2045 Martyr
589 1961 745 2044 Ignatius,
769 1961 825 2041 qui
840 1970 977 2022 aetatem
991 1959 1056 2023 sere
1079 1959 1184 2042 attigit
1197 1961 1425 2042 Apostolicam,
1450 1963 1485 2026 in

188 2073 277 2154 epist.
294 2070 336 2132 ad
359 2069 575 2152 Polycarpum
590 2069 634 2130 ita
649 2067 813 2130 scribebat:
837 2067 946 2144 Decet,
972 2075 1010 2130 at
1023 2069 1145 2149 sponsi,
1160 2076 1190 2130 et
1204 2089 1344 2152 sponsae
1358 2069 1398 2132 de
1412 2088 1484 2132 sen·

190 2183 294 2247 teretia
309 2181 471 2264 Episcopi
493 2179 687 2263 conjugium
698 2177 836 2256 saciant,
863 2197 925 2261 quo
939 2177 1077 2259 atriplice
1090 2176 1158 2238 sint
1174 2175 1355 2238 sectandum
1369 2173 1485 2238 Domi·

189 2313 279 2368 ntem,
306 2301 336 2355 et
350 2313 416 2356 non
437 2290 618 2354 sanandam
643 2287 867 2372 cupiditatem.
913 2283 956 2347 Et
980 2283 1109 2346 ibidem:
1135 2283 1248 2348 Nubat
1271 2285 1309 2348 in
1332 2284 1486 2348 Ecclesia

191 2402 405 2466 benedictione
420 2399 588 2464 Ecclesiae
614 2419 653 2460 aa
669 2397 808 2460 Darniai
819 2403 1002 2480 praecepto.
1045 2395 1089 2458 Et
1106 2413 1243 2458 rursum:
1274 2396 1422 2460 Tametsi
1435 2417 1485 2460 ae-

191 2510 253 2572 teri
268 2508 339 2590 lege
361 2508 612 2570 naatrimouium
626 2505 692 2568 solo
714 2505 976 2569 contrahentium
990 2513 1272 2568 emensurarent
1286 2507 1483 2585 consisteret,

193 2617 407 2682 Christianae
430 2616 648 2680 nibilominus
672 2615 762 2696 leges
796 2612 1039 2676 sacerdotalem
1062 2615 1313 2679 benedictiorem
1335 2616 1484 2680 adbiberi

192 2725 270 2790 adea
285 2726 440 2808 religiose
453 2727 644 2800 sancctum,
669 2729 707 2784 at
721 2739 794 2782 eam
808 2728 925 2782 temere
935 2721 1204 2803 praetermittere,
1227 2722 1353 2804 primis
1373 2719 1482 2786 Cirris·

190 2832 294 2894 tionis
300 2832 476 2916 piaculum
490 2833 663 2907 videretur,
676 2829 879 2913 occultasque
894 2829 1033 2914 nuptias
1046 2835 1249 2913 reputarent,
1264 2833 1383 2916 quibus
1404 2833 1485 2896 iaec

188 2947 320 3022 praeter
335 2937 477 3002 Domini
489 2939 825 3022 praeceptamsorma
839 2937 971 3002 deesset.
1015 2937 1165 3001 Clemens
1180 2937 1420 3002 Alexandrinus
1435 2959 1485 3004 se-

189 3043 288 3106 cundi
311 3045 432 3110 saeculi
456 3045 588 3127 scriptor
613 3046 759 3108 meminit
784 3065 901 3110 manus
926 3047 1146 3129 impositionis,
1171 3055 1289 3128 quaes
1312 3049 1484 3116 Sacerdote

189 3173 326 3237 sponsae
341 3153 546 3218 benedicturo
572 3153 675 3234 fiebat,
700 3155 732 3218 in
751 3154 816 3218 libr.
833 3155 863 3218 3.
884 3155 1082 3220 Stromatum
1098 3153 1332 3236 reprehendens
1347 3173 1484 3237 sponsas

190 3267 328 3331 nimium
354 3277 482 3330 ornatas
508 3268 550 3330 ad
574 3266 758 3330 Ecclesiam
781 3266 977 3344 accedentes,
1003 3266 1056 3330 ibi:
1083 3264 1312 3331 Unimanum
1337 3269 1483 3352 imponet

192 3375 387 3458 Presbyter?
434 3376 500 3440 Cui
514 3377 690 3440 benedicet?
734 3373 826 3440 Nam
840 3375 974 3440 mulieri
988 3374 1155 3459 (nimirum
1169 3375 1316 3460 ntrbenti)
1331 3397 1416 3462 qaae
1435 3385 1484 3441 est

192 3491 318 3562 cretata,
343 3484 401 3548 sed
414 3485 533 3548 alienis
554 3485 693 3570 capillis,
718 3493 748 3548 et
759 3505 818 3569 per
841 3485 991 3548 illosalii
1015 3485 1135 3569 capitii
1178 3483 1389 3549 Tertulianus
1413 3486 1481 3552 libr.

190 3589 220 3650 2.
235 3589 279 3653 ad
293 3609 427 3656 uxorem
441 3611 509 3674 cap.
537 3592 593 3655 ult.
609 3596 654 3656 ita
668 3591 784 3654 scribit:
815 3591 907 3655 Unde
929 3591 1093 3676 sufficiant
1107 3591 1152 3655 ad
1173 3593 1484 3678 mmandamfeii·

190 3695 322 3762 armam
335 3700 406 3784 ιζίιω
429 3699 643 3776 matrimonii,
665 3700 751 3784 parad
766 3699 917 3764 Ecclesia
941 3702 1099 3781 amaritiat,
1124 3709 1155 3764 et
1169 3700 1340 3784 confirmat
1354 3703 1481 3785 ablatio,

191 3823 222 3880 et
236 3817 390 3897 obsignat
404 3811 586 3890 benedictio,
603 3811 726 3893 Angeli
740 3809 941 3889 ressontium,
953 3819 983 3873 et
998 3809 1105 3874 Pater
1115 3818 1228 3874 ratum
1241 3809 1344 3874 liniret.
1388 3809 1482 3892 Epis·

191 3931 261 4000 copi
277 3925 413 3991 concilii
438 3921 688 3988 Mediolanensis
701 3919 762 3982 sub
776 3919 874 3982 linem
896 3918 1002 4000 quarti
1016 3917 1137 3982 saeculi
1153 3919 1186 3980 in
1201 3917 1335 4000 epistola
1349 3916 1390 3979 ad
1406 3919 1486 3984 siri-

193 4049 278 4114 ciam
296 4049 456 4125 rrrqtuont:
479 4039 553 4098 lton
566 4051 739 4116 negamus,
754 4030 995 4115 candificanda
1018 4037 1123 4093 esraa
1141 4027 1275 4094 Clarum
1286 4030 1481 4114 conjuginm

190 4171 307 4226 arctoa
326 4151 443 4238 gratia
460 4132 658 4230 fundatam.
701 4139 792 4202 Idem
817 4139 949 4204 Siricius
974 4138 1064 4221 Papa
1086 4137 1118 4200 in
1145 4155 1216 4199 can.
1240 4137 1292 4200 tu.
1315 4155 1404 4202 caus.
1427 4141 1480 4204 27.

190 4259 350 4355 quaestu
382 4250 645 4322 commemoravit
670 4247 929 4328 benedictionem,
954 4265 1053 4330 quam
1068 4257 1227 4328 nupturae
1251 4245 1407 4310 Sacerdos
1422 4249 1482 4311 im-

188 4376 334 4465 ponebat,
355 4381 517 4452 quamquo
542 4359 661 4424 violare
686 4357 786 4420 instar
810 4366 894 4419 esset
915 4354 1081 4438 sacrilegii.
1123 4353 1231 4438 Jurrge
1255 4373 1411 4419 canonem
1427 4353 1479 4419 33.

181 4487 255 4558 dna
270 4484 331 4566 23,
370 4493 430 4542 sau
441 4487 600 4538 canonem
613 4467 644 4533 i.
668 4483 757 4533 caue
770 4463 822 4530 30.
840 4475 964 4548 quaeat
978 4467 1018 4547 t,
1040 4465 1096 4549 qui
1110 4465 1244 4549 pertinet
1258 4463 1300 4530 ad
1315 4463 1483 4552 Carthagi·
