3274 4974
205 369 268 438 466
416 391 693 456 cassescerent,
721 392 1131 458 nissae-ramosarum,
1156 397 1234 444 cte.
1259 377 1297 442 V.

203 527 264 595 tur,
279 514 394 580 divina
408 515 514 582 officia
529 516 769 610 celebraverint,
785 537 850 584 non
867 539 1030 590 recocunt
1044 521 1135 586 alteri
1147 540 1285 588 censura
1303 523 1474 591 noraaats

204 629 329 694 branila
346 628 583 710 mandamina
599 649 802 714 quamquam
817 633 905 698 enim
921 635 1024 716 etqui
1041 635 1185 714 rnandat,
1212 655 1286 700 rcus
1298 637 1428 700 criraiais
1443 638 1478 700 sit

205 723 237 803 et
252 757 356 822 poena
371 741 578 820 coercendus,
595 743 719 808 satiatio
734 755 852 808 tamon
863 747 945 830 juris
961 761 1099 828 postiam
1124 748 1362 830 irregularitatis
1380 749 1480 812 indixit

204 850 244 914 iis
260 861 397 928 tautum,
412 851 469 932 qul
486 854 757 935 praesumpserint
771 854 933 920 celebrare
946 854 1059 918 divina
1073 853 1189 935 officie,
1208 858 1257 920 uel
1273 875 1308 920 se
1321 856 1479 920 celeuma·

117 1033 121 1040 ,
203 962 237 1029 ni
262 964 453 1048 ingesserint
477 962 673 1038 divinorum,
700 981 770 1048 cap.
797 968 826 1030 ὅ.
854 966 887 1029 iu
915 964 981 1033 fine
1006 965 1047 1028 tle
1074 967 1157 1030 Oiai.
1183 985 1340 1033 excomm.
1366 969 1479 1033 ministr.

113 1108 116 1114 Δ
202 1072 340 1149 (triario,
365 1071 532 1155 generales
555 1091 723 1136 canonum
737 1075 930 1152 sanctiones,
956 1077 1077 1157 quibus
1091 1080 1251 1140 adversus
1268 1077 1479 1142 curiarum

202 1186 420 1269 irregularitas
446 1185 599 1248 iudicitur
624 1186 657 1250 iu
694 1197 760 1248 toto
787 1186 890 1250 titdc
911 1188 999 1252 Cier.
1022 1207 1183 1252 excomm.
1209 1189 1296 1268 min,
1315 1188 1481 1252 uobieiuti·

202 1305 315 1372 nuent,
332 1293 597 1375 irregularitatem
614 1311 678 1356 acu
696 1293 801 1356 solutu
818 1293 951 1358 clericis
967 1295 1144 1377 majoribus
1168 1293 1348 1373 imminent,
1361 1293 1482 1358 drrmcr·
1588 1346 1589 1360 ,

202 1401 497 1487 diuessrrogradui
513 1403 742 1468 convenientes
767 1415 925 1482 exercent,
952 1401 1009 1466 sati
1034 1403 1133 1466 etlam
1157 1404 1293 1468 clericis
1317 1401 1481 1479 musana

203 1517 261 1600 qui
287 1514 399 1578 ordine
424 1531 486 1578 suo
514 1523 657 1575 tutantur.
701 1511 838 1592 Quinto,
863 1523 988 1576 certum
1013 1523 1070 1590 est,
1099 1513 1308 1578 violationem
1329 1511 1483 1578 soiius-ex·

201 1621 505 1688 communicationis
521 1619 699 1684 minoribus
725 1620 958 1700 riou-indicere
984 1621 1260 1702 irregularitatem,
1284 1639 1358 1704 esp.
1384 1621 1430 1683 16.
1450 1617 1485 1682 de
1589 1661 1590 1664 =

202 1731 285 1800 Cler.
310 1753 470 1800 excomm.
497 1733 631 1796 ministr.
676 1731 786 1812 Sento,
809 1730 837 1793 si
858 1727 1137 1813 dcsrrspeusiimis
1158 1749 1298 1794 censum
1326 1730 1485 1810 loquantur,

201 1842 335 1906 statario
348 1817 496 1927 cjtrsdem
513 1851 582 1906 tum
599 1837 733 1904 demum
749 1837 852 1904 reddit
867 1839 1084 1922 imaginarent,
1111 1857 1187 1902 eum
1202 1857 1383 1921 snspensas
1396 1839 1483 1900 eber·

201 1952 285 2034 cine,
302 1949 353 2012 rel
365 1947 480 2026 officio,
495 1959 623 2014 exercet
638 1947 793 2028 ordinent,
807 1947 872 2010 -vel
888 1947 1040 2017 diuinam
1055 1947 1199 2012 officium
1215 1948 1366 2026 celebrat,
1380 1963 1439 2012 nott
1451 1957 1486 2010 ts
1590 1995 1591 1998 ,

201 2073 276 2120 men
293 2077 368 2121 curu
385 2073 564 2140 strepensns
592 2062 612 2122 a
641 2054 796 2120 beneficio
822 2055 1109 2128 meberteiieiarlas
1134 2057 1350 2132 administret,
1370 2051 1488 2139 quate

201 2163 407 2228 soi'aortliriis
427 2164 632 2242 exercitione,
659 2164 709 2228 vet
725 2161 967 2229 dediniuorurn
992 2163 1173 2230 officiorum
1196 2166 1413 2238 celebratione
1431 2175 1498 2226 tea.
1591 2192 1592 2220 ι

202 2295 272 2345 tum
287 2295 429 2343 canones
443 2276 590 2362 concepti
617 2287 702 2354 suat,
716 2293 789 2338 can.
805 2275 835 2339 7.
861 2291 950 2338 cntts.
972 2277 995 2339 l.
1011 2287 1136 2356 quaest.
1159 2277 1204 2356 3,
1218 2287 1286 2340 toto
1301 2275 1403 2341 tit.²dc
1420 2274 1489 2340 cua

200 2405 267 2453 uon
282 2387 349 2452 ord.
364 2387 511 2466 ministr,
526 2403 596 2468 cap.
613 2387 641 2448 l.
657 2383 840 2450 decentet
856 2403 889 2447 ua
898 2383 988 2466 jude.
1005 2386 1037 2448 in
1054 2385 1094 2463 6.,
1106 2401 1177 2468 cap.
1190 2387 1218 2448 1.
1231 2384 1277 2450 tls
1290 2397 1371 2448 sent.
1385 2403 1442 2448 exe
1462 2383 1493 2446 ia·

200 2506 230 2570 6.
258 2503 387 2568 Eadem
404 2501 525 2566 ratione
540 2501 568 2562 si
583 2498 625 2564 dc
638 2497 988 2562 excommnuicationis
1003 2498 1133 2580 majoris
1147 2515 1286 2562 censura
1302 2509 1423 2582 agnitu,
1436 2511 1489 2559 nott

203 2609 257 2676 ilie
273 2609 328 2676 fiat
352 2609 546 2693 irregularis,
571 2607 627 2692 qui
655 2625 786 2690 quoquo
811 2605 908 2672 modo
922 2606 1298 2670 excommunicationem
1325 2600 1490 2682 violatsetl

202 2723 259 2816 qui
273 2723 371 2786 violat
395 2722 430 2785 iu
445 2739 484 2784 en
499 2729 597 2804 parte,
623 2737 690 2800 qua
705 2715 1003 2782 excommunicatio
1026 2715 1126 2796 major
1140 2713 1203 2776 sub
1223 2731 1259 2774 se
1280 2713 1491 2776 coactatus

203 2825 391 2922 pensionem
407 2829 450 2892 ab
464 2825 586 2904 ordine,
599 2837 630 2890 ct
645 2825 766 2888 divinis
780 2823 905 2888 officiis.
938 2823 1094 2888 Similiter
1120 2833 1151 2884 et
1169 2820 1358 2902 irregularis
1371 2814 1493 2898 arinini

203 2939 372 3004 violaverit
388 2936 593 3002 interdictum
611 2953 668 2996 seu
685 2931 795 3008 locale,
822 2949 880 2994 serr
897 2929 1075 3013 personale,
1098 2929 1211 2992 ditius
1224 2925 1425 3004 catecasta
1440 2939 1496 2986 noa

204 3054 266 3119 alia
285 3053 402 3136 quavis
429 3049 559 3124 ratione,
584 3063 656 3127 cap.
673 3043 701 3106 1.
718 3041 758 3104 dc
776 3041 927 3123 restittat.
946 3039 1094 3116 Prasiai,
1117 3056 1187 3120 cap.
1206 3039 1236 3101 3.
1252 3038 1282 3100 4.
1299 3037 1342 3099 de
1357 3037 1436 3099 Gler.
1450 3051 1493 3096 ex·

110 3234 114 3241 ,
204 3183 320 3228 comm.
335 3163 481 3236 ministr,
494 3177 564 3238 cap.
583 3155 641 3231 18,
669 3166 700 3215 et
715 3151 766 3214 28.
783 3149 823 3212 tle
838 3161 920 3212 seut.
936 3167 1095 3212 excomm.
1112 3149 1145 3210 iu
1161 3148 1190 3210 6.
1235 3146 1309 3209 Νοιι
1329 3158 1433 3206 tamen
1446 3141 1495 3208 erit

131 3331 133 3336 .
204 3243 397 3350 irregularis,
413 3267 468 3346 qui
485 3264 672 3326 celebratur
689 3259 838 3322 Ecclesia
865 3257 987 3338 polluta
1009 3275 1084 3318 curu
1101 3255 1220 3318 ibitlcm
1248 3255 1342 3318 uuila
1362 3255 1402 3316 sit
1415 3247 1493 3312 viola·

205 3385 250 3445 tio
265 3396 432 3454 censurae,
447 3373 532 3436 (licta
547 3391 617 3454 cap.
636 3372 683 3434 18.
700 3369 739 3432 de
755 3379 835 3430 seut.
851 3385 1010 3430 circorum.
1028 3383 1060 3428 ru
1077 3365 1116 3440 6.,
1132 3381 1235 3444 neque
1249 3373 1346 3424 erunt
1362 3356 1490 3441 irregula-

206 3515 255 3558 res
272 3488 434 3574 Episcopi,
458 3485 512 3567 qui
530 3503 561 3546 ru
576 3483 644 3546 loco
661 3478 829 3542 interdicto
843 3475 944 3538 altare
960 3475 1017 3536 sibi
1035 3473 1160 3554 erigant
1176 3471 1297 3536 Missae
1314 3467 1492 3534 sacrificium

208 3601 405 3676 celebraturi,
418 3597 459 3658 ob
471 3611 640 3676 trnpresam
657 3589 733 3672 ipsis
749 3603 936 3650 concessam
962 3591 982 3647 si
999 3583 1100 3648 sacris
1117 3582 1300 3645 centonibus
1325 3579 1498 3646 sacnltatern

209 3713 242 3774 in
258 3727 328 3791 cap.
346 3707 400 3770 ult.
418 3706 458 3765 de
475 3705 552 3786 priv.
571 3701 602 3762 irr
619 3701 656 3764 6..

250 3815 496 3898 Irregularitatis
511 3833 553 3874 cx
568 3809 701 3874 crimine
716 3803 881 3871 lromicitlii
898 3801 1127 3886 proficiscentis
1144 3783 1359 3863 srrrulau'ronta
1377 3789 1501 3859 rtonunl·

210 3929 231 3992 li
250 3929 440 3989 invenerunt
462 3921 492 3982 iu
508 3899 578 4000 cap.
595 3919 645 3982 et.
675 3915 781 3978 linarii
797 3915 830 3977 iu
847 3914 910 3976 illis
939 3913 1052 3974 verbra:
1084 3911 1125 3974 Si
1141 3911 1216 3994 quis
1230 3929 1290 3990 per
1303 3903 1507 3970 irrtlrtstrinnt·

211 4039 361 4104 occiderit
375 4036 569 4120 prosi-urunt
591 4050 702 4105 suum,
729 4037 758 4090 et
772 4047 832 4110 por·
848 4025 993 4090 iusidias
1017 4023 1178 4104 tabellari
1204 4041 1273 4082 tneo
1288 4019 1407 4081 evelles
1428 4030 1500 4083 errat,

213 4145 435 4209 trinacriam.
482 4139 604 4212 Verum,
618 4135 827 4216 ureojutiicic,
845 4133 926 4202 istaec
943 4132 1039 4192 verba
1054 4149 1092 4191 eo
1108 4129 1275 4210 pertinent,
1292 4139 1328 4188 ut
1344 4133 1503 4190 statuatur,

214 4254 411 4318 homicidam
428 4247 519 4310 trullo
537 4247 604 4308 luco
615 4246 730 4326 juvari,
746 4263 786 4304 ue
796 4245 895 4305 satoris
909 4221 1042 4322 ¹quidem
1059 4239 1203 4313 aedibus,
1216 4245 1248 4298 et
1262 4235 1427 4304 altaribus,
1439 4241 1505 4307 que

217 4363 325 4426 inicus
341 4357 450 4422 martis
461 4373 561 4440 posim
572 4353 737 4436 plectatur.
762 4349 873 4428 Potius
889 4349 1138 4411 stradameutrun
1150 4343 1312 4406 invenitur·
1323 4340 1356 4402 in
1374 4331 1507 4400 doctrine

218 4465 311 4528 Pauli
324 4461 543 4546 spectataque
556 4459 687 4540 irrepist.
707 4459 733 4520 l.
747 4456 791 4520 ad
806 4457 1044 4538 '1¹iraortr‚cap.
1060 4456 1102 4532 3,
1119 4451 1281 4516 neminem
1296 4453 1508 4530 permissorem
