3120 4980
217 419 260 486 tt
480 445 569 492 raas
586 447 711 511 rarus,
728 451 970 500 oressrrrauro
987 457 1113 520 rarus,
1128 461 1204 506 err.
1220 441 1258 508 V.

216 562 395 630 exolevisse
410 579 481 649 post
507 569 610 652 legem
628 573 839 655 Constantini,
864 595 950 659 quae
964 591 1055 644 extat
1080 583 1111 646 in
1129 584 1148 647 l.
1166 585 1215 650 17.
1240 587 1310 652 cod.
1333 589 1373 654 de
1395 595 1492 676 poenis,

217 689 353 754 poenam
369 687 479 740 autam
495 679 624 743 talionis
638 701 703 748 non
719 685 779 748 uisi
795 687 898 754 serius
912 693 1090 754 cessavisse
1105 693 1184 758 ioue
1203 709 1271 781 post
1288 713 1425 784 tempora
1437 705 1493 767 lue

217 781 338 858 riniani,
354 804 456 865 quum
473 789 625 854 nimirum
639 793 860 862 Romanarum
876 797 985 881 legum
999 802 1169 886 disciplina
1185 809 1289 889 sperni
1305 811 1414 893 coepit
1434 813 1493 878 Non

215 895 317 974 potnit
332 896 470 978 profecto
486 899 634 966 Ecclesia
660 907 728 968 suis
738 909 868 990 judiciis
883 916 1126 980 accommodare
1150 919 1277 984 talionis
1299 921 1492 1004 disciplinam

213 1007 332 1069 etenim
348 1027 424 1072 cum
441 1011 556 1076 Clerici
572 1030 809 1100 accusarentur,
834 1035 865 1085 et
881 1043 983 1104 poena
998 1031 1157 1092 accusatis
1180 1033 1361 1097 immineret
1375 1049 1428 1098 aut
1440 1055 1493 1097 sue

215 1114 386 1194 pensionis,
400 1127 459 1182 aut
473 1117 657 1202 dejectionis
672 1123 714 1188 ab
727 1125 840 1206 officio,
867 1131 980 1194 eadere
997 1153 1099 1214 poena
1115 1156 1180 1200 non
1195 1139 1322 1202 omibus
1345 1141 1440 1222 infligi
1454 1161 1494 1222 pe

215 1229 303 1299 terat,
319 1240 394 1284 cum
411 1237 541 1304 possent
562 1247 632 1290 esso
647 1243 705 1293 eut
721 1233 792 1296 laici
809 1235 1015 1318 Clericorurn,
1038 1255 1095 1304 aut
1111 1243 1224 1307 Clerici
1241 1248 1364 1309 minore
1378 1248 1496 1310 Clerico-

215 1347 286 1394 tum
301 1334 459 1415 majorum
474 1349 685 1419 accusatores,
701 1357 892 1423 argumento
906 1349 1040 1410 canonis
1065 1351 1095 1412 3.
1112 1371 1202 1418 caus.
1216 1357 1244 1416 5.
1261 1369 1386 1437 quaest.
1401 1359 1429 1420 6.
1465 1358 1496 1420 lu

216 1442 374 1505 veteribus
388 1463 463 1526 ergo
488 1445 669 1512 canonibus
684 1452 836 1514 traditum
852 1465 909 1532 est,
938 1465 971 1518 nt
986 1459 1042 1538 qni
1070 1461 1201 1538 probare
1219 1480 1283 1523 non
1309 1462 1440 1526 valuerit
1452 1463 1497 1524 cri·

214 1565 299 1628 men,
314 1551 356 1614 ab
370 1553 555 1616 accrrsaudo
581 1556 614 1618 in
629 1558 760 1622 caeteris
776 1573 1000 1641 removeretur,
1021 1565 1121 1627 immo
1135 1579 1165 1628 et
1180 1570 1498 1632 excommunicatione
1545 1639 1546 1652 ¹

213 1659 410 1742 plecteretur,
427 1665 454 1728 si
469 1663 571 1728 laicus
597 1677 689 1745 esset,
706 1679 762 1732 ant
787 1669 814 1732 si
830 1669 984 1752 Clericus,
1010 1675 1196 1755 dejiceretur
1220 1678 1384 1758 epreprio
1401 1677 1497 1760 gradu,

211 1791 291 1848 can,
302 1773 329 1834 1.
344 1773 374 1836 2.
391 1773 419 1836 3.
436 1793 525 1838 caus.
541 1775 569 1840 3.
586 1787 708 1856 quaest.
735 1779 793 1854 tu,
809 1799 881 1842 can.
896 1779 936 1860 4.,
951 1791 983 1862 et
1003 1799 1092 1846 caus.
1113 1785 1143 1846 5.
1160 1797 1283 1866 quaest.
1300 1788 1328 1848 6.
1375 1787 1498 1850 isidorus

213 1882 379 1979 Mercator,
405 1883 486 1948 dura
511 1905 589 1948 erras
617 1885 921 1952 Pseruledecretules
943 1889 1098 1972 epistolas
1123 1893 1185 1958 sub
1212 1895 1341 1958 nomine
1370 1906 1498 1958 veterum

214 1992 409 2059 Pontificum
435 1995 650 2074 concinnaret,
677 1997 770 2079 cujus
785 2013 902 2080 scopus
928 1997 1045 2076 iserat,
1072 1999 1350 2080 quemadmodum
1370 2001 1500 2084 superius
1546 2056 1547 2070 ,

213 2091 491 2186 obsonatumst,
506 2107 592 2188 qued
607 2109 823 2172 accusationis
833 2107 959 2191 judicia
972 2107 1152 2174 difficiliora
1169 2111 1321 2190 redderet,
1340 2113 1383 2176 ad
1403 2127 1500 2176 terreu-

213 2217 272 2282 dos
286 2230 489 2282 accusatores
504 2221 629 2282 studuit
641 2239 740 2302 quam
756 2221 899 2284 maxime
916 2231 950 2286 ut
962 2239 1100 2304 poeamu
1115 2223 1244 2286 talionis
1260 2225 1292 2286 in
1308 2225 1499 2307 disciplinam

212 2325 465 2396 ecclesiasticum
481 2327 653 2408 inveheret,
675 2347 735 2392 nec
749 2327 910 2392 dubitarit
925 2331 1102 2394 sententias
1123 2333 1358 2414 lmperutorurrr
1374 2347 1501 2395 vetemrn

213 2435 254 2501 de
269 2435 386 2501 talione
400 2449 580 2521 conceptas,
604 2441 790 2523 praesertim
805 2443 838 2504 in
853 2441 964 2505 codice
979 2441 1211 2506 Theodosiana
1231 2439 1417 2528 descriptas,
1435 2445 1501 2506 Pon·
1547 2486 1548 2528 ,

214 2543 481 2629 tificibns'priscie
506 2547 694 2628 adtribuere,
724 2549 767 2612 uti
784 2548 917 2631 adparet
931 2567 973 2612 ex
999 2567 1070 2612 can.
1086 2549 1116 2612 3.
1131 2547 1161 2612 ci.
1187 2565 1275 2613 cans.
1289 2551 1323 2614 2.
1343 2549 1502 2633 quaesta

214 2653 288 2722 Non
303 2658 445 2740 memoro
459 2675 618 2720 canonem
642 2659 672 2720 2.
688 2677 776 2721 caus.
792 2661 823 2720 5.
837 2669 962 2739 quaest
986 2657 1025 2736 6.,
1041 2675 1104 2720 nou
1121 2658 1209 2720 euim
1229 2669 1279 2720 est
1293 2657 1446 2742 Gregorii,
1459 2654 1504 2718 cui

213 2769 418 2850 caeteroquin
442 2767 632 2846 inscribitur,
660 2765 716 2830 sed
731 2779 779 2829 est
794 2767 894 2830 veluti
920 2765 1112 2830 breuiarium
1138 2772 1247 2830 minus
1271 2763 1505 2850 apte'coiaposi

214 2889 284 2942 tum
298 2879 433 2941 canonis
447 2877 478 2941 3.
491 2877 728 2958 subsequentis,
755 2875 1032 2958 quemadmodum
1047 2876 1299 2940 observarentur
1318 2875 1507 2940 &acueret

213 2985 362 3049 Romani.
407 2985 480 3050 Non
497 2985 600 3068 poluit
623 2995 731 3049 tamen
746 2986 842 3068 recipi
859 2986 892 3048 in
907 2985 1125 3050 ecclesiastico
1149 2985 1272 3048 iore‘ob
1287 3005 1409 3076 canses
1423 2981 1507 3048 medo

215 3093 373 3158 indicatas
388 3095 560 3179 discipline
586 3095 805 3160 Mercatorise
830 3095 979 3159 Romano
1004 3093 1071 3156 soro
1097 3095 1307 3176 depromptas
1322 3093 1509 3177 proindeque

214 3207 310 3289 recipi
326 3207 506 3269 necessario
520 3205 639 3282 debuit,
655 3217 871 3268 recusatorem
883 3201 1137 3268 calumniantem
1153 3203 1365 3265 condemnari
1382 3203 1508 3285 primurn

215 3315 248 3379 in
264 3335 433 3400 expensas,
450 3314 566 3378 deinde
582 3317 615 3377 in
632 3313 673 3392 id,
700 3313 786 3396 quod
803 3313 945 3376 accusati
963 3311 1105 3376 iutersnit
1119 3321 1220 3375 cause
1241 3315 1388 3395 suscepti
1398 3309 1508 3396 judicii,

216 3438 406 3510 argumento
420 3425 553 3508 capituli
579 3425 629 3488 23.
646 3425 678 3488 in
695 3423 760 3487 fine
775 3422 815 3485 de
831 3425 1039 3501 accusation,
1066 3423 1152 3504 quod
1168 3423 1196 3486 si
1210 3423 1352 3503 insignis
1368 3419 1510 3485 acerimu-

216 3537 257 3600 tis
273 3535 466 3618 improbitas
482 3545 514 3597 et
529 3533 662 3617 perfidia
679 3533 847 3611 videretur,
863 3543 1026 3614 receptum
1041 3539 1097 3610 est,
1114 3541 1147 3592 ut
1163 3539 1334 3592 ancrrsato'r
1351 3545 1454 3610 poena
1466 3541 1511 3584 ex·

217 3648 427 3715 traordineria
453 3667 510 3730 pro
534 3645 630 3709 modo
645 3643 864 3727 improbitatis,
891 3654 922 3704 et
937 3639 1091 3724 perfidiae
1117 3639 1315 3722 plecteretur,
1342 3655 1416 3720 cap.
1440 3629 1513 3696 hdt

217 3759 450 3838 calumniator,
466 3757 528 3820 nisi
544 3767 652 3820 tamen
667 3754 846 3836 quidquam
857 3753 945 3835 jrrsto
966 3749 1066 3812 dolori
1083 3747 1266 3810 accusantis
1280 3739 1512 3827 indulgendum

217 3869 304 3947 soret,
322 3882 358 3932 nt
372 3869 406 3932 in
421 3869 526 3952 specie
542 3867 622 3949 legis
639 3864 770 3928 ultimae
786 3859 817 3924 ff.
834 3861 874 3923 do
890 3857 1007 3943 public.
1019 3857 1128 3942 judic,
1155 3867 1186 3918 et
1201 3855 1281 3938 legis
1295 3855 1338 3934 2.,
1355 3873 1395 3916 ac
1410 3851 1439 3915 d.
1453 3845 1513 3912 cod·

218 3983 259 4046 de
273 3981 568 4046 calumniatoribus.
1234 3971 1237 3976 ’

261 4092 400 4163 Quoties
414 4089 455 4154 de
480 4089 704 4156 denuntiatura
729 4094 910 4169 quaeratur,
938 4083 1056 4146 nollem
1072 4079 1237 4164 imprimis,
1263 4077 1331 4140 huc
1347 4074 1514 4140 adferretur

217 4221 323 4268 canon
339 4203 368 4267 6.
383 4221 473 4266 cans.
499 4203 527 4264 5.
544 4210 666 4284 (praest.
682 4197 721 4275 6.,
748 4215 834 4272 nam,
860 4195 1093 4276 crrjrrscumque
1117 4191 1144 4252 is
1160 4189 1202 4251 sit
1223 4185 1427 4249 auctoritatis
1447 4197 1513 4244 cum

219 4315 353 4376 caeteris
379 4311 569 4378 Eliberitani
595 4306 732 4372 Concilii
757 4303 946 4379 canonibus,
973 4301 1105 4384 species,
1130 4315 1215 4379 quae
1241 4293 1366 4358 ibidem
1383 4293 1512 4374 lingitur·

220 4434 343 4506 spectat
368 4421 525 4484 delatores
551 4417 761 4492 Christianae,
788 4413 845 4494 qui
871 4407 1247 4494 ejusdem·Chrietianae
1269 4402 1349 4467 fidei
1366 4409 1518 4466 consortes

220 4533 295 4598 odio
318 4533 522 4597 Christianae
547 4527 625 4594 fidei
650 4527 693 4591 ad
719 4525 930 4610 Magistratus
955 4518 1132 4609 aethnicos
1157 4515 1360 4580 deserebant.
1402 4512 1519 4579 Nollem
