3168 4982
178 331 249 398 202
543 351 786 400 nrassanaaro
808 351 964 413 ananus,
987 352 1063 398 cna.
1086 332 1141 398 lv.

178 475 250 554 mis,
266 475 298 538 iu
315 474 401 538 linea
424 483 509 538 recta
524 488 678 559 perpetuo
703 476 915 540 matrimoniis
931 475 1085 554 interdici,
1112 474 1267 540 nimirum
1293 473 1375 540 iuter
1390 469 1574 560 adop·

179 591 311 662 tantem,
325 593 359 648 et
383 582 579 666 adoptatam,
596 585 695 648 etiarn
720 585 748 648 si
764 603 818 666 pcr
832 583 1125 666 emancipationem
1145 580 1274 663 adoptio
1290 579 1421 646 soblem
1434 582 1489 660 sit,
1574 590 1575 664 1

179 697 202 762 l.
218 694 247 758 2.
264 695 361 758 instit.
376 694 418 758 de
443 705 544 778 nupt,
561 695 580 758 l.
597 697 648 760 55.
664 695 743 758 de
721 711 781 760 rrtu
811 695 959 778 nuptiae,
976 706 1010 758 at
1024 695 1107 758 tuter
1120 693 1338 776 adoptantem,
1354 703 1387 756 et
1402 691 1490 756 filios

176 801 322 885 adoptati
338 815 409 866 tum
424 803 566 882 demum,
581 823 685 886 quum
701 804 769 884 filii,
792 805 972 886 caeterique
988 803 1219 868 descendentes
1234 802 1376 886 adoptati
1392 811 1492 870 eruut
1575 800 1576 876 l

176 911 213 976 iu
227 911 370 993 adoptati
385 911 516 992 familia,
533 911 613 976 dum
628 912 759 996 adoptio
773 913 928 992 consistit,
940 915 1018 996 quia
1031 910 1261 996 quoquomodo
1275 922 1307 976 et
1321 912 1373 978 isti
1386 912 1492 976 etiam

177 1015 321 1099 adoptivi
348 1017 507 1098 videntur,
523 1031 716 1101 argumento
739 1020 759 1084 l.
777 1023 827 1086 te.
842 1019 876 1084 ff.
901 1019 942 1084 de
964 1020 1137 1104 adoption,
1161 1039 1228 1086 nou
1253 1037 1331 1086 vero
1353 1019 1493 1104 quaudo
1576 1010 1577 1062 ³

175 1124 237 1190 filii
252 1126 286 1188 in
312 1125 437 1190 familie
450 1126 596 1212 adoptati
620 1148 687 1192 nou
701 1141 788 1212 sunt3
815 1129 1028 1212 quamobrem
1051 1149 1102 1194 ex.
1128 1149 1174 1213 gr.
1191 1129 1260 1194 lille
1274 1129 1429 1214 adoptata
1443 1129 1491 1194 fe·

176 1233 286 1298 minae
296 1235 368 1318 jure
393 1235 478 1318 patri
493 1235 659 1320 adoptanti
670 1238 834 1320 jungetur,
856 1255 933 1302 cum
948 1238 1010 1302 ista
1034 1257 1101 1304 nou
1116 1239 1206 1304 sitin
1231 1217 1412 1323 adoptatae,
1428 1240 1491 1306 rat
1577 1218 1578 1284 Ῑ

176 1343 212 1407 in
237 1343 404 1426 patrissui
429 1343 562 1408 familia
606 1344 735 1410 Eadem
760 1347 885 1412 ratione
907 1346 1084 1416 dicendum
1108 1358 1166 1429 est,
1192 1360 1318 1433 patrem
1332 1347 1493 1433 adopten-
1578 1428 1579 1442 ¹

177 1455 219 1520 tis
243 1454 360 1521 ducere
385 1475 479 1539 posse
504 1458 539 1522 in
554 1475 690 1522 uxorem
715 1457 912 1542 adoptatam,
937 1460 1017 1541 quia
1042 1460 1125 1524 inter
1150 1460 1238 1545 ipsos
1261 1459 1356 1526 nulla
1380 1461 1493 1528 extitit

177 1564 392 1650 adoptiones
418 1575 553 1648 peteme
567 1565 701 1648 proinde
727 1578 785 1632 aut
810 1566 919 1632 filialis
944 1566 1092 1646 adfectio,
1107 1565 1197 1649 quod
1222 1575 1333 1634 tatum
1348 1575 1419 1634 tum
1433 1583 1491 1632 ve-
1579 1638 1580 1642 ,

177 1691 250 1736 rum
275 1681 330 1750 est,
346 1691 423 1736 cum
446 1671 605 1738 dissoluta
619 1691 676 1755 per
699 1674 992 1756 emancipationem
1018 1673 1150 1756 adoptio
1174 1673 1278 1755 trrortt,
1302 1672 1323 1738 l.
1349 1675 1401 1740 55.
1417 1677 1441 1744 l·
1459 1677 1490 1740 l.

175 1777 208 1844 ff.
225 1777 265 1842 de
291 1780 354 1844 ritu
379 1780 517 1863 nuptiar.
562 1781 731 1844 Praeterea
756 1779 934 1860 deducitur,
955 1781 990 1844 in
1013 1781 1099 1844 linea
1125 1791 1316 1861 transversa,
1340 1781 1492 1850 sivecol·

177 1889 368 1970 lateralium,
394 1889 620 1971 cognationem
635 1898 763 1952 tantum
789 1899 988 1952 contractam
1014 1887 1151 1970 intelligi
1177 1887 1260 1953 inter
1273 1885 1380 1952 filium
1395 1899 1493 1956 nattt·

176 1996 286 2078 talem,
302 2007 334 2062 et
359 1996 559 2080 adoptatum,
576 1997 658 2060 inter
673 1997 758 2063 filios
784 1995 844 2062 lilii
861 1998 1026 2077 naturalis,
1054 2009 1086 2062 et
1100 1997 1207 2064 filium
1221 1997 1374 2064 eumdem
1390 2001 1494 2084 adop-

178 2118 292 2187 tatum,
307 2109 390 2172 inter
417 2105 555 2188 fratrem,
570 2127 719 2186 sororem,
737 2119 899 2190 patruum,
924 2117 956 2170 et
971 2108 1108 2172 amitam
1133 2107 1328 2192 adoptantis,
1343 2120 1377 2174 et
1389 2110 1494 2196 adop·

176 2211 346 2299 ratumne
371 2229 544 2302 propterea,
560 2235 707 2301 quosque
732 2217 828 2282 durat
853 2215 991 2299 adoptio,
1017 2218 1169 2302 conjugia
1183 2217 1352 2301 prohiberi,
1368 2220 1492 2302 quibus

114 2317 116 2322 ’
177 2324 268 2388 locus
282 2324 341 2390 erit
362 2323 467 2390 soluto
492 2343 549 2408 per
573 2323 866 2408 emancipationem
895 2343 954 2387 seu
979 2323 1134 2407 adoptivi,
1160 2341 1220 2388 seu
1244 2326 1405 2392 naturalis
1429 2327 1494 2396 lilii

176 2453 266 2500 uaxn
283 2435 403 2516 patriae
429 2435 602 2517 potestatis,
619 2433 706 2496 dicta
722 2433 740 2498 l.
772 2431 823 2497 55,
851 2437 873 2504 l.
891 2435 928 2513 1„
939 2435 1055 2518 juncta
1070 2431 1090 2496 l.
1110 2433 1156 2496 17.
1173 2432 1205 2496 ff.
1220 2431 1292 2497 eod.
1307 2433 1362 2498 tit·
1398 2433 1494 2500 Num

177 2544 244 2610 duo
268 2543 328 2610 filii
354 2544 498 2627 adoptivi
513 2543 594 2608 inter
621 2561 691 2606 sese
716 2544 868 2627 conjugia
892 2543 1081 2607 contrahere
1106 2543 1349 2627 prohibeantur,
1372 2543 1493 2610 nullibi

177 2655 293 2738 injure
319 2653 490 2736 definitum
508 2654 648 2718 invenio.
674 2673 713 2718 ac
743 2663 908 2737 propterea
934 2673 1000 2718 non
1015 2653 1137 2735 dubito,
1162 2663 1311 2720 cessante
1336 2655 1408 2738 lege
1421 2673 1494 2722 ma·

169 2767 327 2834 ‚trimonia
352 2766 493 2850 perniitti
507 2765 631 2844 debere,
657 2765 692 2828 in
707 2765 771 2828 hac
796 2764 984 2848 praesertim
1009 2764 1124 2847 specie,
1139 2764 1174 2830 iu
1188 2778 1256 2846 qutt
1269 2780 1396 2830 merum
1412 2764 1493 2830 civi·

177 2879 240 2944 lis'
228 2879 310 2962 juris
335 2877 538 2959 figmentum,
555 2894 621 2938 non
645 2873 805 2938 naturalis
834 2873 1004 2957 alicujus'
991 2873 1074 2956 Jnris
1088 2871 1306 2954 interpretatio
1331 2881 1492 2938 versatur.

178 2986 359 3054 Deducitur
372 2987 479 3065 etiam,
509 2987 543 3052 in
558 2984 751 3066 cognatione
776 2983 873 3066 legali
888 3001 986 3046 suum
1012 2981 1106 3048 cartis
1121 2981 1155 3046 ln
1166 2981 1298 3046 casibus
1312 2981 1430 3046 habere
1445 2982 1493 3048 lo-

175 3115 255 3162 cum
269 3095 482 3172 adfinitatem,
508 3095 663 3162 nimirum
679 3094 763 3156 intra
777 3093 838 3156 hos
853 3091 975 3174 gradus
996 3071 1177 3171 coercitam,
1195 3102 1231 3156 ut
1245 3104 1388 3176 nequeat
1401 3093 1494 3160 lilius

178 3207 351 3290 adoptivus
377 3225 419 3272 ne
447 3216 520 3289 post
543 3203 836 3285 emancipationem
866 3201 1000 3284 quidem
1028 3221 1103 3266 eam
1128 3203 1254 3294 ducere,
1280 3221 1365 3285 quae
1393 3201 1494 3270 tuem

178 3317 364 3400 adoptantis
387 3335 477 3394 uxor,
493 3324 603 3396 utpote
617 3332 703 3394 quae
729 3331 887 3374 novercae
913 3311 1022 3374 locum
1038 3319 1134 3391 tenet5
1160 3327 1202 3374 ne
1225 3317 1315 3392 pater
1329 3307 1494 3392 adoptans

179 3428 280 3512 possit
295 3445 369 3488 eam
394 3443 528 3488 uxorem
544 3424 671 3501 habere,
692 3441 777 3503 quae
802 3419 948 3502 adoptivi
970 3417 1027 3482 lilii
1043 3435 1125 3480 uxor
1148 3416 1262 3494 extitit,
1279 3425 1495 3498 utpotequaa

177 3537 276 3602 nurui
291 3535 527 3617 aequiparatur,
544 3532 563 3596 l.
583 3529 631 3595 14.
648 3532 781 3613 princip.
804 3539 836 3592 et
853 3529 920 3614 idi.
936 3526 969 3590 ff.
985 3525 1027 3590 de
1052 3525 1116 3612 ritu
1130 3523 1280 3606 nuptias,
1297 3521 1318 3586 1.
1333 3521 1384 3586 23.
1399 3520 1433 3586 ff.
1448 3521 1495 3586 da

178 3647 340 3730 adoption.
384 3645 535 3726 Denique
551 3642 633 3708 illud
659 3638 877 3724 adjiciendum
892 3647 949 3716 est,
975 3634 1182 3717 montionem
1208 3631 1494 3717 supervenientem

178 3773 245 3821 non
260 3773 354 3838 posse
379 3751 621 3816 matrimonium
635 3751 705 3833 jam
731 3747 790 3810 rite
813 3745 1036 3811 consistentes.
1051 3739 1235 3819 dissolvere,
1250 3739 1351 3807 ettam
1371 3739 1402 3802 si
1416 3738 1494 3819 talis

176 3875 264 3928 esset
279 3863 416 3946 adoptio,
441 3878 526 3944 qnae
548 3855 808 3924 contrahendum
831 3853 1076 3920 matrimonium
1101 3847 1269 3940 impediret
1284 3847 1305 3911 l.
1331 3848 1381 3914 12.
1399 3847 1493 3930 'prin-

178 3975 240 4058 cip.
256 3973 288 4037 ff.
304 3972 344 4036 de
370 3973 432 4036 ritu
448 3969 595 4052 nuptiar,
621 3987 663 4030 ne
688 3974 857 4048 praetextu
883 3961 989 4025 civilis
1005 3957 1209 4024 inducendae
1237 3955 1494 4032 adfectionisvi·

176 4083 294 4148 deatur
317 4081 480 4164 nuptialia,
495 4087 527 4142 et
551 4075 685 4159 quidem
710 4072 854 4152 validior,
881 4069 1016 4136 dissolvi
1039 4067 1189 4146 adfectio,
1214 4083 1317 4148 quam
1342 4064 1496 4132 naturale

175 4195 230 4278 jus
255 4193 394 4270 induxit,
420 4207 459 4254 ac
484 4187 580 4250 fovet.
624 4185 744 4252 Paucis
770 4181 899 4264 regulam
922 4179 1092 4246 universas
1118 4177 1164 4240 ita
1186 4175 1390 4260 complectoa
1411 4189 1496 4254 qtttt-

181 4321 253 4368 rum
269 4304 373 4386 prima
395 4307 451 4376 est,
468 4299 555 4364 hanc
576 4317 619 4364 ex
642 4295 814 4379 adeptione
838 4290 1099 4376 proficiscentem
1118 4281 1394 4350 necessitudinem
1419 4299 1496 4345 ease

174 4414 258 4506 prm
272 4411 378 4480 cirilla
404 4408 606 4498 figmentum,
632 4425 672 4476 ec
687 4400 911 4494 proptereat
936 4398 1019 4468 elias
1034 4395 1166 4487 efficies,
1181 4413 1224 4460 ne
1236 4401 1407 4482 praetexta
1420 4391 1498 4476 qni-
