3168 4982
36 359 38 398 ι

36 539 38 572 ,

36 587 38 636 l

306 315 353 360 DE
371 315 508 374 FORMA,
532 314 576 358 A·
592 313 909 376 annominemus
932 312 1189 360 coutuotolaum.
1351 293 1415 362 277

132 451 202 496 merc
209 429 274 516 jam
289 446 509 517 gravarentur,
524 454 589 500 uon
605 435 775 514 videbatur
789 434 941 500 docorum
957 436 1073 515 testari,
1092 455 1126 498 se
1142 434 1222 498 alios
1239 433 1321 498 velle
1337 433 1413 500 libe

36 575 37 584 =
132 555 172 606 ros
184 543 344 626 suscipere,
371 562 453 624 quos
468 543 602 606 honeste
630 543 715 606 alere
741 563 804 607 troo
822 553 961 628 possent,
978 556 1046 608 tum
1063 545 1197 608 demtum
1212 543 1414 608 admittenda

36 719 37 726 ,
131 651 288 730 testatione,
303 670 407 732 quum
423 651 464 716 ad
480 652 644 716 meliorem
659 651 822 718 fortunam
838 653 1067 739 pervenissent;
1093 671 1158 734 qtro
1168 661 1303 736 spectat,
1326 649 1413 734 quod

130 761 267 823 scribebat
292 759 512 843 Hieronymus
536 762 568 824 in
584 762 673 844 epist.
701 761 742 823 etl
769 761 939 841 Oceanum
964 761 1004 824 de
1026 761 1222 842 quibusdam
1247 759 1413 856 Romania

129 871 286 954 Affecticns
298 874 453 966 meritorii
467 873 650 936 retinebant
661 874 856 938 coracublnos
871 873 917 936 ud
930 874 1087 938 evitanda
1102 895 1208 954 onera,
1224 885 1253 938 et
1265 878 1413 940 minster»

128 981 178 1048 aas
189 1006 356 1068 mpmses,
381 1006 465 1070 pana
478 993 590 1051 tamen
615 983 660 1050 aa
673 985 852 1068 ampliores
877 987 976 1062 evecti
990 986 1137 1066 divitias,
1152 990 1254 1054 etiam
1269 1007 1414 1060 uxorum

128 1107 181 1152 uota
192 1099 323 1156 toruum
338 1093 480 1170 aomina,
505 1093 724 1176 ctdignr'tclc,
749 1091 807 1154 sed
820 1093 922 1156 eriam
935 1093 1017 1179 jure
1030 1091 1274 1176 dignabantur.
1321 1095 1414 1160 Porro

129 1203 235 1268 testatio
250 1201 316 1282 illa,
331 1213 367 1268 ut
382 1203 507 1267 dictum
521 1213 576 1280 est,
592 1203 633 1266 alr
649 1202 737 1266 initio
752 1201 850 1266 fiebat
864 1221 971 1271 coram
988 1203 1207 1288 Aruspicibus;
1225 1205 1282 1268 sed
1298 1204 1414 1270 deind·

125 1306 320 1375 abealcrma
346 1308 507 1392 paulatim
520 1328 684 1374 recessum
708 1319 765 1386 est,
792 1309 965 1390 visumque
989 1309 1051 1374 fuit
1067 1311 1213 1376 sufficere
1223 1311 1265 1376 ad
1282 1312 1413 1380 titulum
1501 1315 1507 1326 ’

124 1420 318 1500 usucapionis
332 1418 522 1502 conjugalis,
536 1419 562 1482 si
575 1439 682 1484 coram
700 1419 813 1485 vicinis
826 1421 951 1510 tmtatio
961 1406 1052 1484 'sacta
1067 1405 1189 1500 fuisset,
1205 1423 1225 1486 l.
1240 1424 1269 1486 9.
1287 1423 1356 1486 cod.
1372 1423 1413 1490 cle
1444 1425 1445 1432 '

122 1537 213 1608 utrpc,
224 1527 453 1610 augumentpl.
469 1530 499 1594 6.
514 1529 546 1594 ff.
562 1529 677 1612 dehis,
693 1530 748 1610 qui
764 1541 841 1597 sunt
856 1530 915 1610 sui,
932 1531 981 1592 vel
998 1531 1095 1606 alicui
1105 1533 1195 1616 juris,
1217 1533 1236 1595 l.
1252 1534 1282 1599 a
1299 1535 1335 1600 in
1348 1535 1416 1600 fine

121 1634 150 1698 ll.
162 1635 278 1712 deiide
293 1637 520 1724 instrum.,aut
535 1637 926 1722 sisc1·ipturainterposita
942 1635 1063 1714 fuisset,
1077 1637 1161 1718 quod
1173 1637 1334 1722 iudicavit
1348 1642 1414 1717 Au-

123 1745 261 1826 gostinus
277 1746 310 1812 iu
326 1745 398 1824 libi.
411 1745 608 1830 (lemuribus
624 1745 869 1810 lilaniclrcorum
885 1745 929 1808 ita
944 1745 1094 1816 scribens:
1111 1747 1166 1811 Aa
1179 1749 1237 1813 lucc
1253 1750 1340 1813 euim
1356 1750 1414 1814 dre

124 1855 201 1918 mus
214 1875 303 1932 uxor,
320 1863 401 1927 traco
415 1855 559 1936 et'eticrn
575 1854 705 1937 tabulae
722 1854 877 1930 indicarat,
899 1854 955 1916 uli
969 1854 1328 1945 scribitur,liberorum
1339 1872 1416 1938 pro

125 1964 330 2038 monadorum
344 1985 464 2044 cumei
475 1974 506 2035 et
522 1963 555 2026 in
571 1962 638 2027 libr.
656 1960 912 2040 Confessionum,
930 1961 982 2024 ibi:
1001 1963 1049 2026 Et
1063 1961 1121 2044 lrop
1136 1964 1267 2027 tabellae
1282 1965 1416 2047 nrrptio

121 2071 162 2134 les
175 2073 329 2152 iudicant,
342 2071 521 2158 rionjringi
536 2073 572 2134 lu
584 2073 804 2150 ormi-ononis,
822 2072 998 2134 liberorum
1004 2073 1286 2154 procreandorum
1301 2051 1410 2142 causo

159 2183 350 2251 lrlemoiatac
367 2193 427 2258 tres
442 2183 664 2264 conjugiorum
680 2169 972 2245 contrahendarum
986 2179 1116 2258 lornrae,
1140 2179 1230 2260 farre,
1246 2180 1414 2262 coerrrptio·

123 2307 158 2350 ne
171 2301 200 2352 et
214 2310 282 2370 iuis,
308 2301 406 2370 crant,
414 2288 667 2372 antiquissimae,
695 2298 725 2350 et
740 2286 797 2350 diu
811 2287 992 2368 viguerunt.
1037 2285 1183 2348 Primum
1210 2285 1328 2348 aboleri
1342 2302 1411 2346 coe

123 2400 171 2480 pit,
187 2381 281 2467 veluti
298 2400 397 2469 nimis
412 2399 522 2464 ritibus
538 2399 686 2476 obnoxia,
709 2397 878 2461 celebratio
893 2397 1032 2480 corrjugii
1048 2415 1104 2478 per
1118 2395 1404 2483 confarreationem

122 2524 195 2586 qliae
204 2508 272 2588 mm
288 2479 430 2588 tempore
446 2505 582 2570 Tiberrii
599 2505 746 2568 Caesaris
762 2504 795 2594 iu
811 2523 872 2566 usu
888 2523 958 2564 csse
974 2502 1118 2580 desierat,
1140 2523 1340 2586 quamquam
1356 2503 1410 2582 Sa·

120 2617 252 2680 cerdotes
266 2617 408 2683 aethnici
423 2617 533 2684 adhuc
549 2613 890 2686 eacortrahendorum
906 2613 1127 2696 conjugiorum
1145 2611 1213 2694 lege
1227 2613 1275 2674 usi
1291 2611 1414 2677 diutius

123 2723 255 2807 luissent,
273 2728 321 2796 uti
336 2726 422 2807 idem
437 2724 587 2790 Tiberius
603 2723 699 2786 tradit
714 2721 802 2809 apud
817 2723 973 2786 Tacitum
988 2723 1101 2788 libruzl.
1117 2721 1294 2811 actualium.
1331 2723 1411 2786 Pau

123 2830 202 2922 latim
216 2835 314 2899 etiam
339 2852 502 2921 recessum
517 2843 564 2896 est
587 2830 761 2925 a-fcrmula
786 2832 995 2914 coemptionis
1021 2851 1076 2914 por
1092 2851 1156 2908 aes,
1182 2843 1214 2892 et
1229 2830 1343 2892 libram
1369 2829 1413 2918 fa-

120 2937 255 3026 ciendam
272 2959 348 3004 crim
366 2940 452 3003 arrian
468 2939 648 3002 incaeteris
664 2940 789 3002 actibus
805 2939 901 3018 niruis
917 2925 1106 3020 scrupulosa
1127 2939 1197 3002 visa
1211 2927 1307 3018 fucrit
1322 2951 1415 3004 vetus

122 3051 308 3134 mancipatio
323 3069 379 3132 per
394 3069 458 3130 aes,
474 3059 505 3112 ct
519 3046 642 3136 libram,
665 3059 696 3138 et
711 3049 744 3112 in
759 3047 865 3112 locum
882 3047 969 3112 illius
984 3050 1136 3112 inventae
1147 3050 1242 3114 ulliae
1258 3048 1414 3130 publicae,

119 3167 148 3217 et
161 3159 375 3242 simpliciores,
391 3146 574 3242 pia'essertim
591 3139 777 3226 alletoritate
793 3159 990 3240 Praetoijurn,
1014 3161 1241 3239 solemnitates,
1257 3159 1289 3222 iu
1309 3159 1413 3229 locum

119 3267 321 3348 coemptionis
333 3265 471 3332 succesit
482 3265 566 3330 alius
582 3265 699 3341 modus
713 3267 843 3350 nuptias
858 3265 1077 3344 contrahendi,
1094 3265 1150 3346 qui
1162 3264 1327 3326 tlicebatur
1342 3264 1416 3338 sine

120 3373 372 3458 omnipontentis
388 3377 421 3440 iu
437 3395 573 3461 manum
588 3375 657 3453 viri.
701 3375 791 3438 Haec
807 3385 916 3436 autem
931 3373 1101 3436 conventio
1127 3373 1232 3456 specie
1249 3383 1343 3434 tenus
1358 3369 1417 3435 dil-

119 3479 232 3551 tcrebat
243 3491 266 3552 ts
279 3496 386 3551 vetera
412 3483 515 3550 fornia
528 3485 777 3568 coemptionum,
801 3494 966 3570 propterea
980 3481 1067 3564 quod
1083 3460 1188 3565 neque
1203 3483 1292 3562 aeris,
1310 3500 1416 3569 nequ·

118 3573 210 3663 librae
223 3592 303 3678 ritus
317 3591 538 3680 edhilialratur,
564 3612 598 3656 rc
614 3603 721 3664 tamen
736 3591 767 3676 pl
774 3591 914 3657 urimum
937 3609 1013 3656 cum
1028 3592 1227 3676 coemptione
1243 3592 1415 3683 convenite

118 3695 176 3778 hat,
190 3700 266 3783 quia
278 3700 540 3788 stipulationibus
561 3700 643 3768 inter
657 3679 822 3790 sponsam,
842 3709 874 3761 et
888 3718 1053 3782 sponsum,
1069 3681 1288 3793 ctutriusque
1303 3718 1414 3790 pareri·

116 3815 174 3888 tes,
182 3809 216 3891 ln
230 3821 541 3900 quorumpptestate
556 3810 607 3896 illi
618 3809 765 3900 luissent3
793 3809 904 3875 omnia
919 3801 1174 3898 perficiebantur.
1219 3809 1416 3894 Oonjugium

116 3915 346 4006 hocl’ractpiio
364 3917 493 4008 potius,
511 3939 612 4008 qpam
625 3917 723 3982 civile
741 3920 959 4004 jurejustum,
985 3930 1017 3982 et
1032 3919 1213 4004 legitimum
1239 3907 1413 4000 dicebatur·

117 4017 157 4086 Et
171 4024 299 4112 quaudo
314 4025 488 4108 simplicior
512 4026 567 4112 hic
581 4032 602 4092 a
617 4027 767 4092 Praetore
782 4026 937 4092 inductus
951 4027 1096 4112 conjugii
1118 4025 1330 4093 contrahendi
1345 4043 1434 4096 mo.

118 4124 174 4194 dus
187 4144 329 4218 iepepius
354 4133 476 4218 passim
490 4131 560 4218 ipit,
576 4134 618 4198 ab
640 4153 705 4217 usu
722 4137 819 4198 etiarn
845 4133 939 4198 desiit
963 4133 1152 4230 conjugium
1177 4131 1245 4196 solo
1261 4147 1325 4192 usu
1339 4148 1412 4198 con-

119 4240 313 4324 trahendum,
327 4253 513 4330 remanente
527 4264 571 4331 ea·
592 4254 719 4311 tanturn
735 4245 970 4322 concubinatus
985 4245 1099 4328 specie,
1123 4245 1154 4308 in
1172 4262 1238 4324 qna
1253 4241 1345 4306 nulla
1360 4241 1416 4306 fio

120 4345 169 4414 bat
179 4351 353 4428 liberorum
367 4353 646 4440 suscipiendorum
657 4357 800 4442 publica
814 4357 950 4442 testatio,
977 4356 1035 4440 qui
1049 4357 1137 4422 euim
1151 4374 1214 4420 usu
1229 4373 1304 4444 cum
1320 4365 1414 4450 testp·
