3216 4988
159 520 173 544 ’1
258 435 322 502 208
499 463 589 510 eres
606 465 731 527 rarus,
750 469 1158 536 nrssaarrrrorunr1r‚
1176 437 1252 526 cie.
1269 458 1324 525 lv.

257 578 315 642 tali
331 580 453 664 Hygini
470 583 587 666 Papae,
604 589 697 672 cujus
712 589 930 674 fragmentum
947 607 1035 658 extat
1051 597 1083 660 in
1107 617 1178 662 can.
1198 603 1245 667 19.
1262 601 1303 666 de
1324 622 1411 666 cons.
1425 603 1488 668 drst.
1502 607 1532 690 1)

254 689 312 754 sed
329 705 406 758 tunc
423 696 577 778 pollutam
597 700 775 766 Ecclesiam
791 703 952 784 drxeauu,
969 708 1019 770 vcl
1035 729 1109 774 cum
1125 711 1241 774 cultu
1234 714 1332 797 rrupio
1347 727 1394 778 est
1412 715 1531 798 prolana·

254 810 294 880 ta,
312 803 363 864 vel
379 823 463 870 cum
471 827 600 870 enorme
622 810 742 872 crimen
759 813 964 876 admissum
957 835 988 879 ru
1005 837 1043 878 ea
1059 817 1112 880 fue
1097 819 1161 897 erit,
1185 821 1282 900 quale
1298 833 1343 884 est
1363 821 1440 885 iuter
1452 837 1531 885 caete
1575 895 1576 930 r

252 927 287 970 ra
303 910 423 974 crimen
439 913 613 994 homicidii,
640 929 697 980 ant
712 939 776 982 uon
794 921 920 984 modica
946 922 1060 988 effusio
1074 927 1246 1008 sanguinis
1268 949 1309 992 cx
1325 932 1416 1012 gravi
1437 933 1530 1014 injuria
1575 933 1576 1000 l

250 1039 285 1082 m
301 1020 465 1086 hommem
482 1025 571 1088 illata
586 1029 786 1111 contingens
813 1033 936 1114 capct,
952 1047 983 1096 et
1000 1035 1055 1098 ult
1081 1036 1121 1098 de
1137 1058 1277 1101 consecr
1295 1041 1420 1106 Eccles.
1442 1045 1483 1106 vel
1497 1044 1576 1106 al

250 1239 509 1306 denuntiatosin
537 1265 575 1308 ea
590 1243 793 1328 sepeliatur
799 1269 868 1330 cap
884 1253 912 1314 7.
929 1252 969 1314 de
984 1273 1071 1317 cons
1089 1255 1217 1320 Eccles.
1219 1259 1293 1334 vcl
1309 1259 1376 1338 alt
1400 1261 1477 1324 veld
1481 1266 1529 1326 eui·

249 1365 314 1428 quc
328 1362 438 1414 contra
466 1351 621 1420 interdicti
639 1357 831 1418 senteutiam
860 1355 953 1420 suerit
969 1360 1067 1422 alicui
1093 1362 1259 1444 sepultura
1279 1383 1440 1446 concessa,
1463 1369 1529 1430 dicta
1575 1401 1576 1458 3

248 1477 319 1542 cap.
337 1462 365 1524 7.
410 1461 514 1544 igitur
528 1465 559 1528 iu
578 1465 666 1543 aede,
691 1487 776 1548 quac
802 1488 861 1530 uec
877 1471 1054 1546 benedicta,
1083 1491 1142 1534 uec
1157 1488 1344 1539 consecrata
1370 1477 1467 1552 luerit,
1486 1491 1529 1542 aut

248 1585 312 1630 neu
331 1571 545 1657 reconcialota
560 1585 631 1654 post
647 1574 865 1658 pollutionem,
882 1596 977 1640 neruo
990 1579 1175 1660 regulariter
1191 1593 1292 1662 potest
1310 1582 1528 1650 Huclraristian

246 1677 413 1755 conficere,
430 1681 584 1760 gravibus
600 1683 710 1762 poeuis
725 1685 901 1746 coercendo
916 1705 964 1762 eo,
979 1687 1033 1766 qui
1050 1687 1228 1764 confecerit,
1244 1689 1374 1751 arbitrio
1390 1673 1528 1772 Episcripi,

246 1805 313 1850 nan
331 1800 438 1852 tamen
455 1789 606 1852 habendo
622 1801 788 1870 tamquam
806 1792 978 1873 irregulari,
995 1813 1064 1876 cap.
1081 1793 1127 1857 18.
1145 1795 1184 1856 de
1200 1808 1280 1857 seut.
1296 1815 1451 1858 excomm.
1466 1797 1526 1858 inb

288 1897 378 1959 Haec
394 1899 557 1978 generalia
573 1910 657 1962 suot.
693 1901 863 1962 Caeterum
879 1921 921 1964 ex
936 1903 1094 1983 singulari
1120 1901 1362 1985 dispensatione
1378 1925 1438 1968 uon
1452 1904 1527 1966 iusre

242 2013 379 2085 quanter
393 2005 539 2080 obtinuit,
556 2017 591 2066 ut
607 2008 638 2068 in
657 2007 787 2088 privatis
804 2008 966 2088 Oratoriis,
983 2029 1039 2072 scu
1057 2011 1223 2094 Cappcllis
1240 2015 1324 2076 iutra
1341 2015 1474 2094 privatas
1485 2032 1525 2075 ae

242 2113 301 2176 des
315 2115 497 2180 constitutis
523 2117 644 2180 Missae
659 2115 854 2179 sacrificium
881 2118 1065 2198 celebretur,
1081 2123 1224 2204 exceptis
1247 2133 1355 2184 tameo
1374 2123 1524 2206 majoribus

240 2219 476 2286 festivitatibus.
504 2225 622 2306 quibus
649 2223 761 2288 fideles
786 2226 828 2288 ad
857 2226 1021 2290 Ecclesiae
1047 2229 1196 2310 publicas
1225 2231 1406 2308 convenire,
1434 2231 1524 2293 visuro

240 2351 366 2418 semper
391 2333 453 2397 snrt
467 2347 692 2417 opportunum,
719 2355 789 2398 can.
806 2337 856 2400 25.
883 2336 923 2398 de
938 2356 1079 2402 consecr.
1102 2337 1175 2402 dist.
1193 2340 1221 2402 1.
1265 2339 1405 2402 Numine
1427 2339 1525 2424 privati
1555 2385 1559 2396 .

239 2446 377 2512 Oratorii
393 2447 525 2510 minime
541 2447 678 2510 veniunt
700 2447 838 2508 minores
854 2445 1015 2527 qrraedam
1033 2447 1201 2510 Ecclesiae
1221 2450 1416 2530 privatorum
1429 2465 1523 2530 sumo

237 2553 325 2615 tibus
339 2565 462 2616 erectae
479 2565 598 2616 retento
619 2554 812 2636 erigentium
827 2556 930 2636 gratia
940 2557 1210 2638 jurepatronatus,
1227 2557 1261 2620 iu
1278 2558 1365 2636 vicis,
1389 2557 1521 2638 inpagis,

237 2669 408 2732 autetiam
425 2669 456 2732 in
474 2667 569 2748 agris.
586 2667 619 2731 Si
630 2667 716 2728 euim
728 2668 808 2728 istae
821 2667 1194 2750 cappellaeauctoritatc
1205 2669 1394 2732 Antistitum
1405 2668 1522 2732 velcon·

236 2785 388 2851 saeratae,
401 2775 451 2838 vel
466 2775 652 2844 benedictae
667 2773 707 2836 ad
726 2795 820 2838 usum
839 2776 1005 2858 publicum
1017 2775 1145 2854 suerint,
1157 2788 1189 2840 et
1200 2777 1279 2840 istae
1289 2779 1362 2860 jure
1379 2777 1518 2841 Ecclesia·

234 2901 306 2946 rum
318 2881 521 2964 publicarum
543 2881 768 2944 censebuntur.
797 2883 881 2944 Hinc
893 2895 927 2946 ut
939 2883 1087 2964 publicae
1099 2882 1256 2960 drcantur,
1280 2903 1360 2946 usus
1377 2885 1479 2967 potius,
1492 2891 1520 2944 et

234 2988 442 3052 commodum
461 2989 626 3070 publicum
641 2979 811 3072 spectatur.
844 2993 923 3060 era
940 2991 971 3053 iu
989 3011 1021 3054 re
1037 3003 1071 3052 ut
1089 2993 1237 3074 publicae
1254 2993 1428 3074 Ceppellae
1441 2991 1519 3074 apri·

233 3097 320 3160 varis
334 3110 549 3174 secernantur,
563 3098 829 3175 soletobservari,
841 3109 883 3160 an
900 3098 1075 3181 Cappellae
1086 3099 1203 3178 ostium
1214 3099 1353 3162 habeant
1371 3099 1516 3180 potensin

233 3210 363 3292 publica
376 3211 437 3286 via,
449 3211 581 3272 etiamsi
597 3210 669 3271 talis
681 3210 733 3270 via
744 3208 793 3284 sit,
805 3227 889 3289 quae
902 3207 941 3270 ad
956 3209 1116 3289 purrllcam
1127 3207 1275 3270 eumdem
1287 3209 1469 3292 Coppellam
1478 3206 1515 3267 in·

232 3323 441 3398 tormoriatur,
458 3333 647 3402 argumento
660 3321 678 3382 l.
695 3320 724 3382 3.
741 3319 774 3384 ff.
791 3321 831 3382 cle
849 3321 915 3394 loc,
926 3331 956 3382 et
968 3321 1034 3382 itin.
1046 3319 1141 3402 publ,
1154 3319 1299 3380 hiscuim
1310 3318 1514 3397 casrbusCap·

232 3431 317 3515 pella
329 3430 441 3494 eadem
457 3441 622 3510 tamquam
638 3429 764 3510 publica
778 3428 954 3507 habebitur,
972 3439 1163 3510 argumento
1178 3430 1195 3488 l.
1208 3429 1248 3506 b,
1263 3441 1292 3488 et
1306 3428 1356 3492 72.
1370 3431 1392 3494 l.
1409 3430 1432 3490 l.
1444 3425 1471 3489 ff.
1481 3424 1513 3484 da

229 3523 330 3604 couti.
340 3555 445 3624 ampl,
459 3543 477 3606 l.
490 3544 516 3604 l.
527 3541 558 3604 ff.
571 3542 611 3604 de
623 3542 707 3619 locis,
719 3553 750 3604 et
760 3542 870 3616 itiner,
889 3553 920 3603 ct
931 3541 951 3604 l.
965 3541 994 3603 2.
1007 3545 1028 3609 l.
1040 3554 1068 3602 et
1079 3543 1108 3604 5.
1119 3539 1151 3603 ff.
1164 3541 1290 3620 nequid
1302 3541 1334 3604 in
1347 3541 1415 3604 loro
1430 3537 1511 3624 publi·

227 3667 276 3708 co.
300 3649 403 3709 lrnrrro
415 3649 512 3710 ctiam
526 3649 550 3710 si
566 3653 596 3711 in
609 3649 732 3731 privato
742 3649 843 3712 sunda
853 3650 1008 3731 Cappella
1021 3665 1263 3728 construeretur,
1277 3669 1336 3712 nec
1352 3663 1424 3714 aute
1440 3649 1509 3709 viam

229 3757 405 3842 publicam5
422 3769 453 3818 et
468 3755 560 3820 sundi
571 3758 723 3820 dominus
733 3777 767 3820 sc
776 3759 928 3844 obligaret
942 3757 982 3820 ad
995 3761 1080 3821 viem
1091 3759 1333 3822 concedendam
1345 3761 1375 3822 iu
1388 3759 1451 3820 solo
1463 3755 1508 3838 pri·

228 3866 1506 3950 vato,utpublicaeconvcuiriadCappellarupossit,eademCappellataruquam

226 3976 358 4060 publica
373 3976 552 4038 baberetur.
586 3975 654 4038 lloc
670 3995 765 4038 seusu
783 3977 824 4038 ed
843 3990 985 4038 veterum
1004 3995 1081 4038 usus
1098 3977 1270 4058 respiciens
1286 3997 1345 4058 ego
1361 3987 1506 4055 tamquam

226 4088 374 4171 publicas
390 4085 563 4168 Cappellas
590 4085 663 4148 illas
680 4084 777 4148 fuisse
793 4086 1021 4160 existimarem,
1045 4105 1129 4166 qrrae
1145 4085 1255 4167 primis
1278 4085 1438 4147 Ecclesiae
1452 4097 1505 4142 sae

224 4193 317 4270 culis,
333 4211 408 4256 cum
426 4192 537 4254 fideles
553 4192 595 4280 ab
610 4193 775 4254 Aetlruicis
791 4193 858 4255 dire
874 4206 1076 4269 vexarentur,
1095 4193 1327 4276 extruebantur
1343 4193 1374 4255 in
1389 4190 1505 4252 aeditua

215 4294 432 4384 'privatorum
448 4313 506 4364 aut
532 4301 643 4364 lundrs
659 4302 698 4364 ad
716 4301 909 4365 celebranda
923 4302 1110 4366 clanculum
1136 4303 1235 4378 Sacra
1250 4301 1292 4364 ad
1311 4299 1464 4382 prlblicum
1475 4291 1503 4355 ti-

223 4409 345 4473 delium
361 4411 580 4490 commodum,
606 4411 691 4494 quod
708 4423 740 4474 et
764 4431 805 4474 cx
822 4412 902 4474 actis
927 4411 1154 4496 Apostolorum
1182 4413 1248 4474 arui
1271 4429 1363 4494 posse
1387 4406 1503 4477 ridetur,

221 4535 292 4598 cap.
308 4517 339 4580 2.
356 4537 436 4580 vers.
452 4519 513 4597 46,
529 4531 559 4582 et
575 4539 644 4603 cap.
660 4520 710 4583 20.
728 4539 807 4580 vers.
824 4521 863 4598 7.,
879 4532 910 4580 et
924 4519 954 4582 8.
999 4518 1166 4582 Praeterea
1176 4523 1299 4618 'uorucu
1316 4513 1424 4601 privati
1436 4509 1501 4572 oo·

144 1133 148 1150 '
252 1138 310 1190 tar.
313 1148 406 1211 ,.cap
435 1150 488 1192 un.
504 1132 574 1194 eod
603 1145 647 1198 trt
664 1137 752 1214 tob,
778 1141 1158 1220 antcrrmvclinfirlelis
1185 1145 1529 1212 velexcornmunicatus
1575 1115 1576 1206 l
