3216 4988
108 503 113 510 η
211 427 276 493 268
448 453 535 499 etas
554 457 678 516 eatur,
708 459 947 507 aresceret-ro
962 443 1113 528 buturo,
1135 470 1212 514 cae.
1229 449 1286 516 IV.

212 572 414 652 pactionibus
430 575 562 658 adjectis
587 599 663 643 etun
680 577 821 647 debitore
836 589 1032 670 contrahere,
1049 590 1182 674 quando
1206 595 1316 658 revere
1332 595 1407 660 nihd
1421 595 1491 662 aiiutl

212 699 354 747 versaret
379 689 497 769 animo,
521 711 622 773 quam
645 693 775 778 effugia,
801 698 920 779 quibus
948 707 1063 766 usura's
1087 703 1191 769 titulis
1214 707 1491 792 quomodocumque

210 804 396 874 protegeret.
430 795 635 880 'Hujusmodi
651 813 737 882 sunt,
753 805 809 886 qui
826 826 891 872 non
908 822 1055 874 mutuam
1072 813 1246 894 pecuniam
1262 816 1384 881 tradere
1398 839 1427 882 se
1441 841 1493 904 pro·

209 897 355 982 fitentur,
377 905 434 966 sed
450 925 556 969 cincre
581 909 641 972 sibi
657 931 803 979 annuam
820 920 1008 999 pensionem
1023 919 1224 1005 solvendam,
1252 925 1356 992 donec
1371 931 1490 996 restitute¹

210 1009 350 1089 pecunia
379 1009 563 1078 redimatur.
608 1017 804 1102 Hujusmodi
830 1036 914 1104 sunt,
940 1028 996 1108 qni
1013 1029 1160 1094 vendunt
1186 1032 1290 1096 elicui
1306 1053 1372 1099 rem
1395 1049 1491 1102 cettan

208 1124 295 1183 certo
311 1125 418 1205 pretio,
436 1125 560 1209 adjecto
576 1145 678 1209 pacto,
695 1141 730 1194 ut
745 1133 796 1196 vei
813 1135 931 1215 statim,
959 1133 1096 1224 vel'post
1111 1155 1236 1208 certum
1251 1157 1379 1230 tempus
1394 1151 1493 1214 minare

208 1232 312 1311 pretio
327 1231 549 1298 venditoribus
565 1239 815 1323 retrovendatur,
832 1247 889 1326 qui
904 1258 1088 1314 contractus
1105 1251 1242 1316 Moatra
1257 1253 1340 1316 soter
1354 1259 1374 1319 a
1389 1255 1493 1318 moralis

207 1341 410 1426 'I'beoiagiae
425 1347 601 1416 cultoribus
616 1353 782 1436 appellari.
830 1355 1025 1441 Hujusmodi
1041 1355 1190 1442 deniqne,
1211 1374 1246 1424 ut
1261 1362 1343 1425 aiios
1359 1363 1492 1440 amitten,

207 1470 303 1536 sunt,
318 1460 376 1543 qni
392 1449 564 1543 pe'cuniam
590 1467 750 1531 societatis
776 1487 878 1532 eausa
902 1469 1081 1550 conferant,
1109 1485 1140 1536 et
1157 1475 1347 1556 negotiatori
1374 1475 1490 1554 tradunt,

208 1565 336 1630 duobus
352 1569 454 1651 pactis
470 1571 610 1656 adjectis
627 1575 730 1658 primo
746 1586 781 1639 ut
797 1577 969 1660 pecuniam
985 1598 1138 1642 exercens
1157 1581 1190 1643 iu
1206 1601 1240 1643 se
1257 1583 1431 1666 periculum
1444 1603 1493 1644 sor·

208 1677 248 1738 tis
265 1678 403 1762 recipiat,
419 1699 574 1746 concessa
589 1684 650 1766 ipsi
666 1686 787 1748 interea
802 1687 920 1774 sperati
935 1687 1016 1751 tucri
1032 1689 1184 1772 portione3
1202 1691 1357 1772 secando,
1380 1705 1412 1757 ut
1425 1691 1492 1755 iden

206 1789 380 1868 pecuniam
394 1810 548 1855 exercens
575 1813 630 1876 pro
646 1793 766 1858 incerto
781 1795 901 1879 majore
927 1795 1024 1876 lucro,
1040 1796 1128 1879 quoti
1144 1815 1185 1861 ex
1212 1797 1426 1882 negotiatione
1439 1817 1494 1878 spe

113 1875 115 1880 ⁵
207 1877 302 1978 ratui,
318 1910 443 1964 certum
467 1917 618 1965 annuum
635 1901 760 1967 lucram
776 1897 910 1968 minoris
924 1905 1114 1992 quantitatis
1136 1903 1291 1970 daturum
1307 1923 1343 1968 se
1358 1903 1495 1992 spondeat

137 1987 141 1994 ⁵
205 2011 362 2090 creditori,
388 2031 488 2096 quam
504 2015 644 2100 speciem
669 2015 832 2099 Theologi
858 2018 1105 2101 appellaverunt
1133 2017 1352 2084 Contracturae
1375 2019 1493 2090 triurnn

205 2126 357 2224 qaasi'ex
372 2139 539 2192 contractu
566 2129 734 2210 societatis,
750 2141 781 2192 et
797 2129 926 2194 duabus
950 2131 1130 2196 contractui
1154 2131 1289 2216 adjectis¹
1309 2133 1495 2217 pactionibus

204 2237 447 2300 coalescentem.
492 2235 578 2308 Quis
593 2236 680 2299 enim
697 2235 730 2299 iu
756 2235 808 2300 his
822 2237 984 2316 omnibus,
1011 2249 1069 2302 aut
1083 2237 1367 2321 similibus-facile
1389 2257 1447 2303 non
1460 2241 1494 2300 in·

205 2343 337 2431 telligat,
354 2343 526 2408 simulatae
539 2345 649 2409 omnia
664 2345 738 2431 geri,
754 2356 785 2410 et
796 2365 907 2412 revera
922 2345 1005 2412 nihii
1017 2345 1108 2412 aliud
1120 2349 1181 2434 agi,
1197 2367 1299 2434 quam
1310 2359 1496 2415 contractum

205 2453 310 2518 mutui
327 2453 389 2516 sub
406 2445 526 2516 usuris?

246 2557 321 2624 Huc
338 2559 522 2624 referendae
548 2573 655 2626 essent
671 2564 779 2626 variae
805 2563 889 2646 iiiae,
915 2583 1001 2646 quae
1015 2563 1056 2628 de
1071 2565 1221 2630 censibus
1243 2567 1297 2650 agi
1313 2567 1427 2646 solent,
1446 2561 1496 2626 dis·

203 2655 395 2754 putationes.
439 2671 609 2742 Quoniam
625 2689 699 2734 vero
725 2691 838 2738 earam
853 2671 1060 2755 difinitiones,
1086 2687 1159 2738 utut
1188 2674 1285 2738 vaide
1312 2677 1496 2754 utiles-mn

205 2779 331 2864 ubique,
358 2793 389 2846 et
405 2771 738 2866 generaliterproietri
763 2781 932 2846 commode
948 2793 1077 2865 possent
1101 2781 1143 2846 ob
1158 2781 1287 2846 diversa
1316 2779 1496 2844 Pontificum

200 2885 422 2953 Maximorum
438 2890 599 2972 rescripta,
616 2891 760 2954 diversos
775 2909 909 2974 quoque
921 2889 1166 2956 provinciarum
1181 2909 1294 2970 mores,
1313 2891 1441 2954 diversa
1454 2885 1497 2948 de·

202 2999 301 3080 nique
316 3015 422 3060 rerum
443 2995 663 3081 judicatarum
680 2997 884 3082 praejudicia,
912 2999 990 3061 satis
1006 2997 1071 3078 erit,
1097 2997 1126 3060 si
1141 3015 1271 3061 summa
1287 2995 1389 3080 hujus
1414 3007 1496 3057 mate·

129 3167 130 3172 ,
202 3109 267 3170 riae
281 3127 317 3172 ca
322 3111 390 3192 pita
405 3110 564 3194 attingam
580 3109 623 3173 ad
638 3109 855 3174 exhibendam
871 3107 1051 3192 quamdam
1066 3127 1225 3173 censuum
1241 3109 1429 3193 imaginem,
1445 3123 1497 3169 nott

199 3219 243 3281 ad
258 3219 389 3302 singula
414 3219 627 3303 exprimenda
644 3219 772 3283 illorum
799 3219 901 3282 veluti
914 3217 1164 3300 delineamenta,
1191 3239 1276 3301 quae
1293 3221 1402 3302 potius
1423 3209 1497 3298 apud

199 3329 424 3412 Praguraticns
439 3327 713 3395 consuetudinum
723 3325 826 3394 ¹testes
842 3331 1068 3413 unusquisque
1083 3329 1197 3412 poterit
1212 3329 1418 3412 investigare.
1447 3323 1497 3389 No

199 3458 274 3502 mon
291 3457 409 3503 census
435 3439 521 3523 apud
541 3451 663 3504 veteres
681 3441 788 3502 varias
803 3440 918 3516 habuit
940 3437 1202 3522 significationem
1226 3437 1335 3502 sedin
1352 3435 1498 3524 proposito

199 3547 241 3612 atl
258 3547 528 3616 demonstrandas
552 3561 655 3611 certas
681 3559 908 3613 contractuum
934 3545 1055 3613 formas
1072 3547 1219 3630 usurpari
1244 3543 1496 3612 ateceutioribut

197 3653 215 3720 J
222 3655 432 3720 urcconsultis
448 3655 566 3734 debuit,
592 3667 621 3718 ct
639 3655 772 3742 quidem
788 3657 869 3720 adeo
885 3655 1088 3739 multiplices„
1115 3667 1149 3719 ut
1165 3636 1254 3738 quae'
1276 3655 1497 3719 conventiones

198 3767 312 3829 subeo
344 3767 500 3830 vocabulo
517 3769 661 3848 veniunt,
688 3787 754 3832 nou
770 3769 875 3852 specie
902 3779 1029 3832 tantum
1056 3767 1152 3852 longe
1168 3765 1301 3860 differre,
1331 3765 1498 3831 sedetiam

119 3873 121 3876 ’
200 3897 317 3964 genere
334 3878 514 3944 videantur.
559 3879 684 3946 Revera
700 3879 802 3944 alium
818 3880 983 3966 appellant
998 3897 1134 3942 censum
1151 3879 1396 3958 reservatiram,
1411 3875 1499 3937 atium

195 3991 468 4080 consignativuur,
484 4005 515 4056 et
531 3991 619 4054 bunc
634 3991 730 4054 modo
748 3991 874 4071 reaietn,
892 3991 988 4056 modo
1005 3991 1213 4076 personalem.
1259 3987 1499 4098 Reservativurtt

198 4113 322 4182 vocant,
351 4103 477 4184 quoties
502 4101 611 4182 aliquo
639 4099 731 4165 titulo
758 4099 800 4162 ad
827 4099 1009 4164 dominium
1035 4098 1296 4162 transferendum
1323 4099 1439 4162 idoneo
1460 4111 1499 4155 res

196 4227 425 4294 quaecumque
442 4209 537 4292 piena
547 4211 618 4292 jure
641 4207 836 4286 conceditur,
853 4219 1017 4270 reservata
1033 4207 1083 4268 vel
1100 4206 1314 4285 concedentis,
1341 4205 1394 4268 vei
1409 4215 1501 4267 extra·

197 4317 249 4380 aei
267 4317 379 4404 gratia,
407 4317 540 4379 certain
559 4336 694 4394 aienses,
711 4317 762 4379 vei
779 4315 811 4380 in
828 4336 932 4378 annos
958 4315 1104 4398 singulos
1130 4315 1357 4399 praestatione.
1403 4311 1498 4394 Hujus

200 4445 280 4487 sane
295 4439 479 4488 contractus
506 4425 677 4509 disciplina
693 4445 757 4489 nou
774 4425 937 4507 iucoguittt
953 4428 1113 4490 veteribus
1130 4427 1198 4502 suit,
1223 4443 1428 4508 quamquam
1443 4437 1497 4482 nou

197 4511 329 4602 'liaberet
346 4535 398 4604 iiic
415 4535 554 4626 speciale
572 4558 698 4618 nornen,
716 4537 914 4624 proindeque
930 4540 1055 4602 actione
1070 4538 1274 4626 praescriptis
1287 4537 1397 4603 vcrb'ts
1412 4547 1499 4600 statu·
