3168 4982
317 425 413 474 QUAE
436 427 587 472 trucum
611 428 843 473 vononr'rattta
865 429 1049 474 consuens
1071 428 1212 474 OBSINT.
1350 409 1414 474 213

116 564 165 608 rae
190 546 289 609 semel
310 560 484 632 corruptae,
512 549 598 614 unde
620 549 664 628 fit,
683 561 716 614 ut
738 549 932 634 depravatae
954 552 1100 614 nationes
1122 551 1166 638 de
1188 550 1296 635 pravis
1319 561 1416 614 ruant

114 656 296 738 praecipites
311 658 344 720 in
367 661 479 742 pejora,
496 655 589 720 facilc
611 663 701 736 esset,
721 657 787 722 huc
810 679 959 722 revocare
981 679 1020 720 ea
1042 658 1206 742 principia,
1223 677 1307 738 quae
1322 656 1417 740 posui

114 761 200 824 initio
228 763 326 848 huJus
350 765 553 845 tractationis,
582 763 719 828 diceudo
741 765 902 844 nimirum,
929 763 1184 848 confugiendum
1206 783 1275 826 esse
1291 763 1333 826 ad
1355 765 1417 846 pri·

112 877 286 957 migeuiam
315 877 510 939 matrimonii
532 881 719 942 naturama
740 875 811 938 Deo
826 875 975 940 Creatore
997 877 1186 955 institutam,
1198 878 1294 960 juxta
1315 893 1416 956 quam

113 979 200 1042 Deus
215 1001 322 1045 uuum
344 1001 420 1045 cum
435 1003 501 1045 una
523 985 713 1046 tantumodo
738 985 872 1047 sociavit
893 985 1016 1068 adjecta
1038 985 1197 1048 clausula:
1221 985 1338 1048 Erunt
1352 985 1417 1048 duo

109 1090 144 1152 ἐπ
157 1110 256 1152 earne
279 1112 362 1170 unm
377 1089 516 1154 dicendo
530 1103 699 1175 praeterea,
716 1093 881 1157 Christum
902 1095 1081 1159 Dominum
1098 1095 1130 1158 in
1153 1113 1222 1176 cap.
1241 1095 1288 1157 19.
1333 1093 1416 1156 Mat-

110 1201 193 1264 thaei
208 1203 432 1285 conjugiorum
448 1205 522 1288 jura
537 1203 579 1267 ad
603 1205 816 1287 primigeneas
845 1218 979 1269 naturae
1001 1205 1217 1268 institutiones
1232 1205 1415 1284 exigentem

108 1313 150 1373 ita
165 1311 392 1376 declaravisse.
428 1313 529 1383 Quod
544 1313 616 1376 siin
631 1315 827 1377 contrarium
841 1313 1043 1395 allegaretur,
1059 1333 1100 1376 ex
1116 1311 1322 1377 multitudine
1337 1331 1421 1375 uxo·
1460 1382 1462 1396 Ι

7 1507 8 1514 ¹
107 1441 176 1484 rum
194 1439 357 1504 emergere
379 1421 477 1486 etiam
502 1421 665 1502 quaedam
687 1421 721 1485 in
747 1421 978 1504 rempublicam
1002 1421 1230 1484 emolumenta:
1262 1422 1416 1484 nimirum

7 1547 8 1554 ¹
107 1533 259 1614 majorem
285 1531 453 1594 liberorum
476 1549 657 1610 numerum,
684 1531 918 1594 incrementum
940 1541 1106 1614 propterea
1130 1531 1267 1594 humani
1291 1531 1415 1613 generis

7 1635 9 1692 ῗ
106 1653 135 1704 et
149 1643 321 1722 societatis,
345 1645 379 1706 in
403 1662 468 1724 quo
490 1642 565 1706 finis
580 1643 740 1705 obtinetur
762 1641 898 1724 amplior
923 1641 1147 1725 conjugiorum
1168 1649 1325 1706 auctura
1347 1643 1417 1726 ipsa

7 1747 8 1760 ¹
106 1751 258 1832 intentus3
287 1749 380 1814 facile
402 1751 499 1814 etiam
528 1751 676 1829 dicerem,
700 1751 911 1814 nihilominus
941 1749 993 1811 vol
1016 1749 1085 1832 ipso
1115 1749 1231 1812 mundi
1253 1753 1415 1814 nascentis

7 1899 8 1914 t
105 1861 204 1939 initio,
236 1879 301 1941 quo
324 1862 504 1922 necessaria
532 1869 600 1921 erat
628 1859 765 1923 humaui
796 1857 922 1940 generis
951 1857 1145 1940 propagatio,
1169 1868 1319 1920 naturam
1349 1877 1416 1920 non

102 1969 164 2030 nisi
191 1969 325 2031 unicam
348 1987 483 2031 uxorem
512 1968 685 2030 sociavisse
707 1966 785 2048 viro;
813 1967 944 2050 insuper
966 1987 1139 2031 numerum
1166 1967 1336 2030 liberorum
1358 1979 1416 2030 aut

7 2061 9 2098 ³
104 2095 219 2158 parum
238 2077 348 2141 utilem
371 2075 514 2139 societati
538 2096 616 2156 csse,
642 2075 696 2140 ubi
712 2086 877 2156 nequount
897 2075 1039 2155 honeste,
1056 2096 1094 2138 ao
1116 2075 1285 2148 liberaliter
1299 2075 1416 2140 educa-

104 2186 136 2264 ri,
162 2186 219 2247 ubi
241 2196 406 2267 praeterea
427 2183 587 2246 discordia
616 2185 798 2247 animorum
822 2185 903 2247 inter
919 2185 1005 2267 ipsos
1035 2185 1150 2251 liberos
1172 2206 1214 2249 ex
1243 2187 1313 2270 ipsa
1334 2189 1415 2252 nati-

7 2283 8 2356 }
101 2297 202 2358 vitate
232 2317 274 2358 ex
296 2295 430 2358 diversis
459 2295 614 2382 matribus
637 2297 857 2374 concitaretur,
879 2305 937 2358 aut
960 2295 1003 2358 ita
1028 2315 1099 2357 esse
1121 2307 1197 2360 cum
1223 2317 1302 2379 pace
1323 2295 1415 2360 fami.

7 2399 8 2408 ’
101 2407 182 2486 liari,
212 2417 244 2469 et
277 2405 408 2484 liberali,
438 2406 628 2468 educatione
656 2403 870 2488 jungendum,
901 2415 943 2484 ut,
979 2403 1058 2467 dum
1087 2405 1210 2470 bonum
1242 2407 1415 2470 liberorum

7 2527 9 2588 ἑ
101 2513 425 2595 multiplicandorum
453 2524 592 2592 curatur,
615 2513 738 2574 bonum
766 2509 909 2574 familiae
933 2523 1046 2593 pacate
1076 2511 1244 2593 regendae,
1273 2515 1412 2578 educan-

7 2669 9 2700 ,
99 2623 229 2704 daeque
255 2621 388 2684 minime
414 2621 604 2702 negligatur,
628 2615 715 2700 quod
741 2639 819 2682 sane
842 2619 933 2682 nullo
956 2617 1052 2681 modo
1075 2619 1202 2681 evenire
1217 2630 1328 2701 potest,
1352 2622 1413 2684 nisi

7 2727 9 2784 i
100 2737 202 2798 unius
225 2744 352 2796 tantum
367 2753 443 2795 cum
459 2751 525 2794 una
547 2732 588 2793 sit
604 2731 855 2793 matrimonuim.
899 2729 965 2793 Sed
987 2730 1074 2812 quod
1093 2732 1281 2812 gravissime
1304 2731 1412 2814 dispu-

7 2831 9 2914 Ϊ
99 2841 232 2906 tationis
260 2841 358 2925 hujus
381 2839 506 2901 exitum
535 2837 662 2899 turbare
685 2847 795 2918 potest,
821 2847 897 2898 sunt
918 2855 1022 2899 mores
1051 2847 1197 2900 veterum
1219 2839 1413 2904 Sanctorum

7 2959 9 3006 t
99 2951 252 3025 virorum,
269 2946 411 3026 ipsorum
433 2943 530 3005 etiam
556 2943 817 3006 patriarcharum
840 2943 1062 3010 Hebraeorum
1085 2946 1142 3028 qui
1163 2946 1271 3029 plures
1296 2967 1412 3012 uxores

7 3055 9 3072 '
98 3079 165 3124 uua
188 3057 364 3135 diruerunt,
386 3073 592 3136 quocumque
607 3053 846 3136 appellarentur
874 3057 1012 3135 nomine,
1043 3057 1094 3119 vel
1119 3058 1408 3142 matrumfamilias,

7 3205 9 3248 3
97 3168 149 3230 vel
165 3165 429 3240 concubinatum,
452 3162 533 3224 alias
548 3173 658 3225 autem
680 3161 750 3224 Deo
776 3163 973 3245 aceptissimi
995 3163 1095 3228 fuisse
1115 3164 1408 3251 deprehenduntur,

7 3251 8 3264 i
96 3288 127 3339 et
141 3275 246 3337 sacris
268 3271 384 3334 veteris
396 3271 579 3333 testamenti
600 3270 699 3334 literis
717 3271 852 3353 gloriose
875 3273 1058 3356 laudantur,
1083 3277 1177 3356 quasi
1199 3277 1324 3342 illorum
1342 3281 1411 3344 vita

96 3381 328 3448 honestissimo
342 3379 458 3461 cuique
481 3397 540 3441 nec
570 3379 763 3460 poenitendo
783 3379 932 3463 exemplo
960 3401 1030 3443 esse
1052 3382 1267 3464 possitquae
1291 3385 1408 3466 profec-

7 3469 8 3472 ,
96 3505 127 3557 to
153 3493 221 3558 dici
243 3489 364 3572 nequit,
395 3490 422 3551 si
444 3487 604 3552 naturalia
633 3499 804 3570 praecepta
826 3491 1076 3554 temeravissent.
1120 3492 1156 3554 Id
1172 3492 1264 3558 ¹adeo
1292 3512 1407 3562 verum

95 3614 150 3680 est,
175 3609 215 3663 ut
243 3599 276 3662 S.
300 3597 490 3660 Ambrosius
512 3615 588 3660 cum
617 3595 658 3658 de
684 3597 869 3660 Abrahamo
899 3597 1088 3680 loqueretur,
1119 3602 1175 3682 qui
1204 3602 1302 3666 ducta
1324 3605 1407 3670 Sara
1499 3583 1502 3590 ⁴

93 3707 189 3771 duxit
203 3705 305 3768 etiam
326 3701 480 3766 ancillam
495 3703 590 3783 Agar,
614 3701 696 3766 inter
710 3703 816 3785 plures
839 3703 926 3768 illius
942 3705 1147 3770 Patriarohae
1168 3711 1405 3803 excusationes,

7 3855 8 3860 η
95 3813 184 3876 illam
199 3809 300 3873 etiam
313 3806 472 3891 proferret:
495 3809 588 3884 Quia
602 3811 772 3876 Abraham
795 3821 872 3876 ante
885 3814 993 3896 legam
1009 3815 1130 3899 Moysi,
1147 3827 1177 3881 et
1198 3831 1274 3884 aute
1290 3823 1403 3887 Evan-

7 3905 8 3908 ,
93 3919 316 4005 geliamfait,
339 3917 487 3982 ποητὶιιηι
510 3919 722 3984 interdictam
744 3921 948 3987 adulterium
962 3927 1141 4008 videbatur,
1165 3913 1280 3996 Poeita
1294 3935 1403 3997 crimi-

94 4033 147 4095 nis
160 4053 202 4096 ea
218 4035 362 4112 tempore
383 4027 469 4111 legis
484 4038 537 4106 est,
556 4049 638 4113 puae
660 4033 785 4096 crimen
805 4033 957 4115 inhibuit,
982 4057 1039 4101 nec
1053 4045 1129 4102 ante
1144 4041 1250 4124 legem
1268 4043 1339 4110 aila
1354 4043 1403 4106 rei

7 4151 8 4156 ’
95 4141 267 4206 dominatio
278 4145 334 4215 est,
357 4137 414 4200 scri
424 4157 464 4200 ea·
485 4137 566 4220 lege.
611 4137 687 4202 Nora
701 4161 780 4224 ergo
803 4143 839 4205 in
853 4143 961 4226 legem
972 4147 1136 4210 commisit
1152 4147 1328 4226 Abrabam,
1344 4149 1403 4212 sed

95 4251 201 4336 legem
214 4247 396 4333 praevenit.
441 4245 536 4310 Deae
557 4249 593 4311 in
610 4249 774 4332 paradiso
788 4253 983 4336 conjugium
1004 4255 1208 4336 laudaverat,
1222 4277 1288 4320 noa
1309 4257 1402 4321 adul

7 4425 8 4442 ,
96 4363 215 4423 teriam
229 4357 458 4436 domaverat,
481 4375 551 4420 can.
567 4357 596 4421 3.
620 4377 708 4422 caus.
725 4359 774 4424 32.
794 4377 909 4444 quaest
923 4365 963 4448 4,
987 4368 1075 4450 quod
1090 4379 1220 4432 secutus
1241 4379 1290 4433 est
1304 4371 1399 4436 Inno-

7 4481 8 4562 t
92 4468 219 4532 centius
234 4465 294 4530 111.
318 4465 351 4530 in
367 4482 436 4548 cap.
452 4465 481 4530 8.
505 4485 585 4530 vers.
602 4489 659 4534 aec
680 4469 797 4535 allide
820 4471 971 4539 divortiis.
