3210 4990
125 484 168 532 ns
191 481 384 542 consonus,
408 457 537 530 uorsus
559 477 697 526 casoro
720 477 969 525 nesrsrruoo
990 476 1259 524 coonsmorrurr.
1318 463 1379 528 les

83 608 264 690 conjugium
279 605 520 686 permitteretur,
535 601 667 683 quando
682 601 751 684 ipse
761 602 831 684 jem
851 601 935 666 ultre
949 605 1122 684 eepnmum
1136 609 1273 689 gradum
1289 620 1309 678 a
1323 617 1378 680 sti·

82 717 140 798 pite
153 713 321 777 communi
342 711 483 775 distaret.
530 711 654 792 Vulgus
679 711 887 792 interpretum
909 713 1017 776 cutim
1034 715 1067 778 in
1090 733 1265 802 conspecto
1281 725 1379 810 hujus

80 825 190 887 decreti
205 823 336 899 clamat,
353 819 577 883 Alexandrum
593 825 613 883 a
627 817 724 884 modo
738 818 947 900 computandi
958 821 1030 902 jure
1045 823 1132 886 civili
1146 831 1318 893 constituto
1334 853 1379 896 re-

78 935 217 998 cessisse.
262 929 337 1012 Ego
352 929 476 992 veroin
491 927 621 1010 figendo
641 929 702 990 isto
716 927 872 1009 principio
886 945 951 989 non
976 945 1108 1008 possum
1123 950 1226 1014 aeque
1240 937 1380 1003 edmari.

76 1045 106 1124 ri;
121 1043 244 1125 qnippe
257 1039 316 1122 qui
341 1039 508 1118 utriusque
524 1037 605 1119 juris
630 1035 760 1118 regulas
773 1035 1022 1118 contemplatus,
1045 1057 1111 1102 uon
1123 1047 1301 1108 contraries
1314 1049 1378 1112 hac

74 1151 214 1233 inparue,
232 1148 291 1210 sed
306 1146 450 1208 diverses
465 1144 594 1225 agnovi
611 1161 716 1222 neque
731 1161 773 1204 ex
789 1143 853 1205 illis
866 1163 951 1222 nrm,
978 1147 1034 1226 qui
1048 1163 1125 1210 cum
1140 1152 1318 1230 quamdam
1328 1157 1380 1241 ju·

73 1257 148 1320 rium
165 1257 359 1316 vehentem
374 1251 548 1327 intuentur,
564 1249 673 1311 statim
686 1247 728 1312 de
741 1249 929 1314 aortuudsn
941 1252 1238 1337 joriumcmflictu,
1254 1273 1285 1323 et
1300 1281 1379 1346 pag.

72 1367 282 1452 adjudicant,
309 1380 440 1447 gnarus,
455 1373 494 1423 ut
514 1361 693 1442 plurimum
714 1361 795 1444 juris
826 1360 1058 1444 Ecclesiastici,
1083 1377 1116 1428 et
1130 1369 1235 1433 civilis
1249 1376 1379 1456 regulas

71 1489 218 1540 numam
234 1473 297 1540 sibi
322 1489 466 1549 manum,
491 1479 523 1532 et
545 1453 734 1552 mirtheum
758 1469 919 1552 praebere,
948 1471 1226 1550 quemadmodum
1253 1481 1379 1563 scripsit

69 1586 189 1652 Lucius
205 1583 268 1647 lld.
284 1583 317 1646 in
329 1579 425 1662 capit.
443 1579 470 1640 1.
482 1577 522 1641 dc
535 1579 611 1642 uoci
626 1577 730 1660 operis
745 1581 883 1640 ntmtlat.
927 1577 1056 1642 lietera
1070 1597 1135 1660 eos,
1145 1584 1202 1663 qui
1211 1589 1378 1673 putabant,

68 1697 124 1760 hac
138 1697 174 1758 in
191 1711 226 1758 re
242 1707 387 1754 maanes
410 1689 573 1752 veteribus
587 1687 814 1750 Romanorum
838 1685 960 1766 regulis
983 1685 1156 1770 adversari,
1183 1693 1298 1758 Petrus
1313 1697 1376 1762 De.

66 1799 165 1869 miani
192 1801 277 1864 tales
290 1799 415 1877 habuit,
431 1809 467 1862 ut
491 1795 713 1860 manarum
737 1795 849 1876 legum
875 1795 988 1877 peritia
1004 1815 1069 1862 non
1095 1799 1259 1886 pollerant;
1282 1805 1324 1869 dc
1336 1807 1378 1876 iis

66 1917 147 1980 enim
164 1916 214 1976 ita
230 1911 373 1993 loquitur
387 1911 418 1974 in
435 1907 521 1972 dicto
537 1907 615 1970 libro
630 1907 670 1970 de
685 1906 884 1970 Purerrtclae
894 1910 1063 1990 gaudium
1076 1931 1147 1994 cap.
1162 1913 1192 1978 4.
1208 1919 1272 1996 ced,
1288 1921 1378 1988 utri,

67 2026 201 2090 metuis
214 2023 344 2098 silem
359 2019 464 2083 orbor
478 2017 596 2080 saltem
610 2016 842 2098 Legisperitos
856 2017 908 2080 ito
917 2020 1066 2100 potuisse
1079 2021 1235 2108 desipere,
1251 2037 1291 2091 nt
1304 2032 1377 2096 sub-

60 2133 281 2218 jectafiguru
296 2129 381 2192 octrli
395 2127 571 2190 timentur
585 2125 623 2188 in
635 2125 865 2208 supputandis
883 2127 1065 2210 gradibus,
1080 2133 1240 2216 caligare,
1256 2141 1314 2221 pur·
1328 2141 1378 2206 ιη’,

67 2247 190 2306 mirum
215 2241 301 2304 dnm
314 2245 474 2322 quartum
496 2234 632 2318 generis
655 2233 806 2315 modum
826 2240 983 2300 ennium
1006 2239 1154 2320 sonunt,
1180 2245 1263 2326 quid
1275 2266 1378 2330 snper

65 2353 120 2418 lac
133 2373 172 2416 re
199 2351 304 2412 etiarn
319 2367 401 2410 sune
423 2341 696 2426 legesdeflnicuh
720 2361 787 2404 non
809 2343 995 2406 minuunt.
1038 2344 1149 2410 Simili
1171 2349 1294 2418 ratione
1308 2371 1379 2416 eos·

65 2459 141 2536 dem,
157 2457 219 2539 qui
236 2454 281 2516 ita
308 2451 497 2526 sentiebant,
514 2447 678 2528 redarguit
702 2447 889 2512 Alexander
903 2449 945 2512 lI.
962 2450 996 2512 iu
1012 2451 1103 2532 epist
1124 2453 1175 2518 27.
1193 2455 1235 2518 sd
1250 2457 1376 2541 Neapo

65 2571 177 2632 litanos
192 2565 249 2629 ibi:
273 2563 429 2627 Seductus
444 2559 533 2622 endu
556 2559 592 2620 in
607 2557 765 2620 cothodro
788 2557 1004 2638 pestilentiae
1027 2560 1155 2626 dictant
1170 2563 1265 2646 jura,
1292 2587 1377 2650 quae

64 2685 219 2756 nesciunt,
237 2687 269 2740 et
289 2677 404 2740 docem
418 2673 488 2749 illa,
504 2691 587 2756 qrroe
611 2671 803 2734 nulluteraus
830 2670 1032 2736 didicaunt.
1077 2671 1116 2736 lu
1130 2691 1269 2756 quorum
1284 2695 1375 2742 cons·

64 2803 161 2873 pecto,
178 2784 347 2869 quomodo
361 2783 425 2846 dici
441 2792 551 2864 potest,
567 2777 792 2842 Alexandrum
819 2797 939 2842 noram
955 2782 1165 2862 computandi
1181 2785 1373 2852 methodum

65 2895 243 2972 induxisse,
268 2889 413 2954 sedeam
428 2907 499 2950 esse
523 2885 666 2952 Romani
674 2887 756 2970 juris
780 2885 900 2968 regulis
917 2888 1050 2954 omuino
1067 2894 1274 2956 conuenaml
1317 2895 1374 2958 Di-

63 3019 127 3064 cam
142 2998 322 3084 perrois,'in
338 3015 403 3077 quo
418 2997 480 3057 sita
493 3006 550 3074 est,
566 3013 638 3057 meo
646 2994 777 3078 judicio,
792 2996 838 3058 rei
853 2997 982 3060 veritas.
1025 2998 1088 3064 Jus
1103 2999 1197 3062 civile
1212 3002 1373 3068 Romano-

63 3125 125 3169 rum
141 3123 321 3184 nunquam
332 3103 530 3166 mentionem
541 3100 617 3165 lecit
631 3103 793 3184 graduum
807 3105 1010 3185 captationis
1020 3107 1055 3170 iu
1069 3111 1283 3176 matrimoniis
1297 3135 1375 3180 eou-

66 3215 242 3299 ,rahendis3
270 3223 398 3276 tantum
414 3213 447 3276 in
472 3211 734 3288 haereditatibus,
761 3223 819 3274 aut
843 3212 959 3292 tutelis,
986 3225 1021 3278 ut
1043 3215 1283 3298 dignosceretur
1296 3225 1372 3306 quis

63 3325 252 3406 cognatione
267 3321 434 3404 proximus
458 3331 553 3398 esset,
569 3320 709 3384 velutin
731 3321 885 3386 adeunde
899 3323 1044 3388 intestati
1058 3326 1255 3394 haereditate
1269 3344 1371 3398 caete·

63 3432 98 3493 ris
110 3429 335 3514 praeferretur,
354 3427 405 3489 vel
421 3439 456 3490 ut
471 3427 514 3490 ed
527 3427 712 3490 obeundam
728 3429 863 3492 tutelam
873 3429 1051 3512 legitimum
1068 3438 1287 3513 praecaeteris
1302 3439 1370 3504 edi·

64 3556 191 3622 geretur.
237 3537 348 3621 Hujus
364 3535 407 3598 rei
430 3545 622 3616 argumento
647 3555 718 3598 esse
734 3539 903 3619 perspicuo
933 3548 1044 3620 potest,
1059 3539 1145 3622 quod
1163 3542 1370 3612 Justinisnus

64 3645 96 3708 dc
108 3645 239 3728 nuptiis
265 3661 446 3706 sermonem
460 3643 493 3706 in
522 3643 777 3708 institutionibus
802 3645 936 3725 habens,
953 3647 1075 3729 gradus
1094 3653 1295 3732 cognationis
1310 3658 1370 3720 mi·

63 3751 139 3814 aime
155 3760 314 3827 recenset,
338 3760 508 3812 contentus
533 3767 699 3814 recensere
724 3751 917 3816 nominatim
942 3771 1105 3835 personas,
1127 3758 1245 3838 quibus
1259 3763 1369 3846 conju·

63 3863 104 3944 gio
119 3861 334 3928 interdictum
349 3871 406 3942 est;
423 3861 479 3924 sed
495 3862 602 3942 potius
617 3862 737 3943 gradus
749 3865 1075 3946 consanguineorum,
1092 3865 1171 3932 dnm
1186 3871 1227 3934 de
1242 3893 1367 3938 succes·

64 3973 201 4038 tionibus
217 3973 444 4037 intestatorum
461 3981 575 4053 ageret,
592 3973 804 4036 enumeravit.
828 3971 922 4036 Adde
936 3971 1199 4042 Jurccousulturn
1214 3973 1363 4064 Paulum,

64 4081 159 4160 quiin
175 4081 197 4144 l.
216 4081 267 4143 10.
291 4078 324 4142 ff.
341 4079 380 4141 de
396 4079 527 4162 gradiu,
543 4090 575 4142 et
601 4079 699 4144 adlin.
722 4081 892 4146 utilitatem
918 4101 1109 4164 memorans,
1125 4107 1210 4170 quae
1235 4091 1294 4154 abs
1307 4092 1327 4156 J
1331 4111 1365 4155 u-

65 4190 240 4254 reconsulto
266 4188 439 4271 percipitur
453 4208 495 4251 ex
519 4187 632 4252 notitia
658 4187 1057 4274 graduumcognntionie,
1083 4197 1278 4262 mentionem
1293 4201 1364 4282 qui·

64 4297 129 4362 dem
143 4299 225 4362 iacit
239 4297 282 4360 dc
303 4295 480 4378 dirigendis
495 4295 671 4360 haeredum
686 4297 859 4374 ordinibus,
877 4299 976 4364 tutele
991 4301 1173 4382 deferenda,
1184 4305 1365 4386 jurejuran-

13 4461 14 4472 ,
63 4401 99 4466 do
110 4403 306 4482 exhibendo,
322 4421 364 4466 nc
378 4401 513 4468 verbum
527 4403 659 4486 quidem
675 4405 772 4468 hebet
786 4405 828 4468 de
842 4409 999 4492 conjugiis
1013 4410 1250 4474 contrahendis.
1284 4413 1361 4478 Ubi·

65 4527 132 4578 sam
147 4514 181 4578 in
207 4523 275 4578 toto
300 4511 440 4578 Romani
461 4513 543 4598 juris
557 4531 686 4597 corpore
711 4513 835 4598 legitur,
862 4515 896 4581 in
921 4517 1135 4584 matrimoniis
1151 4519 1361 4588 celebrandis
