3134 4984
268 393 314 448 us
329 401 485 448 mossur
500 401 771 466 enarmonicum,
794 405 863 450 aon
878 403 962 452 vost
980 407 1189 454 nstramus.
1317 385 1379 453 tut

100 517 413 607 jurandumirritetun
439 525 528 608 quod
543 525 699 610 imprimis
724 527 792 592 lieri
809 539 912 612 potest
932 529 1014 614 juris
1039 529 1236 610 auctoritate,
1262 527 1380 594 deinde

100 631 297 714 jurisdictione
306 633 435 718 judicis,
451 647 611 717 postremo
625 637 723 702 etiarn
738 635 824 700 lacto
838 637 1009 702 hominnm
1026 639 1233 720 privatorum.
1278 634 1380 706 Quod

104 752 209 824 spectat
222 743 377 826 imprimis
401 741 482 828 legis
496 747 727 824 arroteritatem,
754 765 820 812 non
836 765 977 810 memoro
991 759 1133 812 veterem
1158 747 1382 811 Romartorum

103 854 326 936 providentiam,
340 857 398 939 qui
413 858 602 922 remiserunt
613 857 744 941 jurandi
767 857 1005 939 obligationem,
1022 867 1095 920 utut
1109 857 1160 918 vol
1183 857 1263 938 legis
1279 867 1383 938 potes-

102 973 161 1042 tate,
176 963 224 1026 vel
238 964 404 1028 volrrntote
421 965 577 1028 testatoris
592 965 787 1046 impositam,
802 965 1070 1046 quotiescumque
1085 983 1150 1026 non
1166 963 1292 1028 levibns
1307 981 1381 1026 con·

97 1068 211 1149 jecturis
225 1069 427 1152 colligeretur
442 1069 535 1133 facile
550 1069 705 1148 fratruum,
721 1083 757 1134 ut
766 1069 997 1156 jusjurandum
1014 1090 1078 1134 non
1094 1070 1286 1153 impleretur.
1320 1069 1382 1136 lle·

101 1178 174 1242 misit
182 1180 410 1264 jrrsjnrandnrn
427 1181 506 1263 legis
522 1191 677 1264 potestate
692 1183 879 1266 impositum
901 1181 920 1245 J
923 1183 1106 1248 ustinianus
1121 1183 1298 1265 Imperator
1312 1194 1383 1250 tum

101 1289 127 1352 in
140 1289 270 1357 Novella
294 1293 346 1356 22.
361 1311 431 1374 cap.
458 1293 520 1371 43,
536 1303 605 1358 trun
630 1293 663 1356 in
680 1293 818 1356 Novella
842 1292 892 1357 ot.
920 1313 992 1376 cap.
1006 1293 1036 1357 2.
1066 1293 1259 1356 'Remiserat
1284 1295 1385 1360 etiam
1461 1282 1466 1296 ’

100 1399 164 1462 olim
179 1401 305 1466 Praetor
315 1401 545 1488 jusjurandum
567 1409 588 1468 a
604 1413 752 1466 testatore
767 1403 953 1486 impositum
970 1405 1002 1466 in
1018 1423 1057 1466 ee
1073 1403 1186 1486 specie,
1209 1421 1275 1485 qua
1291 1414 1385 1468 testa·

100 1519 202 1574 toraut
217 1511 391 1578 haeredem
417 1514 616 1591 instituisset,
641 1511 696 1574 aul
713 1511 901 1586 liberalitate
926 1513 1070 1595 quadam
1085 1513 1182 1595 legati
1209 1514 1309 1594 titula,
1333 1517 1385 1580 vel

98 1616 288 1686 fideicomissi
303 1639 504 1704 quemquam
519 1621 744 1686 honoravisset
757 1621 822 1684 sub
835 1619 1017 1684 conditione
1028 1619 1246 1703 jurisjurandi,
1269 1621 1288 1684 l.
1305 1623 1333 1685 8.
1351 1621 1382 1686 ff.

99 1727 131 1790 de
143 1730 255 1794 condit.
271 1733 381 1810 instit,
407 1731 494 1795 129.
511 1735 533 1798 1.
548 1732 578 1794 2.
593 1729 626 1794 li
642 1729 683 1793 de
698 1739 824 1794 testam.
849 1731 949 1808 milit,
967 1729 987 1792 l.
1005 1730 1074 1792 112.
1093 1731 1114 1796 1.
1130 1729 1159 1792 4.
1182 1727 1214 1792 ff.
1231 1727 1272 1791 de
1287 1729 1382 1812 legat.

100 1839 130 1915 L,
144 1838 161 1901 Ι.
176 1841 234 1921 211,
250 1851 284 1908 et
296 1841 348 1916 26.
364 1840 396 1904 ff.
412 1839 453 1904 de
468 1827 653 1918 nunditiam,
669 1849 701 1902 ct
715 1837 922 1904 demonstrat.
956 1839 1041 1902 Cum
1057 1837 1145 1900 enim
1161 1836 1219 1920 (ait
1233 1835 1253 1900 J
1256 1855 1386 1900 urecon·

98 1948 189 2012 soltus
203 1951 236 2014 in
251 1951 340 2016 dicta
355 1949 374 2018 1.
389 1950 419 2016 8.
435 1949 468 2014 ff.
485 1949 525 2014 de
539 1948 658 2014 condit.
675 1949 788 2033 instit)
804 1948 915 2012 faciles
930 1948 994 2010 sint
1010 1944 1132 2010 nonnul
1140 1945 1160 2006 li
1180 1943 1328 2006 homines
1342 1942 1385 2008 ad

93 2052 256 2136 jurandum
271 2069 459 2140 contemptu
476 2057 646 2142 religionis,
662 2057 717 2120 elii
731 2077 885 2140 perquam
903 2057 1005 2120 timidi
1020 2067 1109 2120 metu
1124 2053 1226 2118 disini
1241 2053 1387 2118 numinis

98 2175 188 2242 tuque
202 2164 244 2230 ad
259 2165 527 2247 superstitionem,
554 2185 596 2230 ne
609 2164 666 2228 vel
677 2165 721 2244 hi,
738 2166 788 2228 vel
806 2166 853 2228 illi
868 2177 925 2229 aut
940 2176 1218 2246 consequerentur,
1247 2175 1304 2230 aut
1319 2149 1386 2248 pen

96 2262 204 2349 dorent,
219 2271 308 2354 quod
334 2271 481 2341 relictum
496 2284 552 2349 est,
569 2273 699 2338 Praetor
713 2274 952 2338 consultissime
967 2275 1148 2356 irrtervonit;
1175 2271 1262 2356 qnod
1278 2273 1387 2357 ipsum

95 2373 123 2438 iu
144 2377 207 2442 alia
231 2381 340 2464 specie
362 2381 548 2448 obsersarit
571 2381 778 2446 Justini'anus
804 2383 838 2446 in
865 2381 884 2445 l.
909 2383 960 2446 21.
978 2401 1058 2446 vers.
1076 2383 1189 2469 Neque
1211 2386 1299 2450 actm
1314 2383 1384 2448 cod.

95 2481 202 2552 deddc
225 2489 429 2554 instrument.
473 2489 557 2570 Non,
572 2491 716 2572 iuquam,
731 2489 818 2554 hanc
844 2487 1080 2572 providentiam
1102 2487 1252 2572 memoro,
1276 2501 1385 2574 utpote

94 2613 168 2676 qnae
183 2601 289 2682 potins
304 2609 401 2680 vetat,
417 2619 458 2664 nu
468 2600 601 2684 juretur,
615 2602 715 2682 qnam
725 2598 953 2685 jusjurandum
970 2597 1070 2662 semel
1085 2598 1229 2662 elicitum
1244 2597 1384 2664 dirimat

94 2703 193 2776 Potius
207 2711 290 2792 dico,
301 2712 384 2796 juris
397 2722 553 2802 potestate
568 2711 679 2776 irritati
689 2711 919 2796 jusjurandum
934 2713 1099 2793 emissum,
1121 2715 1246 2795 quoties
1261 2714 1323 2776 sub
1332 2715 1383 2798 jn·

91 2815 254 2901 dejerandi
272 2819 404 2884 vinario
428 2818 634 2903 spoponderit
648 2821 774 2904 aliquis,
794 2820 889 2904 qnod
904 2821 1034 2884 divinae
1051 2819 1122 2903 legi,
1137 2831 1169 2884 et
1183 2820 1276 2884 bonis
1291 2817 1384 2882 mori·

93 2923 146 2992 bus
160 2929 355 3011 adversetur,
372 2929 476 2996 irritas
487 2931 575 2994 enim
590 2931 660 3013 ipso
670 2931 742 3014 jure
753 2929 941 3012 hujusmodi
958 2930 1202 3011 pollicitationes
1216 2919 1286 2992 esse
1302 2927 1385 2994 dixi·

90 3048 172 3116 mus,
200 3038 422 3121 tanquam'in
442 3037 573 3128 'quibus
594 3037 719 3122 Justitia
743 3035 875 3120 jrrrandi
904 3036 1050 3117 deficiat,
1081 3037 1230 3120 imposita
1264 3037 1384 3100 saluta-

91 3140 318 3224 ripoauitentia
333 3148 367 3212 in
382 3165 469 3228 emn,
489 3147 545 3230 qui
561 3157 678 3212 temese
688 3143 917 3230 jusjurandum
933 3145 1088 3228 ejrrsmorli
1110 3145 1309 3230 interposnin
1326 3165 1384 3210 un·
1483 3153 1489 3160 '

90 3249 260 3340 depassim
284 3257 317 3322 in
333 3257 557 3322 Decretelibus
585 3255 760 3320 pontificiis
775 3254 922 3338 legimus,
948 3273 1131 3338 numquam
1152 3255 1384 3342 jusjurandum

90 3356 285 3444 implendum
299 3383 378 3444 esse,
395 3365 449 3430 ubi
467 3375 575 3448 vergat
592 3365 624 3428 iu
641 3362 849 3448 dispendium
870 3362 985 3426 salutis
1000 3373 1158 3428 aeternae.
1203 3365 1317 3447 Neque
1332 3383 1385 3429 ve-

89 3485 120 3530 ro
132 3468 222 3536 eliud
237 3491 297 3556 ego
312 3467 487 3538 dicendum
502 3489 631 3552 censeo,
652 3473 778 3554 quoties
792 3483 908 3554 agatur
922 3471 964 3536 de
972 3471 1181 3558 jurejurando
1201 3485 1311 3538 contra
1327 3493 1387 3559 pu·

89 3577 183 3647 blicas
197 3583 286 3669 leges
300 3587 343 3650 ab
366 3585 554 3650 hominibus
568 3577 673 3648 editas
687 3584 771 3650 bono
795 3586 924 3670 publico
939 3587 1108 3666 societatis,
1130 3588 1184 3651 vel
1206 3587 1385 3655 Ecclesiae.

89 3687 161 3758 Qua
175 3703 285 3766 umen
301 3693 334 3758 in
359 3711 393 3756 re
413 3693 542 3778 juvabit
567 3691 650 3756 duas
676 3692 784 3774 tsgrrrn
800 3691 1004 3775 publicarum
1030 3690 1227 3779 distinguere
1249 3699 1383 3784 specierq

86 3815 221 3878 qnanrm
237 3803 322 3866 aliae
337 3801 458 3874 directo
473 3801 647 3885 publicam,
673 3795 873 3888 priuatorum
898 3804 981 3868 aliae
1007 3805 1178 3872 utilitatem
1199 3810 1384 3892 respiciunt.

88 3903 222 3982 Quoties
234 3912 370 3996 publica*
388 3925 532 3980 versetur
546 3905 677 3994 u'tilltas,
693 3913 765 3998 ipso
773 3917 846 4000 jure
861 3913 989 3980 nullam
1002 3918 1070 3982 vim
1082 3909 1312 4004 jusjurandum
1326 3921 1385 3986 ha.-
1420 4007 1422 4012 ,

87 4011 176 4096 bebit,
191 4037 267 4102 cap:
288 4020 383 4084 21111
392 4021 610 4106 J'trrejurand03
624 4041 730 4108 neque
744 4026 832 4090 enim
858 4025 950 4092 Deus
964 4047 1006 4091 ex
1029 4029 1154 4112 privetu
1180 4029 1384 4095 invocatione

87 4125 289 4194 salominis
303 4131 468 4213 publicam
493 4127 597 4200 rolrrit
612 4151 759 4216 unquam
774 4125 1037 4220 tranquilitatem,
1054 4152 1231 4222 pacemque
1254 4142 1384 4207 turbari:

86 4245 134 4296 ast
148 4237 203 4302 ubi
216 4241 343 4322 privata
357 4250 485 4308 tautum
508 4239 631 4308 utilitas
646 4244 737 4325 inest,
751 4263 828 4310 curn
844 4245 939 4310 liceat
955 4247 1130 4330 unicuique
1155 4245 1261 4312 favori
1278 4263 1384 4329 prose
1402 4295 1411 4314 .

83 4339 262 4412 introducto
276 4351 469 4432 renuntiare,
494 4349 514 4416 1.
529 4351 581 4416 29.
596 4351 667 4418 cod.
682 4351 724 4418 de
747 4357 858 4438 pactis,
874 4357 1152 4442 quemadmodum
1175 4369 1307 4440 pactum
1336 4357 1384 4423 in·

81 4463 179 4532 wper
191 4451 310 4522 habitis
325 4455 452 4542 legibus
463 4454 619 4544 manen,
634 4463 688 4544 ita,
705 4459 805 4530 immo
818 4477 850 4532 et
860 4469 981 4552 potiore
990 4469 1208 4553 Jure,·valebit
1218 4471 1383 4558 jrrsjuran-
