<?xml version="1.0" encoding="UTF-8"?>
<!DOCTYPE html PUBLIC "-//W3C//DTD XHTML 1.0 Transitional//EN"
    "http://www.w3.org/TR/xhtml1/DTD/xhtml1-transitional.dtd">
<html xmlns="http://www.w3.org/1999/xhtml" xml:lang="en" lang="en">
 <head>
  <title>
</title>
<meta http-equiv="Content-Type" content="text/html;charset=utf-8" />
  <meta name='ocr-system' content='tesseract 3.04.00' />
  <meta name='ocr-capabilities' content='ocr_page ocr_carea ocr_par ocr_line ocrx_word'/>
</head>
<body>
  <div class='ocr_page' id='page_1' title='image "./carolisebastian00beragoog_0617.png"; bbox 0 0 3216 4988; ppageno 0'>
   <div class='ocr_carea' id='block_1_1' title="bbox 201 359 1287 455">
    <p class='ocr_par' dir='ltr' id='par_1_1' title="bbox 201 359 1287 455">
     <span class='ocr_line' id='line_1_1' title="bbox 201 359 1287 455; baseline 0.017 -31"><span class='ocrx_word' id='word_1_1' title='bbox 201 359 275 426; x_wconf 72' lang='lat' dir='ltr'><strong>tac</strong></span> <span class='ocrx_word' id='word_1_2' title='bbox 443 385 533 430; x_wconf 75' lang='lat' dir='ltr'><strong>saus</strong></span> <span class='ocrx_word' id='word_1_3' title='bbox 551 387 678 446; x_wconf 76' lang='lat' dir='ltr'><strong>ratur,</strong></span> <span class='ocrx_word' id='word_1_4' title='bbox 705 375 947 436; x_wconf 77' lang='lat' dir='ltr'><strong>aresearamc</strong></span> <span class='ocrx_word' id='word_1_5' title='bbox 962 395 1118 455; x_wconf 74' lang='lat' dir='ltr'><strong>ponere,</strong></span> <span class='ocrx_word' id='word_1_6' title='bbox 1142 397 1222 442; x_wconf 77' lang='lat' dir='ltr'><strong>car.</strong></span> <span class='ocrx_word' id='word_1_7' title='bbox 1242 377 1287 444; x_wconf 89' lang='lat'><strong>11.</strong></span> 
     </span>
    </p>
   </div>
   <div class='ocr_carea' id='block_1_2' title="bbox 120 489 1575 4518">
    <p class='ocr_par' dir='ltr' id='par_1_2' title="bbox 210 489 1575 702">
     <span class='ocr_line' id='line_1_2' title="bbox 210 489 1575 598; baseline 0.013 -31"><span class='ocrx_word' id='word_1_8' title='bbox 210 505 441 588; x_wconf 85' lang='lat' dir='ltr'><strong>apocryphum,</strong></span> <span class='ocrx_word' id='word_1_9' title='bbox 467 489 715 574; x_wconf 80' lang='lat' dir='ltr'><strong>monumentum</strong></span> <span class='ocrx_word' id='word_1_10' title='bbox 731 513 888 594; x_wconf 83' lang='lat' dir='ltr'><strong>Stephani</strong></span> <span class='ocrx_word' id='word_1_11' title='bbox 904 515 1013 598; x_wconf 89' lang='lat' dir='ltr'><strong>Papae</strong></span> <span class='ocrx_word' id='word_1_12' title='bbox 1028 517 1061 580; x_wconf 91' lang='lat' dir='ltr'><strong>in</strong></span> <span class='ocrx_word' id='word_1_13' title='bbox 1075 537 1149 582; x_wconf 87' lang='lat' dir='ltr'><strong>can.</strong></span> <span class='ocrx_word' id='word_1_14' title='bbox 1162 518 1212 582; x_wconf 78' lang='lat' dir='ltr'><strong>ta</strong></span> <span class='ocrx_word' id='word_1_15' title='bbox 1227 519 1269 582; x_wconf 88' lang='lat' dir='ltr'><strong>‹le</strong></span> <span class='ocrx_word' id='word_1_16' title='bbox 1285 539 1414 584; x_wconf 75' lang='lat' dir='ltr'><strong>consen.</strong></span> <span class='ocrx_word' id='word_1_17' title='bbox 1428 521 1487 584; x_wconf 89' lang='lat' dir='ltr'><strong>dist</strong></span> <span class='ocrx_word' id='word_1_18' title='bbox 1574 490 1575 584; x_wconf 78' lang='lat' dir='ltr'><strong>l</strong></span> 
     </span>
     <span class='ocr_line' id='line_1_3' title="bbox 213 587 1575 702; baseline 0.013 -26"><span class='ocrx_word' id='word_1_19' title='bbox 213 614 255 698; x_wconf 86' lang='lat' dir='ltr'><strong>l.)</strong></span> <span class='ocrx_word' id='word_1_20' title='bbox 269 616 387 678; x_wconf 83' lang='lat' dir='ltr'><strong>etenim</strong></span> <span class='ocrx_word' id='word_1_21' title='bbox 403 615 621 700; x_wconf 77' lang='lat' dir='ltr'>Hieronymus</span> <span class='ocrx_word' id='word_1_22' title='bbox 645 622 676 680; x_wconf 90' lang='lat' dir='ltr'><strong>in</strong></span> <span class='ocrx_word' id='word_1_23' title='bbox 694 633 792 702; x_wconf 69' lang='lat' dir='ltr'><strong>calcat</strong></span> <span class='ocrx_word' id='word_1_24' title='bbox 807 619 857 684; x_wconf 82' lang='grc'><strong>44.</strong></span> <span class='ocrx_word' id='word_1_25' title='bbox 878 619 1058 686; x_wconf 81' lang='lat' dir='ltr'><strong>Ezechielis</strong></span> <span class='ocrx_word' id='word_1_26' title='bbox 1083 625 1129 688; x_wconf 86' lang='lat' dir='ltr'><strong>ita</strong></span> <span class='ocrx_word' id='word_1_27' title='bbox 1143 626 1311 690; x_wconf 70' lang='lat' dir='ltr'><strong>scribebat:</strong></span> <span class='ocrx_word' id='word_1_28' title='bbox 1342 629 1440 692; x_wconf 84' lang='lat' dir='ltr'><strong>Habet</strong></span> <span class='ocrx_word' id='word_1_29' title='bbox 1452 651 1489 692; x_wconf 81' lang='lat' dir='ltr'><strong>re</strong></span> <span class='ocrx_word' id='word_1_30' title='bbox 1574 587 1575 670; x_wconf 59' lang='lat' dir='ltr'><strong>l</strong></span> 
     </span>
    </p>

    <p class='ocr_par' dir='ltr' id='par_1_3' title="bbox 120 725 1497 4518">
     <span class='ocr_line' id='line_1_4' title="bbox 120 725 1489 818; baseline 0.011 -31"><span class='ocrx_word' id='word_1_31' title='bbox 120 725 122 728; x_wconf 78' lang='grc'><strong>’</strong></span> <span class='ocrx_word' id='word_1_32' title='bbox 209 727 293 810; x_wconf 76' lang='lat' dir='ltr'><strong>ligia</strong></span> <span class='ocrx_word' id='word_1_33' title='bbox 308 727 426 792; x_wconf 79' lang='lat' dir='ltr'><strong>divina</strong></span> <span class='ocrx_word' id='word_1_34' title='bbox 438 730 581 802; x_wconf 77' lang='lat' dir='ltr'><strong>alterum</strong></span> <span class='ocrx_word' id='word_1_35' title='bbox 607 731 760 794; x_wconf 66' lang='lat' dir='ltr'><strong>natalem</strong></span> <span class='ocrx_word' id='word_1_36' title='bbox 773 734 810 796; x_wconf 80' lang='lat' dir='ltr'><strong>ia</strong></span> <span class='ocrx_word' id='word_1_37' title='bbox 824 733 1009 800; x_wconf 82' lang='lat' dir='ltr'><strong>ministerio</strong></span> <span class='ocrx_word' id='word_1_38' title='bbox 1030 737 1159 815; x_wconf 81' lang='lat' dir='ltr'><strong>altaris,</strong></span> <span class='ocrx_word' id='word_1_39' title='bbox 1182 739 1327 804; x_wconf 81' lang='lat' dir='ltr'><strong>alterum</strong></span> <span class='ocrx_word' id='word_1_40' title='bbox 1341 729 1409 818; x_wconf 67' lang='lat' dir='ltr'><strong>aaa,</strong></span> <span class='ocrx_word' id='word_1_41' title='bbox 1422 741 1489 803; x_wconf 81' lang='lat' dir='ltr'><strong>vita·</strong></span> 
     </span>
     <span class='ocr_line' id='line_1_5' title="bbox 208 836 1489 927; baseline 0.011 -31"><span class='ocrx_word' id='word_1_42' title='bbox 208 852 270 917; x_wconf 80' lang='lat' dir='ltr'><strong>que</strong></span> <span class='ocrx_word' id='word_1_43' title='bbox 284 837 458 898; x_wconf 68' lang='lat' dir='ltr'><strong>cornarani,</strong></span> <span class='ocrx_word' id='word_1_44' title='bbox 489 836 608 900; x_wconf 86' lang='lat' dir='ltr'><strong>Verum</strong></span> <span class='ocrx_word' id='word_1_45' title='bbox 624 857 666 900; x_wconf 88' lang='lat' dir='ltr'><strong>au</strong></span> <span class='ocrx_word' id='word_1_46' title='bbox 683 837 781 902; x_wconf 89' lang='lat' dir='ltr'><strong>idam</strong></span> <span class='ocrx_word' id='word_1_47' title='bbox 797 840 841 902; x_wconf 88' lang='lat' dir='ltr'><strong>ab</strong></span> <span class='ocrx_word' id='word_1_48' title='bbox 851 840 1011 921; x_wconf 72' lang='lat' dir='ltr'><strong>apostolis</strong></span> <span class='ocrx_word' id='word_1_49' title='bbox 1027 843 1106 924; x_wconf 89' lang='lat' dir='ltr'><strong>ipsis</strong></span> <span class='ocrx_word' id='word_1_50' title='bbox 1119 857 1324 927; x_wconf 85' lang='lat' dir='ltr'><strong>praeceptum</strong></span> <span class='ocrx_word' id='word_1_51' title='bbox 1337 845 1430 926; x_wconf 82' lang='lat' dir='ltr'><strong>fuerit,</strong></span> <span class='ocrx_word' id='word_1_52' title='bbox 1443 859 1489 910; x_wconf 84' lang='lat' dir='ltr'><strong>uu</strong></span> 
     </span>
     <span class='ocr_line' id='line_1_6' title="bbox 205 942 1488 1032; baseline 0.01 -29"><span class='ocrx_word' id='word_1_53' title='bbox 205 942 440 1007; x_wconf 88' lang='lat' dir='ltr'><strong>consuetudine</strong></span> <span class='ocrx_word' id='word_1_54' title='bbox 464 943 644 1026; x_wconf 73' lang='lat' dir='ltr'><strong>inductum,</strong></span> <span class='ocrx_word' id='word_1_55' title='bbox 670 957 719 1010; x_wconf 88' lang='lat' dir='ltr'><strong>est</strong></span> <span class='ocrx_word' id='word_1_56' title='bbox 744 966 871 1028; x_wconf 84' lang='lat' dir='ltr'><strong>prorsus</strong></span> <span class='ocrx_word' id='word_1_57' title='bbox 898 947 1065 1028; x_wconf 66' lang='lat' dir='ltr'><strong>incertum</strong></span> <span class='ocrx_word' id='word_1_58' title='bbox 1093 953 1370 1032; x_wconf 79' lang='lat' dir='ltr'><strong>quemadmodum</strong></span> <span class='ocrx_word' id='word_1_59' title='bbox 1395 956 1488 1019; x_wconf 87' lang='lat' dir='ltr'><strong>incerti</strong></span> 
     </span>
     <span class='ocr_line' id='line_1_7' title="bbox 204 1055 1487 1147; baseline 0.008 -31"><span class='ocrx_word' id='word_1_60' title='bbox 204 1055 303 1118; x_wconf 88' lang='lat' dir='ltr'><strong>etiam</strong></span> <span class='ocrx_word' id='word_1_61' title='bbox 327 1057 435 1119; x_wconf 85' lang='lat' dir='ltr'><strong>exitus</strong></span> <span class='ocrx_word' id='word_1_62' title='bbox 449 1069 534 1120; x_wconf 88' lang='lat' dir='ltr'><strong>esset</strong></span> <span class='ocrx_word' id='word_1_63' title='bbox 559 1057 647 1122; x_wconf 87' lang='lat' dir='ltr'><strong>labor</strong></span> <span class='ocrx_word' id='word_1_64' title='bbox 672 1057 767 1136; x_wconf 86' lang='lat' dir='ltr'><strong>illius,</strong></span> <span class='ocrx_word' id='word_1_65' title='bbox 790 1077 846 1138; x_wconf 91' lang='lat' dir='ltr'><strong>qm</strong></span> <span class='ocrx_word' id='word_1_66' title='bbox 864 1057 959 1122; x_wconf 88' lang='lat' dir='ltr'><strong>vellet</strong></span> <span class='ocrx_word' id='word_1_67' title='bbox 985 1071 1129 1143; x_wconf 85' lang='lat' dir='ltr'><strong>tempora</strong></span> <span class='ocrx_word' id='word_1_68' title='bbox 1153 1063 1295 1142; x_wconf 81' lang='lat' dir='ltr'><strong>delinire,</strong></span> <span class='ocrx_word' id='word_1_69' title='bbox 1312 1067 1424 1147; x_wconf 88' lang='lat' dir='ltr'><strong>quibus</strong></span> <span class='ocrx_word' id='word_1_70' title='bbox 1440 1078 1487 1127; x_wconf 86' lang='lat' dir='ltr'><strong>aut</strong></span> 
     </span>
     <span class='ocr_line' id='line_1_8' title="bbox 170 1163 1490 1253; baseline 0.005 -27"><span class='ocrx_word' id='word_1_71' title='bbox 170 1233 172 1238; x_wconf 15' lang='lat' dir='ltr'><em>A</em></span> <span class='ocrx_word' id='word_1_72' title='bbox 206 1163 332 1245; x_wconf 90' lang='lat' dir='ltr'><strong>aliquid</strong></span> <span class='ocrx_word' id='word_1_73' title='bbox 347 1165 422 1226; x_wconf 89' lang='lat' dir='ltr'><strong>novi</strong></span> <span class='ocrx_word' id='word_1_74' title='bbox 448 1165 481 1228; x_wconf 93' lang='lat' dir='ltr'><strong>in</strong></span> <span class='ocrx_word' id='word_1_75' title='bbox 496 1185 535 1228; x_wconf 88' lang='lat' dir='ltr'><strong>ea</strong></span> <span class='ocrx_word' id='word_1_76' title='bbox 551 1183 582 1228; x_wconf 89' lang='lat' dir='ltr'><strong>re</strong></span> <span class='ocrx_word' id='word_1_77' title='bbox 608 1165 772 1229; x_wconf 81' lang='lat' dir='ltr'><strong>invectum</strong></span> <span class='ocrx_word' id='word_1_78' title='bbox 788 1163 891 1244; x_wconf 85' lang='lat' dir='ltr'><strong>luerit,</strong></span> <span class='ocrx_word' id='word_1_79' title='bbox 913 1179 971 1230; x_wconf 89' lang='lat' dir='ltr'><strong>aut</strong></span> <span class='ocrx_word' id='word_1_80' title='bbox 987 1185 1090 1232; x_wconf 90' lang='lat' dir='ltr'><strong>unum</strong></span> <span class='ocrx_word' id='word_1_81' title='bbox 1112 1171 1293 1234; x_wconf 86' lang='lat' dir='ltr'><strong>ornamenti</strong></span> <span class='ocrx_word' id='word_1_82' title='bbox 1309 1171 1390 1234; x_wconf 87' lang='lat' dir='ltr'><strong>sacri</strong></span> <span class='ocrx_word' id='word_1_83' title='bbox 1402 1189 1490 1253; x_wconf 86' lang='lat' dir='ltr'><strong>gcarrs</strong></span> 
     </span>
     <span class='ocr_line' id='line_1_9' title="bbox 206 1275 1491 1364; baseline 0.006 -28"><span class='ocrx_word' id='word_1_84' title='bbox 206 1283 239 1336; x_wconf 91' lang='lat' dir='ltr'><strong>tn</strong></span> <span class='ocrx_word' id='word_1_85' title='bbox 257 1275 347 1338; x_wconf 91' lang='lat' dir='ltr'><strong>aliud</strong></span> <span class='ocrx_word' id='word_1_86' title='bbox 360 1285 606 1356; x_wconf 82' lang='lat' dir='ltr'><strong>commutatum,</strong></span> <span class='ocrx_word' id='word_1_87' title='bbox 622 1288 680 1339; x_wconf 92' lang='lat' dir='ltr'><strong>aut</strong></span> <span class='ocrx_word' id='word_1_88' title='bbox 695 1296 760 1340; x_wconf 87' lang='lat' dir='ltr'><strong>una</strong></span> <span class='ocrx_word' id='word_1_89' title='bbox 776 1275 828 1339; x_wconf 86' lang='lat' dir='ltr'><strong>vel</strong></span> <span class='ocrx_word' id='word_1_90' title='bbox 843 1277 944 1340; x_wconf 84' lang='lat' dir='ltr'><strong>altera</strong></span> <span class='ocrx_word' id='word_1_91' title='bbox 960 1297 1009 1342; x_wconf 90' lang='lat' dir='ltr'><strong>res</strong></span> <span class='ocrx_word' id='word_1_92' title='bbox 1025 1297 1145 1344; x_wconf 82' lang='lat' dir='ltr'><strong>ncvarn</strong></span> <span class='ocrx_word' id='word_1_93' title='bbox 1160 1279 1307 1362; x_wconf 84' lang='lat' dir='ltr'><strong>sormam,</strong></span> <span class='ocrx_word' id='word_1_94' title='bbox 1323 1295 1358 1344; x_wconf 87' lang='lat' dir='ltr'><strong>et</strong></span> <span class='ocrx_word' id='word_1_95' title='bbox 1370 1281 1491 1364; x_wconf 82' lang='lat' dir='ltr'><strong>figuram</strong></span> 
     </span>
     <span class='ocr_line' id='line_1_10' title="bbox 205 1382 1490 1476; baseline 0.009 -34"><span class='ocrx_word' id='word_1_96' title='bbox 205 1382 370 1464; x_wconf 82' lang='lat' dir='ltr'><strong>acceperit,</strong></span> <span class='ocrx_word' id='word_1_97' title='bbox 397 1385 553 1464; x_wconf 88' lang='lat' dir='ltr'><strong>quoniam</strong></span> <span class='ocrx_word' id='word_1_98' title='bbox 577 1384 706 1448; x_wconf 87' lang='lat' dir='ltr'><strong>etvarii</strong></span> <span class='ocrx_word' id='word_1_99' title='bbox 731 1383 862 1476; x_wconf 66' lang='lat' dir='ltr'><strong>iurarunt</strong></span> <span class='ocrx_word' id='word_1_100' title='bbox 889 1385 1142 1467; x_wconf 74' lang='lat' dir='ltr'><strong>provinciarum,</strong></span> <span class='ocrx_word' id='word_1_101' title='bbox 1169 1399 1202 1462; x_wconf 80' lang='lat' dir='ltr'><strong>ct</strong></span> <span class='ocrx_word' id='word_1_102' title='bbox 1217 1390 1297 1455; x_wconf 82' lang='lat' dir='ltr'><strong>varii</strong></span> <span class='ocrx_word' id='word_1_103' title='bbox 1323 1401 1490 1474; x_wconf 87' lang='lat' dir='ltr'><strong>temponun,</strong></span> 
     </span>
     <span class='ocr_line' id='line_1_11' title="bbox 204 1479 1493 1582; baseline 0.005 -26"><span class='ocrx_word' id='word_1_104' title='bbox 204 1495 285 1557; x_wconf 85' lang='lat' dir='ltr'><strong>varii</strong></span> <span class='ocrx_word' id='word_1_105' title='bbox 300 1495 398 1560; x_wconf 83' lang='lat' dir='ltr'><strong>etiem</strong></span> <span class='ocrx_word' id='word_1_106' title='bbox 423 1513 633 1579; x_wconf 87' lang='lat' dir='ltr'><strong>personarum</strong></span> <span class='ocrx_word' id='word_1_107' title='bbox 647 1514 761 1558; x_wconf 89' lang='lat' dir='ltr'><strong>mores.</strong></span> <span class='ocrx_word' id='word_1_108' title='bbox 806 1479 946 1560; x_wconf 83' lang='lat' dir='ltr'><strong>Gasulas</strong></span> <span class='ocrx_word' id='word_1_109' title='bbox 961 1497 1006 1560; x_wconf 89' lang='lat' dir='ltr'><strong>ita</strong></span> <span class='ocrx_word' id='word_1_110' title='bbox 1020 1493 1133 1577; x_wconf 80' lang='lat' dir='ltr'><strong>dictas,</strong></span> <span class='ocrx_word' id='word_1_111' title='bbox 1161 1498 1246 1579; x_wconf 86' lang='lat' dir='ltr'><strong>quod</strong></span> <span class='ocrx_word' id='word_1_112' title='bbox 1265 1499 1368 1562; x_wconf 84' lang='lat' dir='ltr'><strong>instar</strong></span> <span class='ocrx_word' id='word_1_113' title='bbox 1391 1517 1493 1582; x_wconf 72' lang='lat' dir='ltr'><strong>parvit-</strong></span> 
     </span>
     <span class='ocr_line' id='line_1_12' title="bbox 205 1597 1493 1687; baseline 0.002 -21"><span class='ocrx_word' id='word_1_114' title='bbox 205 1603 255 1666; x_wconf 86' lang='lat' dir='ltr'><strong>lae</strong></span> <span class='ocrx_word' id='word_1_115' title='bbox 269 1623 365 1667; x_wconf 87' lang='lat' dir='ltr'><strong>casae</strong></span> <span class='ocrx_word' id='word_1_116' title='bbox 387 1614 489 1668; x_wconf 82' lang='lat' dir='ltr'><strong>toturn</strong></span> <span class='ocrx_word' id='word_1_117' title='bbox 506 1605 674 1668; x_wconf 83' lang='lat' dir='ltr'><strong>hominem</strong></span> <span class='ocrx_word' id='word_1_118' title='bbox 689 1613 840 1686; x_wconf 87' lang='lat' dir='ltr'><strong>tegerent,</strong></span> <span class='ocrx_word' id='word_1_119' title='bbox 870 1603 1027 1668; x_wconf 87' lang='lat' dir='ltr'><strong>laicorum</strong></span> <span class='ocrx_word' id='word_1_120' title='bbox 1042 1605 1141 1668; x_wconf 86' lang='lat' dir='ltr'><strong>etiam</strong></span> <span class='ocrx_word' id='word_1_121' title='bbox 1156 1605 1335 1687; x_wconf 83' lang='lat' dir='ltr'><strong>aliquando</strong></span> <span class='ocrx_word' id='word_1_122' title='bbox 1351 1597 1444 1672; x_wconf 84' lang='lat' dir='ltr'><strong>fuisse</strong></span> <span class='ocrx_word' id='word_1_123' title='bbox 1457 1609 1493 1668; x_wconf 89' lang='lat' dir='ltr'><strong>in·</strong></span> 
     </span>
     <span class='ocr_line' id='line_1_13' title="bbox 203 1713 1495 1800; baseline 0.001 -24"><span class='ocrx_word' id='word_1_124' title='bbox 203 1713 406 1794; x_wconf 87' lang='lat' dir='ltr'><strong>dumentum,</strong></span> <span class='ocrx_word' id='word_1_125' title='bbox 423 1715 511 1778; x_wconf 87' lang='lat' dir='ltr'><strong>testis</strong></span> <span class='ocrx_word' id='word_1_126' title='bbox 535 1721 585 1776; x_wconf 84' lang='lat' dir='ltr'><strong>est</strong></span> <span class='ocrx_word' id='word_1_127' title='bbox 599 1713 743 1777; x_wconf 81' lang='lat' dir='ltr'><strong>loannes</strong></span> <span class='ocrx_word' id='word_1_128' title='bbox 759 1713 927 1776; x_wconf 82' lang='lat' dir='ltr'><strong>Diaconus</strong></span> <span class='ocrx_word' id='word_1_129' title='bbox 954 1713 986 1776; x_wconf 92' lang='lat' dir='ltr'><strong>in</strong></span> <span class='ocrx_word' id='word_1_130' title='bbox 1006 1714 1072 1776; x_wconf 85' lang='lat' dir='ltr'><strong>vita</strong></span> <span class='ocrx_word' id='word_1_131' title='bbox 1098 1714 1242 1796; x_wconf 75' lang='lat' dir='ltr'><strong>Gregorii</strong></span> <span class='ocrx_word' id='word_1_132' title='bbox 1267 1715 1381 1800; x_wconf 82' lang='lat' dir='ltr'><strong>Magni</strong></span> <span class='ocrx_word' id='word_1_133' title='bbox 1396 1717 1456 1780; x_wconf 83' lang='lat' dir='ltr'><strong>libr.</strong></span> <span class='ocrx_word' id='word_1_134' title='bbox 1469 1715 1495 1778; x_wconf 89' lang='lat' dir='ltr'><strong>l.</strong></span> 
     </span>
     <span class='ocr_line' id='line_1_14' title="bbox 203 1817 1493 1906; baseline 0.003 -26"><span class='ocrx_word' id='word_1_135' title='bbox 203 1837 273 1901; x_wconf 82' lang='lat' dir='ltr'><strong>rap.</strong></span> <span class='ocrx_word' id='word_1_136' title='bbox 288 1817 348 1897; x_wconf 81' lang='lat'><strong>83,</strong></span> <span class='ocrx_word' id='word_1_137' title='bbox 375 1830 407 1882; x_wconf 89' lang='lat' dir='ltr'><strong>et</strong></span> <span class='ocrx_word' id='word_1_138' title='bbox 431 1819 574 1884; x_wconf 79' lang='lat' dir='ltr'><strong>Isidorus</strong></span> <span class='ocrx_word' id='word_1_139' title='bbox 600 1819 807 1902; x_wconf 71' lang='lat' dir='ltr'><strong>Hispalensis</strong></span> <span class='ocrx_word' id='word_1_140' title='bbox 832 1819 868 1884; x_wconf 89' lang='lat' dir='ltr'><strong>iu</strong></span> <span class='ocrx_word' id='word_1_141' title='bbox 882 1820 994 1901; x_wconf 85' lang='lat' dir='ltr'><strong>regula</strong></span> <span class='ocrx_word' id='word_1_142' title='bbox 1020 1819 1256 1888; x_wconf 82' lang='lat' dir='ltr'><strong>Monacborum</strong></span> <span class='ocrx_word' id='word_1_143' title='bbox 1282 1823 1493 1906; x_wconf 85' lang='lat' dir='ltr'><strong>cap.13.,ubi</strong></span> 
     </span>
     <span class='ocr_line' id='line_1_15' title="bbox 202 1909 1494 2008; baseline -0.002 -19"><span class='ocrx_word' id='word_1_144' title='bbox 202 1926 282 1990; x_wconf 86' lang='lat' dir='ltr'><strong>duur</strong></span> <span class='ocrx_word' id='word_1_145' title='bbox 309 1927 480 1992; x_wconf 86' lang='lat' dir='ltr'><strong>Monachis</strong></span> <span class='ocrx_word' id='word_1_146' title='bbox 509 1927 708 1992; x_wconf 83' lang='lat' dir='ltr'><strong>interdicitur</strong></span> <span class='ocrx_word' id='word_1_147' title='bbox 736 1947 799 1992; x_wconf 88' lang='lat' dir='ltr'><strong>usu</strong></span> <span class='ocrx_word' id='word_1_148' title='bbox 825 1927 1044 1990; x_wconf 87' lang='lat' dir='ltr'><strong>saccularium</strong></span> <span class='ocrx_word' id='word_1_149' title='bbox 1074 1909 1349 2008; x_wconf 65' lang='lat' dir='ltr'><strong>indumentorum,</strong></span> <span class='ocrx_word' id='word_1_150' title='bbox 1378 1928 1494 1992; x_wconf 84' lang='lat' dir='ltr'><strong>casulae</strong></span> 
     </span>
     <span class='ocr_line' id='line_1_16' title="bbox 202 2033 1495 2102; baseline -0.005 0"><span class='ocrx_word' id='word_1_151' title='bbox 202 2037 323 2102; x_wconf 90' lang='lat' dir='ltr'><strong>mentio</strong></span> <span class='ocrx_word' id='word_1_152' title='bbox 338 2033 485 2100; x_wconf 83' lang='lat' dir='ltr'><strong>liabetur.</strong></span> <span class='ocrx_word' id='word_1_153' title='bbox 516 2037 611 2102; x_wconf 82' lang='lat' dir='ltr'><strong>Hanc</strong></span> <span class='ocrx_word' id='word_1_154' title='bbox 626 2035 737 2100; x_wconf 88' lang='lat' dir='ltr'><strong>itidem</strong></span> <span class='ocrx_word' id='word_1_155' title='bbox 752 2035 900 2100; x_wconf 86' lang='lat' dir='ltr'><strong>easrrlam</strong></span> <span class='ocrx_word' id='word_1_156' title='bbox 916 2033 1012 2098; x_wconf 88' lang='lat' dir='ltr'><strong>lrcdie</strong></span> <span class='ocrx_word' id='word_1_157' title='bbox 1028 2035 1192 2101; x_wconf 86' lang='lat' dir='ltr'><strong>intuemur</strong></span> <span class='ocrx_word' id='word_1_158' title='bbox 1204 2047 1350 2100; x_wconf 79' lang='lat' dir='ltr'><strong>‚veterem</strong></span> <span class='ocrx_word' id='word_1_159' title='bbox 1365 2036 1495 2100; x_wconf 83' lang='lat' dir='ltr'><strong>amisisse</strong></span> 
     </span>
     <span class='ocr_line' id='line_1_17' title="bbox 203 2131 1495 2228; baseline 0.001 -24"><span class='ocrx_word' id='word_1_160' title='bbox 203 2141 351 2224; x_wconf 89' lang='lat' dir='ltr'><strong>liguram,</strong></span> <span class='ocrx_word' id='word_1_161' title='bbox 366 2161 441 2206; x_wconf 88' lang='lat' dir='ltr'><strong>curn</strong></span> <span class='ocrx_word' id='word_1_162' title='bbox 458 2141 555 2206; x_wconf 85' lang='lat' dir='ltr'><strong>valde</strong></span> <span class='ocrx_word' id='word_1_163' title='bbox 570 2141 679 2206; x_wconf 88' lang='lat' dir='ltr'><strong>decisa</strong></span> <span class='ocrx_word' id='word_1_164' title='bbox 694 2142 798 2223; x_wconf 75' lang='lat' dir='ltr'><strong>suedi,</strong></span> <span class='ocrx_word' id='word_1_165' title='bbox 812 2153 845 2206; x_wconf 91' lang='lat' dir='ltr'><strong>et</strong></span> <span class='ocrx_word' id='word_1_166' title='bbox 859 2141 1035 2220; x_wconf 78' lang='lat' dir='ltr'><strong>decurtata.</strong></span> <span class='ocrx_word' id='word_1_167' title='bbox 1079 2144 1157 2213; x_wconf 78' lang='lat' dir='ltr'><strong>Quo</strong></span> <span class='ocrx_word' id='word_1_168' title='bbox 1171 2131 1282 2210; x_wconf 79' lang='lat' dir='ltr'><strong>autem</strong></span> <span class='ocrx_word' id='word_1_169' title='bbox 1297 2155 1437 2228; x_wconf 89' lang='lat' dir='ltr'><strong>ternpore</strong></span> <span class='ocrx_word' id='word_1_170' title='bbox 1451 2145 1495 2208; x_wconf 86' lang='lat' dir='ltr'><strong>lai·</strong></span> 
     </span>
     <span class='ocr_line' id='line_1_18' title="bbox 201 2251 1495 2334; baseline 0.001 -21"><span class='ocrx_word' id='word_1_171' title='bbox 201 2251 232 2314; x_wconf 90' lang='lat' dir='ltr'><strong>ci</strong></span> <span class='ocrx_word' id='word_1_172' title='bbox 246 2269 358 2334; x_wconf 89' lang='lat' dir='ltr'><strong>aeque,</strong></span> <span class='ocrx_word' id='word_1_173' title='bbox 382 2271 421 2316; x_wconf 86' lang='lat' dir='ltr'><strong>ac</strong></span> <span class='ocrx_word' id='word_1_174' title='bbox 437 2251 552 2316; x_wconf 83' lang='lat' dir='ltr'><strong>Clerici</strong></span> <span class='ocrx_word' id='word_1_175' title='bbox 567 2252 688 2316; x_wconf 87' lang='lat' dir='ltr'><strong>casulis</strong></span> <span class='ocrx_word' id='word_1_176' title='bbox 714 2261 872 2334; x_wconf 79' lang='lat' dir='ltr'><strong>tanquam</strong></span> <span class='ocrx_word' id='word_1_177' title='bbox 889 2251 979 2316; x_wconf 88' lang='lat' dir='ltr'><strong>civili</strong></span> <span class='ocrx_word' id='word_1_178' title='bbox 1005 2263 1095 2316; x_wconf 86' lang='lat' dir='ltr'><strong>veste</strong></span> <span class='ocrx_word' id='word_1_179' title='bbox 1117 2253 1300 2334; x_wconf 87' lang='lat' dir='ltr'><strong>utebantur,</strong></span> <span class='ocrx_word' id='word_1_180' title='bbox 1327 2253 1495 2320; x_wconf 85' lang='lat' dir='ltr'><strong>verosimile</strong></span> 
     </span>
     <span class='ocr_line' id='line_1_19' title="bbox 202 2358 1495 2446; baseline -0.003 -22"><span class='ocrx_word' id='word_1_181' title='bbox 202 2360 378 2426; x_wconf 79' lang='lat' dir='ltr'><strong>admodum</strong></span> <span class='ocrx_word' id='word_1_182' title='bbox 394 2373 452 2442; x_wconf 86' lang='lat' dir='ltr'><strong>est,</strong></span> <span class='ocrx_word' id='word_1_183' title='bbox 476 2359 669 2446; x_wconf 67' lang='lat' dir='ltr'><strong>Sacerdotes</strong></span> <span class='ocrx_word' id='word_1_184' title='bbox 682 2379 784 2424; x_wconf 88' lang='lat' dir='ltr'><strong>causa</strong></span> <span class='ocrx_word' id='word_1_185' title='bbox 799 2358 950 2424; x_wconf 85' lang='lat' dir='ltr'><strong>sacrificii</strong></span> <span class='ocrx_word' id='word_1_186' title='bbox 964 2359 1064 2426; x_wconf 83' lang='lat' dir='ltr'><strong>aliern</strong></span> <span class='ocrx_word' id='word_1_187' title='bbox 1080 2359 1227 2425; x_wconf 86' lang='lat' dir='ltr'><strong>casalem</strong></span> <span class='ocrx_word' id='word_1_188' title='bbox 1250 2359 1408 2440; x_wconf 79' lang='lat' dir='ltr'><strong>induisse,</strong></span> <span class='ocrx_word' id='word_1_189' title='bbox 1423 2375 1495 2421; x_wconf 88' lang='lat' dir='ltr'><strong>cam·</strong></span> 
     </span>
     <span class='ocr_line' id='line_1_20' title="bbox 200 2467 1496 2553; baseline -0.003 -20"><span class='ocrx_word' id='word_1_190' title='bbox 200 2489 264 2553; x_wconf 90' lang='lat' dir='ltr'><strong>que</strong></span> <span class='ocrx_word' id='word_1_191' title='bbox 280 2489 344 2536; x_wconf 90' lang='lat' dir='ltr'><strong>non</strong></span> <span class='ocrx_word' id='word_1_192' title='bbox 370 2470 476 2536; x_wconf 89' lang='lat' dir='ltr'><strong>solum</strong></span> <span class='ocrx_word' id='word_1_193' title='bbox 492 2469 647 2552; x_wconf 74' lang='lat' dir='ltr'><strong>singulari</strong></span> <span class='ocrx_word' id='word_1_194' title='bbox 673 2487 766 2552; x_wconf 88' lang='lat' dir='ltr'><strong>prece</strong></span> <span class='ocrx_word' id='word_1_195' title='bbox 782 2469 852 2534; x_wconf 87' lang='lat' dir='ltr'><strong>Deo</strong></span> <span class='ocrx_word' id='word_1_196' title='bbox 876 2469 1029 2550; x_wconf 86' lang='lat' dir='ltr'><strong>dicatam,</strong></span> <span class='ocrx_word' id='word_1_197' title='bbox 1053 2468 1110 2534; x_wconf 86' lang='lat' dir='ltr'><strong>scd</strong></span> <span class='ocrx_word' id='word_1_198' title='bbox 1125 2479 1158 2534; x_wconf 90' lang='lat' dir='ltr'><strong>et</strong></span> <span class='ocrx_word' id='word_1_199' title='bbox 1173 2469 1272 2532; x_wconf 85' lang='lat' dir='ltr'><strong>sacris</strong></span> <span class='ocrx_word' id='word_1_200' title='bbox 1288 2467 1404 2551; x_wconf 84' lang='lat' dir='ltr'><strong>figuris</strong></span> <span class='ocrx_word' id='word_1_201' title='bbox 1418 2486 1496 2532; x_wconf 85' lang='lat' dir='ltr'><strong>crnc-</strong></span> 
     </span>
     <span class='ocr_line' id='line_1_21' title="bbox 184 2561 1496 2662; baseline -0.005 -18"><span class='ocrx_word' id='word_1_202' title='bbox 184 2561 277 2660; x_wconf 76' lang='lat' dir='ltr'><strong>tam,</strong></span> <span class='ocrx_word' id='word_1_203' title='bbox 295 2580 341 2643; x_wconf 93' lang='lat' dir='ltr'><strong>uti</strong></span> <span class='ocrx_word' id='word_1_204' title='bbox 365 2579 461 2644; x_wconf 90' lang='lat' dir='ltr'><strong>hodie</strong></span> <span class='ocrx_word' id='word_1_205' title='bbox 487 2579 649 2662; x_wconf 85' lang='lat' dir='ltr'><strong>quaedam</strong></span> <span class='ocrx_word' id='word_1_206' title='bbox 665 2588 839 2660; x_wconf 86' lang='lat' dir='ltr'><strong>supersunt</strong></span> <span class='ocrx_word' id='word_1_207' title='bbox 852 2577 950 2662; x_wconf 88' lang='lat' dir='ltr'><strong>hujus</strong></span> <span class='ocrx_word' id='word_1_208' title='bbox 966 2580 1010 2644; x_wconf 85' lang='lat' dir='ltr'><strong>rei</strong></span> <span class='ocrx_word' id='word_1_209' title='bbox 1037 2579 1174 2662; x_wconf 88' lang='lat' dir='ltr'><strong>vestigia</strong></span> <span class='ocrx_word' id='word_1_210' title='bbox 1187 2580 1221 2643; x_wconf 89' lang='lat' dir='ltr'><strong>in</strong></span> <span class='ocrx_word' id='word_1_211' title='bbox 1237 2577 1332 2644; x_wconf 90' lang='lat' dir='ltr'><strong>lineis</strong></span> <span class='ocrx_word' id='word_1_212' title='bbox 1348 2579 1391 2642; x_wconf 87' lang='lat' dir='ltr'><strong>ad</strong></span> <span class='ocrx_word' id='word_1_213' title='bbox 1404 2579 1496 2642; x_wconf 87' lang='lat' dir='ltr'><strong>crucis</strong></span> 
     </span>
     <span class='ocr_line' id='line_1_22' title="bbox 200 2685 1496 2770; baseline -0.004 -18"><span class='ocrx_word' id='word_1_214' title='bbox 200 2686 339 2768; x_wconf 83' lang='lat' dir='ltr'><strong>liguram</strong></span> <span class='ocrx_word' id='word_1_215' title='bbox 356 2685 584 2750; x_wconf 86' lang='lat' dir='ltr'><strong>accomodatis.</strong></span> <span class='ocrx_word' id='word_1_216' title='bbox 628 2686 713 2750; x_wconf 86' lang='lat' dir='ltr'><strong>Alba</strong></span> <span class='ocrx_word' id='word_1_217' title='bbox 727 2685 771 2748; x_wconf 89' lang='lat' dir='ltr'><strong>ad</strong></span> <span class='ocrx_word' id='word_1_218' title='bbox 784 2685 866 2750; x_wconf 87' lang='lat' dir='ltr'><strong>talos</strong></span> <span class='ocrx_word' id='word_1_219' title='bbox 884 2706 987 2768; x_wconf 88' lang='lat' dir='ltr'><strong>usque</strong></span> <span class='ocrx_word' id='word_1_220' title='bbox 1001 2686 1163 2768; x_wconf 87' lang='lat' dir='ltr'><strong>diffluens,</strong></span> <span class='ocrx_word' id='word_1_221' title='bbox 1179 2698 1211 2750; x_wconf 90' lang='lat' dir='ltr'><strong>et</strong></span> <span class='ocrx_word' id='word_1_222' title='bbox 1225 2687 1361 2770; x_wconf 78' lang='lat' dir='ltr'><strong>cingulo</strong></span> <span class='ocrx_word' id='word_1_223' title='bbox 1375 2686 1496 2752; x_wconf 87' lang='lat' dir='ltr'><strong>collecta</strong></span> 
     </span>
     <span class='ocr_line' id='line_1_23' title="bbox 200 2794 1496 2880; baseline -0.002 -23"><span class='ocrx_word' id='word_1_224' title='bbox 200 2795 335 2878; x_wconf 88' lang='lat' dir='ltr'><strong>vulgare</strong></span> <span class='ocrx_word' id='word_1_225' title='bbox 349 2795 527 2880; x_wconf 86' lang='lat' dir='ltr'><strong>aliquando</strong></span> <span class='ocrx_word' id='word_1_226' title='bbox 550 2794 612 2860; x_wconf 88' lang='lat' dir='ltr'><strong>suit</strong></span> <span class='ocrx_word' id='word_1_227' title='bbox 625 2795 848 2874; x_wconf 71' lang='lat' dir='ltr'><strong>sacerdotum,</strong></span> <span class='ocrx_word' id='word_1_228' title='bbox 875 2795 955 2860; x_wconf 91' lang='lat' dir='ltr'><strong>dum</strong></span> <span class='ocrx_word' id='word_1_229' title='bbox 972 2797 1005 2859; x_wconf 90' lang='lat' dir='ltr'><strong>in</strong></span> <span class='ocrx_word' id='word_1_230' title='bbox 1020 2797 1187 2878; x_wconf 88' lang='lat' dir='ltr'><strong>publicum</strong></span> <span class='ocrx_word' id='word_1_231' title='bbox 1212 2796 1386 2880; x_wconf 85' lang='lat' dir='ltr'><strong>prodirent,</strong></span> <span class='ocrx_word' id='word_1_232' title='bbox 1405 2809 1436 2862; x_wconf 87' lang='lat' dir='ltr'><strong>et</strong></span> <span class='ocrx_word' id='word_1_233' title='bbox 1448 2797 1496 2858; x_wconf 91' lang='lat' dir='ltr'><strong>iter</strong></span> 
     </span>
     <span class='ocr_line' id='line_1_24' title="bbox 200 2901 1496 2992; baseline -0.007 -22"><span class='ocrx_word' id='word_1_234' title='bbox 200 2906 363 2986; x_wconf 86' lang='lat' dir='ltr'><strong>haberent,</strong></span> <span class='ocrx_word' id='word_1_235' title='bbox 379 2904 616 2984; x_wconf 87' lang='lat' dir='ltr'><strong>indumentum,</strong></span> <span class='ocrx_word' id='word_1_236' title='bbox 633 2923 835 2986; x_wconf 86' lang='lat' dir='ltr'><strong>quamquam</strong></span> <span class='ocrx_word' id='word_1_237' title='bbox 852 2923 1017 2968; x_wconf 86' lang='lat' dir='ltr'><strong>sacrorum</strong></span> <span class='ocrx_word' id='word_1_238' title='bbox 1033 2916 1175 2992; x_wconf 85' lang='lat' dir='ltr'><strong>tompore</strong></span> <span class='ocrx_word' id='word_1_239' title='bbox 1189 2904 1288 2966; x_wconf 87' lang='lat' dir='ltr'><strong>aliam</strong></span> <span class='ocrx_word' id='word_1_240' title='bbox 1305 2905 1340 2968; x_wconf 91' lang='lat' dir='ltr'><strong>in</strong></span> <span class='ocrx_word' id='word_1_241' title='bbox 1358 2901 1496 2968; x_wconf 87' lang='lat' dir='ltr'><strong>Diaconi·</strong></span> 
     </span>
     <span class='ocr_line' id='line_1_25' title="bbox 199 3011 1497 3096; baseline -0.005 -20"><span class='ocrx_word' id='word_1_242' title='bbox 199 3034 238 3078; x_wconf 90' lang='lat' dir='ltr'><strong>co</strong></span> <span class='ocrx_word' id='word_1_243' title='bbox 253 3015 362 3080; x_wconf 90' lang='lat' dir='ltr'><strong>albam</strong></span> <span class='ocrx_word' id='word_1_244' title='bbox 378 3014 510 3078; x_wconf 84' lang='lat' dir='ltr'><strong>induere</strong></span> <span class='ocrx_word' id='word_1_245' title='bbox 526 3025 716 3094; x_wconf 88' lang='lat' dir='ltr'><strong>tenerentur,</strong></span> <span class='ocrx_word' id='word_1_246' title='bbox 732 3011 1010 3096; x_wconf 79' lang='lat' dir='ltr'><strong>quemadmodum</strong></span> <span class='ocrx_word' id='word_1_247' title='bbox 1026 3013 1196 3096; x_wconf 80' lang='lat' dir='ltr'><strong>manifeste</strong></span> <span class='ocrx_word' id='word_1_248' title='bbox 1210 3014 1348 3096; x_wconf 90' lang='lat' dir='ltr'><strong>probant</strong></span> <span class='ocrx_word' id='word_1_249' title='bbox 1362 3011 1497 3096; x_wconf 79' lang='lat' dir='ltr'><strong>synoda·</strong></span> 
     </span>
     <span class='ocr_line' id='line_1_26' title="bbox 199 3120 1495 3206; baseline -0.002 -22"><span class='ocrx_word' id='word_1_250' title='bbox 199 3121 245 3184; x_wconf 89' lang='lat' dir='ltr'><strong>les</strong></span> <span class='ocrx_word' id='word_1_251' title='bbox 261 3120 345 3186; x_wconf 86' lang='lat' dir='ltr'><strong>duae</strong></span> <span class='ocrx_word' id='word_1_252' title='bbox 370 3121 607 3194; x_wconf 86' lang='lat' dir='ltr'><strong>admonitiones</strong></span> <span class='ocrx_word' id='word_1_253' title='bbox 625 3133 754 3200; x_wconf 88' lang='lat' dir='ltr'><strong>veteres,</strong></span> <span class='ocrx_word' id='word_1_254' title='bbox 781 3140 921 3204; x_wconf 89' lang='lat' dir='ltr'><strong>quarum</strong></span> <span class='ocrx_word' id='word_1_255' title='bbox 936 3121 1020 3206; x_wconf 86' lang='lat' dir='ltr'><strong>prior</strong></span> <span class='ocrx_word' id='word_1_256' title='bbox 1034 3121 1171 3199; x_wconf 78' lang='lat' dir='ltr'><strong>liabetur</strong></span> <span class='ocrx_word' id='word_1_257' title='bbox 1197 3120 1286 3204; x_wconf 90' lang='lat' dir='ltr'><strong>apud</strong></span> <span class='ocrx_word' id='word_1_258' title='bbox 1301 3121 1495 3206; x_wconf 84' lang='lat' dir='ltr'><strong>Reginoneur</strong></span> 
     </span>
     <span class='ocr_line' id='line_1_27' title="bbox 199 3229 1496 3313; baseline -0.002 -21"><span class='ocrx_word' id='word_1_259' title='bbox 199 3230 289 3294; x_wconf 89' lang='lat' dir='ltr'><strong>initio</strong></span> <span class='ocrx_word' id='word_1_260' title='bbox 303 3231 500 3296; x_wconf 84' lang='lat' dir='ltr'><strong>collectionis</strong></span> <span class='ocrx_word' id='word_1_261' title='bbox 525 3231 701 3312; x_wconf 65' lang='lat' dir='ltr'><strong>nurnssb,</strong></span> <span class='ocrx_word' id='word_1_262' title='bbox 727 3229 829 3294; x_wconf 85' lang='lat' dir='ltr'><strong>altera</strong></span> <span class='ocrx_word' id='word_1_263' title='bbox 851 3231 973 3296; x_wconf 67' lang='lat' dir='ltr'><strong>editae</strong></span> <span class='ocrx_word' id='word_1_264' title='bbox 999 3231 1130 3296; x_wconf 87' lang='lat' dir='ltr'><strong>Balutio</strong></span> <span class='ocrx_word' id='word_1_265' title='bbox 1152 3231 1195 3294; x_wconf 88' lang='lat' dir='ltr'><strong>ad</strong></span> <span class='ocrx_word' id='word_1_266' title='bbox 1218 3231 1343 3312; x_wconf 86' lang='lat' dir='ltr'><strong>calcem</strong></span> <span class='ocrx_word' id='word_1_267' title='bbox 1365 3231 1496 3313; x_wconf 82' lang='lat' dir='ltr'><strong>Regino-</strong></span> 
     </span>
     <span class='ocr_line' id='line_1_28' title="bbox 198 3339 1496 3430; baseline -0.002 -26"><span class='ocrx_word' id='word_1_268' title='bbox 198 3341 249 3404; x_wconf 86' lang='lat' dir='ltr'><strong>uis</strong></span> <span class='ocrx_word' id='word_1_269' title='bbox 273 3359 343 3422; x_wconf 89' lang='lat' dir='ltr'><strong>pag.</strong></span> <span class='ocrx_word' id='word_1_270' title='bbox 369 3339 509 3430; x_wconf 60' lang='lat' dir='ltr'><strong>coemi:</strong></span> <span class='ocrx_word' id='word_1_271' title='bbox 538 3339 580 3404; x_wconf 78' lang='lat' dir='ltr'><strong>Si</strong></span> <span class='ocrx_word' id='word_1_272' title='bbox 604 3339 725 3424; x_wconf 83' lang='lat' dir='ltr'><strong>absque</strong></span> <span class='ocrx_word' id='word_1_273' title='bbox 748 3340 832 3417; x_wconf 84' lang='lat' dir='ltr'><strong>alba,</strong></span> <span class='ocrx_word' id='word_1_274' title='bbox 859 3349 889 3404; x_wconf 88' lang='lat' dir='ltr'><strong>et</strong></span> <span class='ocrx_word' id='word_1_275' title='bbox 903 3341 1055 3406; x_wconf 79' lang='lat' dir='ltr'><strong>camillo</strong></span> <span class='ocrx_word' id='word_1_276' title='bbox 1080 3341 1166 3418; x_wconf 86' lang='lat' dir='ltr'><strong>alba,</strong></span> <span class='ocrx_word' id='word_1_277' title='bbox 1191 3343 1312 3426; x_wconf 79' lang='lat' dir='ltr'><strong>quain</strong></span> <span class='ocrx_word' id='word_1_278' title='bbox 1330 3357 1496 3406; x_wconf 71' lang='lat' dir='ltr'><strong>suosttsttt</strong></span> 
     </span>
     <span class='ocr_line' id='line_1_29' title="bbox 198 3445 1495 3532; baseline -0.001 -24"><span class='ocrx_word' id='word_1_279' title='bbox 198 3447 341 3530; x_wconf 79' lang='lat' dir='ltr'><strong>quetidie</strong></span> <span class='ocrx_word' id='word_1_280' title='bbox 356 3448 472 3526; x_wconf 82' lang='lat' dir='ltr'><strong>utitur,</strong></span> <span class='ocrx_word' id='word_1_281' title='bbox 500 3445 646 3512; x_wconf 84' lang='lat' dir='ltr'><strong>Missam</strong></span> <span class='ocrx_word' id='word_1_282' title='bbox 661 3455 796 3512; x_wconf 84' lang='lat' dir='ltr'><strong>cantare</strong></span> <span class='ocrx_word' id='word_1_283' title='bbox 817 3457 1025 3532; x_wconf 78' lang='lat' dir='ltr'><strong>praecantat.</strong></span> <span class='ocrx_word' id='word_1_284' title='bbox 1069 3447 1122 3512; x_wconf 88' lang='lat' dir='ltr'><strong>Ad</strong></span> <span class='ocrx_word' id='word_1_285' title='bbox 1137 3447 1236 3532; x_wconf 80' lang='lat' dir='ltr'><strong>liujus</strong></span> <span class='ocrx_word' id='word_1_286' title='bbox 1252 3447 1346 3514; x_wconf 87' lang='lat' dir='ltr'><strong>albae</strong></span> <span class='ocrx_word' id='word_1_287' title='bbox 1370 3449 1495 3515; x_wconf 85' lang='lat' dir='ltr'><strong>similtu-</strong></span> 
     </span>
     <span class='ocr_line' id='line_1_30' title="bbox 142 3550 1495 3640; baseline 0.005 -29"><span class='ocrx_word' id='word_1_288' title='bbox 142 3603 154 3625; x_wconf 81' lang='grc'><strong>,</strong></span> <span class='ocrx_word' id='word_1_289' title='bbox 196 3550 305 3616; x_wconf 88' lang='lat' dir='ltr'><strong>dinem</strong></span> <span class='ocrx_word' id='word_1_290' title='bbox 333 3551 465 3616; x_wconf 88' lang='lat' dir='ltr'><strong>Clericis</strong></span> <span class='ocrx_word' id='word_1_291' title='bbox 489 3553 688 3618; x_wconf 79' lang='lat' dir='ltr'><strong>inferioribus</strong></span> <span class='ocrx_word' id='word_1_292' title='bbox 714 3573 870 3620; x_wconf 88' lang='lat' dir='ltr'><strong>concessa</strong></span> <span class='ocrx_word' id='word_1_293' title='bbox 896 3555 958 3620; x_wconf 84' lang='lat' dir='ltr'><strong>suit</strong></span> <span class='ocrx_word' id='word_1_294' title='bbox 972 3557 1095 3620; x_wconf 90' lang='lat' dir='ltr'><strong>brevior</strong></span> <span class='ocrx_word' id='word_1_295' title='bbox 1119 3557 1281 3640; x_wconf 86' lang='lat' dir='ltr'><strong>quaedam</strong></span> <span class='ocrx_word' id='word_1_296' title='bbox 1308 3557 1395 3639; x_wconf 86' lang='lat' dir='ltr'><strong>alba,</strong></span> <span class='ocrx_word' id='word_1_297' title='bbox 1422 3557 1495 3622; x_wconf 84' lang='lat' dir='ltr'><strong>nesi</strong></span> 
     </span>
     <span class='ocr_line' id='line_1_31' title="bbox 198 3655 1494 3748; baseline 0.008 -31"><span class='ocrx_word' id='word_1_298' title='bbox 198 3655 326 3738; x_wconf 90' lang='lat' dir='ltr'><strong>longius</strong></span> <span class='ocrx_word' id='word_1_299' title='bbox 341 3657 508 3738; x_wconf 89' lang='lat' dir='ltr'><strong>difflueret,</strong></span> <span class='ocrx_word' id='word_1_300' title='bbox 525 3661 633 3724; x_wconf 90' lang='lat' dir='ltr'><strong>minus</strong></span> <span class='ocrx_word' id='word_1_301' title='bbox 648 3663 815 3748; x_wconf 82' lang='lat' dir='ltr'><strong>expeditos</strong></span> <span class='ocrx_word' id='word_1_302' title='bbox 830 3683 885 3728; x_wconf 92' lang='lat' dir='ltr'><strong>ecs</strong></span> <span class='ocrx_word' id='word_1_303' title='bbox 900 3665 999 3728; x_wconf 89' lang='lat' dir='ltr'><strong>sacris</strong></span> <span class='ocrx_word' id='word_1_304' title='bbox 1014 3665 1198 3730; x_wconf 88' lang='lat' dir='ltr'><strong>ministeriis</strong></span> <span class='ocrx_word' id='word_1_305' title='bbox 1215 3665 1373 3732; x_wconf 83' lang='lat' dir='ltr'><strong>redderet.</strong></span> <span class='ocrx_word' id='word_1_306' title='bbox 1417 3668 1494 3731; x_wconf 88' lang='lat' dir='ltr'><strong>Olim</strong></span> 
     </span>
     <span class='ocr_line' id='line_1_32' title="bbox 197 3765 1496 3862; baseline 0.009 -38"><span class='ocrx_word' id='word_1_307' title='bbox 197 3781 325 3847; x_wconf 89' lang='lat' dir='ltr'><strong>quoque</strong></span> <span class='ocrx_word' id='word_1_308' title='bbox 340 3765 590 3847; x_wconf 86' lang='lat' dir='ltr'><strong>prohibebantur</strong></span> <span class='ocrx_word' id='word_1_309' title='bbox 615 3769 812 3850; x_wconf 84' lang='lat' dir='ltr'><strong>Sacerdotes,</strong></span> <span class='ocrx_word' id='word_1_310' title='bbox 839 3790 880 3835; x_wconf 91' lang='lat' dir='ltr'><strong>ue</strong></span> <span class='ocrx_word' id='word_1_311' title='bbox 895 3773 965 3836; x_wconf 90' lang='lat' dir='ltr'><strong>sine</strong></span> <span class='ocrx_word' id='word_1_312' title='bbox 979 3772 1070 3852; x_wconf 88' lang='lat' dir='ltr'><strong>stola,</strong></span> <span class='ocrx_word' id='word_1_313' title='bbox 1097 3791 1197 3856; x_wconf 84' lang='lat' dir='ltr'><strong>quam</strong></span> <span class='ocrx_word' id='word_1_314' title='bbox 1212 3776 1354 3862; x_wconf 79' lang='lat' dir='ltr'><strong>crarium</strong></span> <span class='ocrx_word' id='word_1_315' title='bbox 1384 3787 1496 3841; x_wconf 85' lang='lat' dir='ltr'><strong>veteres</strong></span> 
     </span>
     <span class='ocr_line' id='line_1_33' title="bbox 196 3869 1494 3966; baseline 0.012 -37"><span class='ocrx_word' id='word_1_316' title='bbox 196 3869 450 3952; x_wconf 86' lang='lat' dir='ltr'><strong>appellaverunt,</strong></span> <span class='ocrx_word' id='word_1_317' title='bbox 475 3874 570 3937; x_wconf 85' lang='lat' dir='ltr'><strong>ctiam</strong></span> <span class='ocrx_word' id='word_1_318' title='bbox 590 3895 643 3957; x_wconf 88' lang='lat' dir='ltr'><strong>per</strong></span> <span class='ocrx_word' id='word_1_319' title='bbox 668 3877 740 3938; x_wconf 87' lang='lat' dir='ltr'><strong>vias</strong></span> <span class='ocrx_word' id='word_1_320' title='bbox 755 3877 947 3960; x_wconf 82' lang='lat' dir='ltr'><strong>incederent,</strong></span> <span class='ocrx_word' id='word_1_321' title='bbox 973 3900 1044 3944; x_wconf 87' lang='lat' dir='ltr'><strong>cau.</strong></span> <span class='ocrx_word' id='word_1_322' title='bbox 1061 3881 1112 3944; x_wconf 82' lang='lat'><strong>25.</strong></span> <span class='ocrx_word' id='word_1_323' title='bbox 1129 3901 1217 3946; x_wconf 86' lang='lat' dir='ltr'><strong>caus.</strong></span> <span class='ocrx_word' id='word_1_324' title='bbox 1247 3885 1295 3948; x_wconf 78' lang='lat'><strong>17.</strong></span> <span class='ocrx_word' id='word_1_325' title='bbox 1308 3895 1445 3966; x_wconf 78' lang='lat' dir='ltr'><strong>‚quaest</strong></span> <span class='ocrx_word' id='word_1_326' title='bbox 1459 3883 1494 3954; x_wconf 82' lang='lat' dir='ltr'><strong>l..</strong></span> 
     </span>
     <span class='ocr_line' id='line_1_34' title="bbox 196 3979 1495 4068; baseline 0.008 -25"><span class='ocrx_word' id='word_1_327' title='bbox 196 3979 283 4062; x_wconf 91' lang='lat' dir='ltr'><strong>quod</strong></span> <span class='ocrx_word' id='word_1_328' title='bbox 309 3983 406 4046; x_wconf 85' lang='lat' dir='ltr'><strong>etiam</strong></span> <span class='ocrx_word' id='word_1_329' title='bbox 431 3985 612 4048; x_wconf 87' lang='lat' dir='ltr'><strong>ornamenti</strong></span> <span class='ocrx_word' id='word_1_330' title='bbox 628 4003 732 4068; x_wconf 88' lang='lat' dir='ltr'><strong>genus</strong></span> <span class='ocrx_word' id='word_1_331' title='bbox 758 3987 792 4050; x_wconf 91' lang='lat' dir='ltr'><strong>iu</strong></span> <span class='ocrx_word' id='word_1_332' title='bbox 809 3987 1027 4054; x_wconf 89' lang='lat' dir='ltr'><strong>Diaconorum</strong></span> <span class='ocrx_word' id='word_1_333' title='bbox 1051 3989 1306 4056; x_wconf 86' lang='lat' dir='ltr'><strong>ordinationibus</strong></span> <span class='ocrx_word' id='word_1_334' title='bbox 1329 3995 1495 4060; x_wconf 86' lang='lat' dir='ltr'><strong>adhibeba-</strong></span> 
     </span>
     <span class='ocr_line' id='line_1_35' title="bbox 196 4091 1494 4188; baseline 0.008 -32"><span class='ocrx_word' id='word_1_335' title='bbox 196 4105 255 4171; x_wconf 91' lang='lat' dir='ltr'><strong>tur,</strong></span> <span class='ocrx_word' id='word_1_336' title='bbox 282 4093 327 4158; x_wconf 87' lang='lat' dir='ltr'><strong>ita</strong></span> <span class='ocrx_word' id='word_1_337' title='bbox 344 4107 379 4158; x_wconf 88' lang='lat' dir='ltr'><strong>ut</strong></span> <span class='ocrx_word' id='word_1_338' title='bbox 394 4105 423 4156; x_wconf 89' lang='lat' dir='ltr'><strong>et</strong></span> <span class='ocrx_word' id='word_1_339' title='bbox 439 4095 523 4173; x_wconf 79' lang='lat' dir='ltr'><strong>stola</strong></span> <span class='ocrx_word' id='word_1_340' title='bbox 549 4095 685 4160; x_wconf 87' lang='lat' dir='ltr'><strong>Diaconi</strong></span> <span class='ocrx_word' id='word_1_341' title='bbox 711 4098 745 4160; x_wconf 92' lang='lat' dir='ltr'><strong>in</strong></span> <span class='ocrx_word' id='word_1_342' title='bbox 771 4099 1027 4182; x_wconf 84' lang='lat' dir='ltr'><strong>sigrrunroaeris</strong></span> <span class='ocrx_word' id='word_1_343' title='bbox 1053 4104 1135 4166; x_wconf 89' lang='lat' dir='ltr'><strong>sacri</strong></span> <span class='ocrx_word' id='word_1_344' title='bbox 1161 4091 1302 4188; x_wconf 86' lang='lat' dir='ltr'><strong>suscepti</strong></span> <span class='ocrx_word' id='word_1_345' title='bbox 1328 4115 1494 4172; x_wconf 86' lang='lat' dir='ltr'><strong>uterentur.</strong></span> 
     </span>
     <span class='ocr_line' id='line_1_36' title="bbox 196 4201 1493 4292; baseline 0.01 -28"><span class='ocrx_word' id='word_1_346' title='bbox 196 4201 301 4266; x_wconf 89' lang='lat' dir='ltr'><strong>Hodie</strong></span> <span class='ocrx_word' id='word_1_347' title='bbox 317 4204 403 4266; x_wconf 87' lang='lat' dir='ltr'><strong>solus</strong></span> <span class='ocrx_word' id='word_1_348' title='bbox 431 4205 580 4268; x_wconf 83' lang='lat' dir='ltr'><strong>Pontifex</strong></span> <span class='ocrx_word' id='word_1_349' title='bbox 596 4205 762 4270; x_wconf 83' lang='lat' dir='ltr'><strong>Maximus</strong></span> <span class='ocrx_word' id='word_1_350' title='bbox 789 4207 909 4290; x_wconf 88' lang='lat' dir='ltr'><strong>ubique</strong></span> <span class='ocrx_word' id='word_1_351' title='bbox 926 4211 1026 4275; x_wconf 89' lang='lat' dir='ltr'><strong>utitur</strong></span> <span class='ocrx_word' id='word_1_352' title='bbox 1051 4212 1143 4292; x_wconf 76' lang='lat' dir='ltr'><strong>stola,</strong></span> <span class='ocrx_word' id='word_1_353' title='bbox 1168 4213 1358 4280; x_wconf 83' lang='lat' dir='ltr'><strong>Sacerdotes</strong></span> <span class='ocrx_word' id='word_1_354' title='bbox 1382 4227 1493 4288; x_wconf 86' lang='lat' dir='ltr'><strong>amem,</strong></span> 
     </span>
     <span class='ocr_line' id='line_1_37' title="bbox 196 4312 1495 4405; baseline 0.008 -31"><span class='ocrx_word' id='word_1_355' title='bbox 196 4323 252 4376; x_wconf 88' lang='lat' dir='ltr'><strong>aut</strong></span> <span class='ocrx_word' id='word_1_356' title='bbox 269 4312 405 4376; x_wconf 90' lang='lat' dir='ltr'><strong>Diaccni</strong></span> <span class='ocrx_word' id='word_1_357' title='bbox 423 4325 549 4378; x_wconf 86' lang='lat' dir='ltr'><strong>tentum</strong></span> <span class='ocrx_word' id='word_1_358' title='bbox 566 4314 598 4378; x_wconf 93' lang='lat' dir='ltr'><strong>in</strong></span> <span class='ocrx_word' id='word_1_359' title='bbox 615 4315 714 4378; x_wconf 87' lang='lat' dir='ltr'><strong>sacris</strong></span> <span class='ocrx_word' id='word_1_360' title='bbox 729 4316 912 4380; x_wconf 88' lang='lat' dir='ltr'><strong>ministeriis</strong></span> <span class='ocrx_word' id='word_1_361' title='bbox 928 4337 984 4400; x_wconf 91' lang='lat' dir='ltr'><strong>pro</strong></span> <span class='ocrx_word' id='word_1_362' title='bbox 1000 4339 1134 4384; x_wconf 88' lang='lat' dir='ltr'><strong>munere</strong></span> <span class='ocrx_word' id='word_1_363' title='bbox 1152 4321 1364 4405; x_wconf 85' lang='lat' dir='ltr'><strong>singulorum.</strong></span> <span class='ocrx_word' id='word_1_364' title='bbox 1409 4321 1495 4394; x_wconf 76' lang='lat' dir='ltr'><strong>Quid</strong></span> 
     </span>
     <span class='ocr_line' id='line_1_38' title="bbox 196 4418 1494 4518; baseline 0.008 -40"><span class='ocrx_word' id='word_1_365' title='bbox 196 4418 303 4482; x_wconf 87' lang='lat' dir='ltr'><strong>dicam</strong></span> <span class='ocrx_word' id='word_1_366' title='bbox 319 4420 358 4482; x_wconf 90' lang='lat' dir='ltr'><strong>de</strong></span> <span class='ocrx_word' id='word_1_367' title='bbox 373 4419 438 4482; x_wconf 91' lang='lat' dir='ltr'><strong>alic</strong></span> <span class='ocrx_word' id='word_1_368' title='bbox 452 4421 547 4484; x_wconf 87' lang='lat' dir='ltr'><strong>orarii</strong></span> <span class='ocrx_word' id='word_1_369' title='bbox 572 4439 696 4504; x_wconf 87' lang='lat' dir='ltr'><strong>genere,</strong></span> <span class='ocrx_word' id='word_1_370' title='bbox 713 4441 777 4503; x_wconf 90' lang='lat' dir='ltr'><strong>quo</strong></span> <span class='ocrx_word' id='word_1_371' title='bbox 793 4423 933 4504; x_wconf 90' lang='lat' dir='ltr'><strong>primum</strong></span> <span class='ocrx_word' id='word_1_372' title='bbox 949 4445 1029 4489; x_wconf 87' lang='lat' dir='ltr'><strong>usus</strong></span> <span class='ocrx_word' id='word_1_373' title='bbox 1051 4425 1112 4492; x_wconf 83' lang='lat' dir='ltr'><strong>suit</strong></span> <span class='ocrx_word' id='word_1_374' title='bbox 1124 4427 1296 4518; x_wconf 56' lang='lat' dir='ltr'><strong>bemanus</strong></span> <span class='ocrx_word' id='word_1_375' title='bbox 1311 4431 1450 4514; x_wconf 90' lang='lat' dir='ltr'><strong>populus</strong></span> <span class='ocrx_word' id='word_1_376' title='bbox 1465 4429 1494 4490; x_wconf 90' lang='lat' dir='ltr'><strong>in</strong></span> 
     </span>
    </p>
   </div>
   <div class='ocr_carea' id='block_1_3' title="bbox 919 4655 1059 4693">
    <p class='ocr_par' dir='ltr' id='par_1_4' title="bbox 919 4655 1059 4693">
     <span class='ocr_line' id='line_1_39' title="bbox 919 4655 1059 4693; baseline 0.007 -8"><span class='ocrx_word' id='word_1_377' title='bbox 919 4688 921 4693; x_wconf 56' lang='grc'><strong>,</strong></span> <span class='ocrx_word' id='word_1_378' title='bbox 1029 4655 1059 4686; x_wconf 73' lang='grc' dir='ltr'><em>Ι</em></span> 
     </span>
    </p>
   </div>
   <div class='ocr_carea' id='block_1_4' title="bbox 0 0 1612 4988">
    <p class='ocr_par' dir='ltr' id='par_1_5' title="bbox 0 0 1612 4988">
     <span class='ocr_line' id='line_1_40' title="bbox 0 0 1612 4988; baseline 0 2"><span class='ocrx_word' id='word_1_379' title='bbox 0 0 1612 4988; x_wconf 95' lang='lat' dir='ltr'><strong> </strong></span> 
     </span>
    </p>
   </div>
  </div>
 </body>
</html>
