3168 4982
214 393 282 460 224
582 418 826 468 crassamento
847 425 1003 487 acanus,
1026 427 1102 472 css.
1124 405 1162 472 V.

214 533 369 618 capulare
385 535 555 616 conurtbia,
571 539 773 624 quodetiam
788 540 950 606 Sarutaru
965 543 1104 629 Moysen
1119 545 1289 610 Dorulaus
1299 551 1437 631 propter
1458 545 1513 610 du·

214 646 333 710 retiam
348 649 455 712 cordis
469 649 602 716 illorum
619 651 784 718 Israelitis
794 655 987 737 permisisse
1010 665 1159 735 testatur,
1174 657 1232 721 sed
1246 657 1318 740 lege
1333 658 1514 742 Evangelii

215 777 293 820 reus
308 766 355 822 est
369 759 533 837 adulterii,
549 761 636 823 sicut
651 762 753 826 etiam
766 763 835 839 illa,
850 763 882 826 si
903 755 1005 828 'altem
1019 767 1178 848 nupserit.
1231 765 1339 850 Usque
1353 767 1432 830 adeo
1447 787 1516 830 nta-

213 871 292 926 neut
305 865 388 928 iuter
417 867 561 930 civetates
575 871 674 935 senui
688 871 775 934 inita
791 873 878 954 Jara
892 873 1098 956 nuptiarum,
1118 881 1156 936 ut
1166 876 1281 958 potius
1295 877 1364 940 siut
1377 878 1464 940 inter
1484 897 1516 940 se

211 977 378 1060 conjuges,
406 981 463 1062 qai
477 980 517 1043 alr
543 981 702 1046 alterutro
727 985 877 1066 separati
891 991 978 1058 earet,
1005 1005 1107 1068 quam
1132 1005 1208 1048 cam
1221 987 1282 1066 leis,
1304 988 1424 1072 quibem
1438 987 1517 1052 aliis

209 1083 442 1147 adhaeserunt.
490 1084 578 1152 Gara
592 1087 671 1150 aliis
697 1090 821 1172 quippe
846 1089 993 1154 adulteri
1007 1112 1073 1154 uou
1102 1100 1216 1170 esseut,
1241 1077 1370 1156 uisi'ad
1396 1095 1515 1158 alteru·

210 1201 303 1262 trum
327 1195 483 1275 conjuges
506 1204 749 1276 permaturuit.
792 1195 946 1281 Denique
967 1206 1094 1262 mortuo
1117 1199 1197 1278 cira
1213 1219 1286 1262 cum
1315 1220 1377 1284 pue
1402 1219 1517 1262 varran

207 1301 410 1364 connubium
422 1303 509 1384 serit,
527 1303 608 1384 fieri
623 1323 739 1368 ueram
764 1307 963 1370 connubium
975 1315 1090 1390 potest,
1114 1329 1190 1372 crem
1204 1329 1266 1393 qam
1279 1310 1379 1392 prius
1393 1309 1516 1372 adulte

210 1411 396 1496 riumsut't.
440 1411 495 1510 Ita
508 1421 621 1476 manet
634 1414 722 1476 iuter
737 1416 881 1478 civetates
895 1417 1033 1502 quidam
1059 1419 1240 1503 coujugale,
1256 1421 1343 1503 quod
1354 1439 1412 1482 nec
1424 1441 1516 1503 sepa

208 1525 305 1600 ratio,
320 1545 377 1588 uec
391 1545 467 1588 oum
492 1525 595 1588 altero
610 1527 774 1608 copulatio
796 1529 906 1610 possit
920 1530 1068 1611 anferre;
1088 1539 1201 1602 maaet
1215 1539 1327 1594 aretem
1339 1531 1384 1594 ad
1397 1551 1518 1595 nonam

206 1635 369 1712 miminis,
385 1654 451 1700 aaa
465 1635 511 1700 ad
524 1637 852 1719 uinculamsoedet·ls
868 1641 928 1724 de.
972 1639 1116 1702 Profecto
1142 1639 1243 1722 liquet
1257 1661 1299 1704 ex
1313 1642 1373 1721 his,
1390 1655 1515 1706 senten·

207 1745 287 1808 tiam
303 1744 478 1828 Augustini
507 1763 573 1808 non
589 1746 743 1827 pertinere
758 1745 801 1808 ad
828 1747 1022 1829 propositam
1038 1747 1269 1828 quaestionem,
1286 1745 1343 1808 sed
1357 1745 1399 1810 ad
1414 1745 1518 1810 diver·

204 1875 278 1920 sam
293 1856 441 1938 speciem,
458 1854 610 1918 nimirum
626 1854 668 1918 ad
692 1875 773 1935 eam,
790 1876 856 1937 qua
882 1855 1127 1938 proponebatur,
1146 1855 1228 1918 diros
1242 1855 1396 1938 conjuges
1411 1854 1516 1918 divor·

206 1964 350 2028 tiosacta
375 1963 475 2026 fuisse
501 1965 663 2046 sejunctos
685 1965 781 2048 Juxta
796 1975 937 2027 veteram
964 1963 1179 2046 disciplinam.
1223 1959 1413 2028 Secundum
1427 1963 1518 2026 enim

204 2074 394 2158 conjugium
421 2072 546 2156 legibus
562 2071 699 2154 publicis
728 2084 804 2136 tunc
833 2092 898 2136 non
925 2071 1104 2156 habebatur
1129 2083 1286 2154 tanquam
1311 2071 1517 2149 adulterium,

201 2203 407 2268 qtramquam
432 2183 613 2248 secundum
629 2183 803 2266 Evangelii
835 2183 920 2266 leges
947 2184 1060 2247 merito
1075 2183 1229 2266 appellari
1253 2182 1449 2246 adulterium
1467 2203 1519 2266 po-

205 2292 328 2354 tuisset
372 2290 464 2354 Tum
480 2307 555 2352 vero
581 2290 720 2372 primum
737 2292 861 2374 scripsit
889 2291 1101 2373 Augustinus,
1118 2291 1181 2354 dici
1210 2291 1396 2374 conjugium
1412 2309 1517 2374 posse,

203 2417 308 2482 quum
324 2399 380 2476 vir,
406 2405 508 2480 aquo
524 2417 605 2462 uxor
630 2398 812 2477 diverterat,
838 2400 979 2466 obiisset.
1023 2399 1113 2464 Nihil
1129 2400 1243 2482 adjicio
1264 2399 1326 2462 hoc
1341 2401 1374 2461 in
1392 2399 1464 2463 loco
1479 2401 1518 2462 de

205 2509 416 2590 secarentibns
444 2509 620 2590 Augustini
643 2509 750 2570 verbis
765 2508 964 2590 depromptis
989 2527 1030 2570 ex
1046 2508 1114 2571 libr.
1130 2507 1170 2570 de
1200 2508 1284 2570 bono
1298 2509 1472 2590 conjugali,
1488 2519 1520 2570 et

203 2617 310 2680 relatis
326 2618 359 2680 in
376 2621 397 2684 l.
414 2617 518 2681 Posse
542 2639 622 2682 sane
637 2617 722 2680 dicto
736 2637 807 2682 can.
824 2619 853 2680 2.
869 2637 958 2682 cans.
988 2617 1037 2681 31.
1054 2597 1178 2698 quaest.
1193 2619 1220 2680 l.
1237 2619 1279 2680 ibi
1295 2619 1381 2680 enim
1397 2637 1518 2681 sermo-

205 2749 281 2794 nem
298 2739 430 2792 sanetus
445 2729 501 2794 Vir
517 2729 698 2792 instituerat
713 2747 778 2792 non
794 2729 835 2792 de
851 2731 961 2812 nuptis
977 2729 1172 2794 adulterium
1187 2729 1298 2810 passis,
1313 2727 1368 2790 sed
1385 2727 1426 2791 de
1443 2747 1519 2792 con·

201 2837 343 2916 cubicis,
359 2856 499 2918 quarum
514 2835 655 2898 conditio
682 2838 826 2918 proxime
841 2837 882 2900 ad
900 2836 1118 2900 conditionem
1144 2847 1318 2919 nuptarum
1334 2835 1518 2916 accedebat,

202 2946 377 3028 dequibus
402 2957 568 3028 propterea
583 2945 646 3009 dici
674 2957 802 3027 poterat,
819 2967 917 3030 posse
934 2945 1014 3029 fieri
1043 2947 1183 3030 areptias
1209 2967 1249 3010 ee
1262 2950 1414 3030 personis
1427 2947 1520 3034 mole

202 3057 392 3140 conjunctis,
409 3057 539 3120 nonesto
552 3057 676 3140 placito
688 3065 805 3142 postea
820 3063 1040 3139 consequente.
1084 3055 1265 3136 Utrumque
1280 3055 1457 3135 Augustini
1476 3055 1518 3118 lo·

201 3179 281 3224 cum
296 3159 473 3222 rectissime
488 3161 665 3224 Gratianus
681 3163 904 3244 interpretatus
934 3173 991 3241 est,
1007 3161 1054 3225 uti
1069 3161 1170 3244 liquet
1191 3182 1233 3226 ex
1249 3163 1392 3245 ejusdem
1407 3165 1519 3226 verbis

202 3264 335 3329 laudato
350 3266 469 3328 canoni
498 3267 658 3348 subjectis3
676 3267 732 3329 sed
760 3287 824 3332 non
842 3268 886 3330 ita
912 3257 1100 3332 accuratum
1127 3287 1161 3331 se
1176 3269 1277 3350 gessit
1289 3269 1405 3330 veteris
1419 3267 1519 3332 disci-

202 3375 311 3458 pliuae
327 3373 512 3436 retinendae
526 3375 702 3454 custodem,
720 3395 758 3438 ec
774 3373 936 3438 vindicem
952 3376 984 3438 in
1001 3385 1068 3436 tota
1083 3383 1206 3456 quaest.
1225 3375 1252 3436 l.
1268 3393 1357 3436 catis.
1373 3373 1435 3452 31,
1453 3386 1518 3436 eta

202 3481 272 3544 nim
289 3479 408 3544 ibidem
434 3481 531 3544 variis
556 3483 669 3564 priscis
683 3485 864 3546 canonibus
887 3481 1063 3564 descriptis,
1091 3481 1249 3544 conclusit
1275 3481 1427 3564 sttffragio
1445 3503 1518 3561 suo,

200 3597 273 3651 tum
288 3587 421 3650 demum
448 3588 572 3651 irritum
595 3607 665 3650 esse
691 3587 913 3652 adulterorum
938 3589 1136 3672 conjugium,
1161 3605 1264 3668 quum
1288 3588 1356 3652 vim
1382 3588 1519 3653 vivente

201 3699 332 3782 sponsio
348 3697 429 3761 inita
443 3697 557 3762 suisset
573 3699 654 3761 inter
679 3697 842 3762 adulteros
857 3699 897 3762 de
913 3697 1031 3764 suturis
1052 3699 1173 3780 nuptiis
1184 3699 1389 3782 jurejurando
1404 3697 1520 3764 firma·

201 3819 242 3871 ta.
287 3807 389 3888 Igitur
404 3808 526 3889 primus
543 3807 719 3869 Gratianus
735 3819 847 3889 sponte
873 3825 993 3870 novem
1010 3805 1216 3889 disciplinam
1231 3805 1382 3868 invehere
1396 3806 1517 3886 voluit,

200 3935 260 3979 seu
285 3925 426 3979 veterem
452 3915 636 4000 generalem
662 3915 867 3997 disciplinam
893 3915 936 3979 ad
961 3923 1063 3978 certos
1090 3925 1217 3978 tantum
1246 3932 1342 3976 castis
1357 3894 1518 3976 coercere.

203 4027 247 4090 At
262 4029 451 4090 recentiores
476 4023 666 4110 Interpretes
683 4045 787 4108 neque
802 4027 934 4090 omnino
959 4025 1166 4108 disciplinam
1180 4035 1320 4088 veterem
1335 4025 1426 4106 sequi
1446 4045 1519 4088 ma-

200 4135 340 4220 luerunt3
359 4137 519 4220 siquidem
541 4137 715 4202 commenti
742 4147 819 4202 sunt
833 4149 936 4201 certos
961 4157 1067 4214 castis,
1084 4137 1202 4217 quibus
1219 4137 1299 4198 inter
1315 4135 1517 4215 adulterum,

198 4257 231 4310 et
264 4247 445 4310 adulteram
461 4245 662 4310 nullomodo
678 4249 863 4330 conjugium
873 4247 1044 4310 consistere
1059 4257 1173 4329 posset,
1188 4256 1218 4308 et
1233 4255 1323 4308 extra
1339 4263 1419 4327 qnos
1436 4264 1521 4308 con-

198 4359 324 4422 sisteret
335 4379 374 4422 eo
388 4369 536 4442 tempore,
551 4379 617 4442 quo
632 4359 827 4422 dissolutum
843 4357 931 4441 prius
946 4357 1134 4440 conjugium
1149 4365 1382 4439 proponeretur.
1418 4355 1518 4418 Hinc

198 4467 320 4551 passim
348 4466 431 4531 tradi
446 4468 560 4552 coepit,
591 4467 625 4534 in
640 4467 692 4532 his
720 4479 847 4532 tantiam
870 4465 946 4532 sacti
962 4465 1129 4549 speciebus
1154 4466 1236 4530 inter
1250 4463 1409 4530 adulteros
1425 4482 1520 4530 nun·
