3134 4984
329 453 438 518 23ss.
574 454 903 514 marmoreum.
1064 463 1114 500 -.
1315 425 1378 498 idi

85 595 136 682 tlt,
148 597 406 668 introeuntem
421 588 549 675 negem
561 589 752 664 saecularia,
767 591 788 650 o
803 581 923 664 quibus
938 595 998 644 me
1013 583 1085 660 pou
1107 575 1233 642 tertium
1251 565 1379 636 Praela-

86 715 105 776 ti
119 712 164 775 eui
177 705 429 772 admonitionem
446 700 617 778 recucurrit,
633 717 704 778 cup.
719 697 781 770 25,
800 707 831 757 et
841 693 898 754 «15.
914 689 994 768 eod,
1021 699 1079 750 aut
1092 707 1176 766 enm,
1193 705 1290 770 quem
1307 685 1377 747 Ole-

86 819 176 884 rieum
190 832 262 880 esee
275 809 477 895 ignoraverit,
504 827 575 890 cop.
591 807 620 870 4.
635 805 715 880 eod,
732 803 873 883 denique
885 817 953 880 quo
979 818 1057 860 casn
1074 798 1147 878 quis
1163 815 1227 860 uon
1244 793 1377 860 matula·

88 931 157 990 reo't
172 925 302 1010 quidem
317 923 479 986 Clericum
506 915 600 995 laedi,
616 914 674 978 sed
690 923 794 976 retum
808 911 958 994 iniuriam
974 908 1017 970 ab
1031 908 1096 970 ello
1118 907 1241 970 illoram
1258 905 1379 968 hebue-

86 1039 126 1114 rit,
139 1036 314 1104 rlumnrodo
340 1046 443 1097 retem
460 1029 608 1094 habentis
634 1025 767 1090 nomine
783 1023 872 1086 illota
886 1039 952 1084 non
978 1018 1082 1099 luerit,
1098 1037 1170 1100 cap.
1186 1017 1237 1080 23.
1252 1015 1293 1080 de
1308 1033 1380 1080 sen·

85 1149 174 1212 tentia
187 1140 536 1212 excommunicationis
552 1137 585 1202 iu
600 1137 631 1198 6.
1329 1190 1333 1197 .

122 1255 221 1318 Verba
236 1254 291 1317 illa
308 1249 538 1316 Lateraneueis
561 1245 697 1310 Concilii
712 1240 936 1310 anathematis
950 1242 1080 1306 uirteulo
1094 1241 1269 1326 midumai,
1293 1239 1319 1302 si
1335 1233 1381 1302 lta

84 1359 440 1442 interpretendeessent,
454 1353 733 1438 queamdmodum
749 1363 875 1430 sonant,
891 1351 970 1414 sorte
983 1351 1238 1432 intelligerentur
1252 1350 1293 1412 de
1309 1367 1380 1432 poe-

84 1467 352 1534 naenatlrematio
377 1485 442 1533 nou
458 1465 527 1546 ipso
537 1465 609 1548 jure
635 1463 766 1541 inflicto,
793 1459 848 1524 sed
868 1479 921 1541 per
936 1457 1130 1522 serrtentium
1151 1455 1274 1540 jndicio
1298 1453 1381 1518 inili-

84 1574 189 1656 genta.
234 1573 381 1638 Obeerro
397 1573 554 1654 imprimis
579 1569 725 1634 aribone
740 1585 816 1647 rem,
842 1581 1004 1650 censurae,
1033 1573 1067 1628 ut
1082 1565 1182 1647 ajunt,
1210 1563 1295 1626 latae
1310 1581 1382 1626 seu·

85 1685 195 1750 tentiae
209 1681 521 1766 parum-frequentes
536 1677 711 1746 iliacum
725 1677 837 1752 soloe,
862 1675 943 1738 atleo
959 1685 994 1736 nt
1008 1686 1100 1736 extra
1114 1689 1232 1734 censae
1247 1671 1381 1736 haereti-

83 1811 185 1863 eorum
211 1795 362 1858 rixante
387 1789 556 1854 saeculum
580 1787 810 1854 duodecimum
837 1784 1049 1876 demonstrari
1075 1783 1204 1846 illerum
1229 1781 1382 1864 exeruple
1411 1863 1416 1870 .

83 1905 207 1984 possint.
252 1903 399 1968 Observa
414 1899 540 1975 deinde,
568 1900 599 1962 in
616 1897 715 1964 dubio
732 1896 837 1977 potius
851 1893 1011 1971 ferendae,
1038 1911 1139 1973 quam
1155 1891 1239 1956 lutae
1254 1903 1382 1954 senten·

83 2011 138 2082 lieu
149 2031 324 2080 censuram
340 2010 495 2076 indictam
511 2007 656 2088 intelligi,
672 2007 713 2070 eb
728 2003 913 2086 generalem
930 2003 1084 2086 regulam,
1100 2021 1186 2084 qnae
1202 2001 1327 2080 suadet,
1347 2010 1383 2064 ut

82 2117 110 2179 in
125 2121 224 2192 tlubio
239 2119 397 2182 mitiorem
413 2135 539 2196 semper
555 2114 847 2198 interpretationem
860 2129 1047 2194 seqttamur.
1081 2111 1226 2174 Observo
1242 2111 1381 2193 insuper,

80 2226 210 2294 uerbum
236 2224 316 2300 illud
332 2225 499 2308 errlry'areal
524 2221 662 2286 dubium
685 2239 758 2285 esee
773 2239 873 2302 poene,
899 2239 975 2284 cum
989 2237 1094 2301 aeque
1120 2219 1284 2302 subjacere
1306 2219 1382 2301 quis

82 2331 389 2410 petrocoreum
410 2350 453 2394 ex
464 2330 728 2412 juriepotestate,
742 2341 842 2409 atque
856 2347 898 2392 ex
908 2327 1029 2412 judicto
1051 2331 1221 2390 sententia.
1265 2329 1381 2394 Obser-
1459 2415 1463 2422 ,

83 2440 283 2522 rudemque,
308 2441 443 2506 uerbum
466 2439 738 2524 illndrubjaceot,
764 2438 844 2524 etin
871 2436 1135 2518 praecedentium
1162 2437 1383 2504 Conciliornm

80 2550 264 2626 tautonibus,
290 2561 323 2615 et
337 2551 379 2612 ab
404 2550 473 2630 ipso
488 2547 699 2612 Lateranorui
716 2547 864 2610 Concilio
886 2547 929 2610 ite
945 2547 1067 2610 iu'aliis
1086 2547 1266 2610 canonibus
1283 2545 1382 2612 luisse

82 2673 279 2742 ustrrpetnm,
296 2671 331 2724 ut
344 2659 389 2726 ad
405 2657 569 2722 serendam
586 2659 779 2720 sententiam
796 2655 971 2720 referretur.
1017 2657 1101 2720 Cum
1118 2655 1383 2740 praecedentium

79 2770 280 2834 soeculorum
304 2785 447 2834 canones
472 2785 624 2844 memoro,
650 2765 783 2830 laudare
806 2785 940 2849 pomum
963 2785 1123 2832 ceumrem
1150 2771 1220 2834 101.
1243 2789 1333 2834 caue.
1352 2772 1380 2835 i.

78 2891 201 2953 queant.
218 2880 257 2956 L,
285 2875 498 2943 ubiiueeuie
521 2875 711 2938 criminibus
726 2893 850 2957 poenae
876 2875 1029 2942 dicuntur
1054 2880 1087 2941 in
1115 2879 1324 2964 Episcopum,
1348 2893 1383 2948 ut

79 2984 204 3052 duobus
230 2987 398 3052 mensibus
412 2983 950 3069 ercmnmnnicalianiecubjeeeet,
977 3000 1010 3052 ot
1024 2989 1057 3051 in
1085 2989 1321 3073 Presbyterum,
1345 3003 1382 3056 ut

78 3109 214 3174 urratuor
244 3098 405 3162 merreium
434 3096 767 3170 commmemoratione
792 3097 974 3182 plectatur.
1017 3097 1240 3168 Quamobrem
1272 3099 1381 3182 liquet,

79 3205 211 3272 verbum
224 3207 392 3290 »emacem
406 3205 586 3287 prurnioeue
601 3204 686 3266 cumi
697 3223 775 3268 cnm
791 3207 888 3270 verbo
900 3209 1074 3291 plectatur,
1090 3209 1176 3292 qnod
1190 3221 1298 3274 temen
1316 3227 1384 3274 ver·

77 3313 166 3392 bum,
179 3319 310 3380 nomine
324 3313 503 3391 dubitante,
518 3313 559 3386 ad
576 3317 949 3382 excommunicationem
974 3317 1126 3382 serendae
1142 3321 1320 3384 sententiae
1337 3339 1381 3383 re·

77 3422 184 3490 lertrrr.
198 3443 293 3489 cecus
305 3423 493 3500 dicendum,
509 3424 608 3488 etiam
624 3426 760 3506 glutitur
776 3426 880 3508 puniri
899 3423 1108 3509 Episcopum,
1129 3445 1229 3508 quum
1247 3425 1381 3510 Presby-

76 3543 306 3602 ternmcontre
331 3546 474 3598 merrtem
492 3533 624 3598 Pmoun
648 3533 893 3613 Toleteooorm,
917 3536 973 3616 qui
990 3534 1143 3617 Episcopi
1171 3553 1309 3617 poenum
1337 3538 1381 3600 bi·

75 3663 234 3724 rurotreur,
253 3647 434 3728 Presbyteri
447 3645 715 3727 qundrimestrem
730 3665 802 3727 erce
817 3647 1014 3714 voluerunt„
1033 3647 1118 3710 Cum
1135 3665 1276 3712 memoro
1298 3648 1380 3712 ulios

75 3771 215 3818 canones
229 3757 375 3840 ejrredern
402 3755 537 3818 Concilil
555 3755 790 3834 Lutomnonois,
809 3756 1057 3838 videusimilem
1083 3757 1255 3824 formulam
1270 3761 1381 3845 subja·

74 3877 142 3930 reat
159 3866 219 3950 legi
236 3870 271 3930 ia
285 3883 358 3930 oen.
373 3866 425 3928 47.
440 3883 530 3928 entre.
549 3867 597 3929 ta.
614 3878 738 3948 quaest.
762 3867 802 3942 2,
819 3887 917 3949 quem
933 3880 1040 3932 tauron
1058 3887 1179 3952 possim
1196 3871 1236 3934 de
1251 3891 1380 3937 exeom-

75 3973 460 4041 introitorum-ferendae
474 3977 652 4040 sententiae
667 3978 924 4058 interpretamur.
970 3979 1115 4063 Adjieere
1132 4001 1272 4063 possum,
1292 3983 1380 4046 bane

73 4083 245 4150 formulam
259 4088 301 4149 de
318 4085 469 4149 ferendae
486 4097 672 4150 ¹err-utentum
696 4105 835 4158 censura
848 4087 1046 4151 inlellexiere
1072 4091 1298 4155 Innocentium
1317 4091 1377 4156 lll.

71 4193 104 4253 in
120 4211 193 4274 cap.
207 4193 237 4256 l.
253 4193 294 4256 rie
309 4193 444 4254 crimine
466 4190 548 4268 salsi,
564 4191 644 4255 dum
660 4193 818 4274 imprimis
832 4197 943 4257 statuit
958 4197 1019 4260 rub
1031 4217 1137 4279 poeno
1157 4201 1379 4262 excommnni-

70 4303 219 4382 cetieur'r,
245 4302 529 4387 arsarpootoois,
558 4319 598 4362 ue
622 4301 661 4364 iu
681 4303 902 4383 impetretlooo
929 4305 1092 4368 literarum
1115 4307 1376 4386 Apostolicorum

69 4408 203 4475 fraudes
217 4415 469 4487 admitterentur,
491 4423 524 4474 et
539 4424 649 4474 contre
666 4424 915 4494 trpuogreeeoreo
926 4414 1025 4497 jubet,
1050 4427 1085 4477 ut
1100 4415 1125 4476 si
1142 4417 1377 4500 loicnrsuerr't,

70 4523 641 4614 mmmmmubjoceaaei
658 4521 815 4617 Cloeicuo,
836 4523 1053 4614 carpentium
1068 4523 1255 4595 aemuler.
1299 4525 1375 4596 Ver·
