3210 4990
183 382 247 448 120
618 407 860 454 nrssnarsrro
882 409 1031 456 enarre.

182 543 262 592 neus
277 527 418 612 generali
431 527 558 596 decreto
571 528 625 594 'ad
639 529 823 598 universam
838 530 1020 599 Ecclesiam
1045 527 1222 614 productus
1235 539 1292 612 est,
1306 549 1377 617 cap.
1391 531 1424 597 ³.
1437 532 1483 596 de

182 636 337 701 clandest.
361 638 554 723 desponsat,
575 659 640 724 quo
664 640 875 706 constitutum
899 637 969 724 fuit,
990 651 1028 706 ut
1052 659 1128 708 cum
1152 643 1357 708 matrimonia
1370 653 1482 709 essent

182 747 410 828 contrahenda,
435 748 468 812 in
484 747 640 814 Ecclesiis
664 769 720 833 per
745 749 949 833 Presbyteros
975 751 1102 833 publice
1115 763 1371 836 proponerentur,
1392 771 1482 818 com-

181 858 300 941 petenti
324 857 460 923 termino
473 857 649 943 praefinito,
675 869 712 922 ut
725 859 808 924 intra
822 859 917 924 illum
941 861 997 942 qui
1012 859 1155 940 voluerit,
1171 875 1203 926 et
1215 860 1361 944 valuerit,
1376 861 1480 945 legiti-

182 985 274 1034 mum
297 969 564 1052 impedimentum
576 981 756 1055 opponeret,
779 981 811 1034 et
825 971 886 1054 ipsi
905 971 1086 1054 Presbyteri
1111 972 1322 1040 nihilominus
1348 975 1479 1040 investi·

182 1083 303 1160 gerent
319 1085 428 1141 utrum
453 1075 583 1159 aliquod
607 1075 875 1160 impedimentum
889 1078 1063 1160 obsisteret;
1087 1097 1164 1144 cum
1179 1092 1288 1144 autem
1313 1081 1483 1164 adparuis-

182 1195 230 1248 set
244 1183 415 1268 probabilis
429 1185 610 1269 conjectura
623 1195 734 1248 contra
747 1186 934 1268 conjuginm
955 1184 1219 1267 contrahendum,
1234 1195 1417 1250 contractus
1431 1187 1482 1252 in-

181 1293 385 1359 terdiceretur
398 1309 556 1377 expresse,
581 1291 683 1356 donec
698 1291 776 1375 quid
791 1291 860 1356 fieri
874 1291 1001 1356 deberet
1024 1311 1177 1378 supereo,
1193 1291 1374 1358 manifestis
1387 1314 1482 1360 cons-

181 1416 263 1470 taret
276 1405 486 1470 documentis.

223 1515 308 1580 cnm
324 1535 399 1579 vero
423 1515 641 1580 lateranense
655 1511 818 1577 decretum
844 1511 982 1578 decursu
1005 1513 1156 1597 temporis
1178 1513 1300 1598 negligi
1314 1515 1480 1597 coepisset,

179 1625 364 1692 Tridentini
388 1628 532 1692 Patrese
557 1647 591 1690 re
604 1623 772 1690 Ecclesiae
797 1643 868 1688 esse
892 1635 1097 1704 censuerunt,
1119 1643 1184 1692 nou
1210 1626 1316 1692 selum
1330 1627 1358 1690 si
1371 1625 1481 1692 ‹lecre-

179 1745 250 1798 tum
264 1732 346 1798 illud
370 1743 568 1812 renovarent,
583 1731 641 1796 sed
666 1732 764 1796 etiam
779 1731 806 1794 si
820 1749 941 1794 noram
967 1729 1104 1796 lerinam
1119 1731 1418 1798 denuntiationibus
1432 1733 1482 1796 in-

91 1831 96 1842 '
176 1839 296 1920 darent,
311 1839 587 1924 quemadmodum
602 1859 712 1906 revera
726 1838 919 1920 indidemut,
943 1840 978 1904 in
992 1859 1061 1924 cap.
1079 1842 1106 1904 1.
1122 1859 1199 1906 sess.
1213 1841 1264 1906 m
1280 1842 1321 1906 de
1334 1841 1483 1908 Reform·

175 1948 323 2027 matrim,
346 1956 530 2028 statuentes,
545 1957 589 2028 ut,
605 1957 780 2030 antequam
794 1949 1034 2013 matrimonium
1060 1949 1277 2031 contrahatur,
1303 1958 1385 2018 tera
1410 1969 1482 2034 pro·

176 2056 245 2140 prio
258 2055 517 2122 contrahentium
541 2056 686 2120 Perocho
701 2057 803 2120 tribus
828 2057 993 2123 continuis
1007 2055 1121 2122 diebus
1143 2055 1267 2122 festivis
1281 2057 1315 2122 in
1329 2057 1482 2124 Ecclesia

174 2165 258 2228 inter
282 2165 458 2230 Missurum
486 2165 643 2230 solemnia
667 2166 795 2249 publice
821 2164 1036 2245 denuntietar,
1063 2166 1142 2230 inter
1156 2185 1238 2248 quos
1252 2165 1294 2231 sit
1317 2167 1485 2230 matrimo-

175 2269 268 2334 nium
292 2271 558 2355 contrahendum3
585 2273 705 2356 quibus
728 2273 1028 2356 denuntiationibus
1053 2273 1156 2358 factis,
1183 2276 1211 2338 si
1225 2275 1355 2340 nullum
1378 2275 1481 2359 legiti-

175 2395 268 2442 mum
290 2389 469 2462 opponatur
483 2379 759 2463 impedimentum,
785 2381 827 2445 ad
857 2381 1105 2446 celebrationem
1130 2381 1324 2448 matrimonii
1339 2381 1374 2446 in
1396 2381 1484 2448 facie

175 2485 343 2550 Ecclesiae
356 2487 556 2572 procedatur.
600 2490 699 2562 Quod
716 2490 744 2554 si
758 2490 934 2573 aliquando
949 2488 1122 2572 probabilis
1139 2490 1236 2556 suerit
1249 2491 1398 2575 suspicio,
1412 2510 1489 2556 ma-

175 2597 360 2664 trimonium
384 2599 544 2664 malitiose
557 2599 705 2682 impediri
730 2619 832 2682 posse,
847 2601 875 2663 si
890 2610 936 2664 tot
960 2601 1194 2683 praecesserint
1218 2599 1485 2666 denuntimmnes

175 2715 254 2772 tunc
268 2707 320 2772 vel
335 2727 403 2774 una
427 2719 555 2774 tantum
569 2709 768 2776 denuntiatio
795 2707 862 2789 fiat,
878 2707 929 2772 vel
954 2709 1198 2776 matrimonium
1212 2709 1270 2773 rite
1294 2708 1481 2792 celebretur,

175 2814 294 2880 deinde
307 2827 383 2882 ante
408 2817 495 2882 illius
509 2817 823 2882 consummationem
837 2816 1103 2880 denuntiationes
1112 2817 1147 2880 in
1162 2815 1310 2880 Ecclesia
1328 2813 1421 2894 fient,
1433 2823 1482 2894 ut,

175 2925 328 3008 tialiqua
352 2927 492 2990 subsunt
505 2927 744 3012 impedimenta,
769 2925 898 2990 facilius
924 2924 1100 3006 detegatur,
1126 2923 1190 2988 nisi
1204 2923 1395 2988 Ordinarius
1409 2923 1485 3004 ipse

176 3033 326 3117 expedire
346 3035 549 3119 judicaverit,
566 3047 603 3100 ut
627 3033 808 3119 praedictae
833 3032 1095 3098 denuntiationes
1109 3031 1320 3111 remittantur,
1334 3027 1422 3112 quod
1443 3027 1486 3092 il-

177 3142 241 3210 lius
256 3145 451 3228 prudentiae,
466 3157 499 3210 et
507 3145 757 3230 judicio-sancta
773 3142 927 3227 Synodus
953 3139 1089 3223 reliquit.
1134 3141 1248 3222 ltaque
1263 3138 1324 3202 hoc
1334 3140 1405 3222 jure
1420 3155 1485 3202 nos

178 3251 306 3332 utimur,
327 3250 415 3335 quod
428 3251 612 3318 Concilium
639 3250 870 3316 Tridentinum
885 3246 1018 3326 invexit,
1041 3245 1195 3329 abrogata
1208 3263 1330 3329 magna
1344 3245 1379 3308 in
1390 3255 1484 3328 parte

176 3363 298 3430 ratione
322 3361 544 3444 dentmtiandi,
559 3381 660 3446 quarn
675 3361 858 3426 Concilium
880 3359 1100 3424 Lateranense
1114 3357 1312 3438 definiverat,
1335 3356 1408 3420 licet
1422 3356 1481 3422 ali·

177 3471 291 3556 quain
305 3481 394 3554 parte
408 3481 538 3550 retenta,
554 3467 829 3554 quemadmodum
845 3467 939 3535 facile
954 3465 1152 3551 dignoscitur
1165 3487 1208 3532 ex
1222 3466 1392 3534 collatione
1406 3477 1480 3534 turn

179 3579 256 3644 dicti
271 3579 403 3662 capituli
427 3579 457 3642 a
473 3579 513 3642 de
527 3577 684 3644 clandest.
709 3575 900 3661 desponsat,
916 3586 988 3640 tum
1011 3574 1088 3640 dicti
1101 3573 1216 3657 capitis
1232 3574 1260 3638 1.
1286 3573 1320 3636 in
1336 3567 1486 3638 Concilio

179 3685 381 3767 Tridentino,
398 3695 495 3768 atque
509 3685 571 3750 hoc
585 3695 643 3765 cst,
658 3682 745 3768 quod
770 3681 1029 3748 adfirmaverunt,
1039 3679 1158 3744 ibidem
1172 3677 1358 3744 Tridentini
1372 3679 1485 3742 Antis·

180 3797 262 3878 tites,
287 3814 322 3858 se
337 3793 565 3858 Lateranensis
590 3791 727 3857 Concilii
741 3789 802 3856 sub
825 3790 1013 3856 Innocentio
1027 3787 1084 3854 III.
1112 3788 1264 3854 celebrari
1274 3788 1419 3872 vestigiis
1434 3789 1485 3854 in·

181 3905 335 3970 haesisse.

221 4013 374 4098 Agedum
387 4010 587 4095 explicemus
601 4009 829 4076 Tridentinam
852 4009 1060 4089 sanctionem,
1076 4027 1118 4072 ex
1132 4025 1199 4090 qua
1213 4025 1323 4070 recens
1332 4005 1420 4092 juris
1430 4025 1486 4070 ec-

181 4122 351 4186 clesiastici
365 4119 537 4206 prudentia
561 4119 687 4204 pendet.
731 4121 832 4203 Ajunt
846 4117 1028 4184 Tridentini
1051 4117 1172 4216 Petrep,
1187 4135 1222 4178 sc
1236 4115 1281 4178 ita
1295 4113 1489 4180 iaciendum

178 4233 379 4320 praecipere.
423 4231 513 4295 Num
527 4251 602 4314 ergo
616 4231 874 4299 denuntiationes
885 4229 966 4294 adeo
980 4229 1023 4292 ad
1037 4223 1174 4312 formale
1184 4227 1400 4294 contrahendi
1407 4245 1483 4290 oon-

180 4341 262 4427 jngii
287 4340 497 4426 pertinebunt,
514 4349 550 4404 ut
564 4341 592 4404 si
613 4341 710 4404 etiarn
725 4342 794 4404 sine
809 4357 910 4403 causa
923 4336 1119 4414 omittantur,
1139 4332 1294 4416 nullaque
1308 4331 1489 4397 accedente

185 4449 347 4518 Ordinarii
369 4448 619 4537 dispensatione,
641 4448 883 4515 mauimoniunt
903 4445 1036 4512 omniuo
1061 4437 1185 4508 irritum
1208 4443 1251 4508 sit
1278 4439 1486 4508 habendum
