3210 4990
192 421 237 490 94
508 443 751 490 nrsreauauro
773 445 947 506 securene,
970 445 1120 496 11110000.
1144 425 1186 492 11.

192 563 292 632 cunia
305 566 361 646 alt,
387 583 473 647 cum,
487 568 544 649 qui
558 563 713 631 inutiliter
737 566 911 650 stipulatur
925 579 982 648 001,
1008 585 1086 633 curn
1100 567 1246 652 stipulari
1261 565 1406 648 voluerit,
1432 583 1500 634 non

192 680 345 746 constitui
361 679 430 760 sibi,
458 679 499 743 tle
513 681 688 744 constituta
702 679 840 763 experiri
850 669 920 744 ’1100
936 699 1037 764 posse,
1064 679 1219 763 quoniam
1234 679 1269 743 in
1284 681 1393 744 auimo
1407 697 1500 742 cons·

192 785 344 866 tituentis,
369 785 428 850 001
451 787 663 870 promittentis
684 785 810 852 facturn
832 787 889 853 siu
930 785 1104 870 Quidquid
1131 787 1216 852 idern
1240 787 1502 854 iurisconsultus

146 943 149 952 ·
192 899 228 964 in
241 900 262 962 l.
280 899 308 962 1.
326 902 347 967 l.
363 899 394 963 2.
418 895 453 961 ff.
467 897 509 961 de
521 898 607 961 verb.
630 897 760 982 obligat.
777 895 916 978 tradidit,
931 897 1079 962 inutilem
1095 897 1334 978 stipulationem
1350 915 1390 962 no
1406 907 1501 962 natu·

193 1007 295 1072 salem
309 1007 443 1090 quidem
457 1006 685 1092 obligationem
700 1025 821 1090 parere,
844 1005 931 1088 quod
947 1005 1034 1070 idem
1048 1017 1105 1088 est,
1131 1027 1170 1071 ac
1183 997 1297 1089 dicere,
1324 1027 1366 1070 ne
1381 1007 1415 1071 in
1431 1006 1501 1070 ‘vim

193 1111 326 1194 quidem
340 1113 426 1198 pacti
441 1111 608 1176 sustineril
648 1111 823 1196 Quidquid
838 1111 959 1177 Celsus
968 1115 1002 1177 in
1017 1113 1037 1177 l.
1055 1115 1103 1178 12.
1118 1113 1151 1178 ff.
1166 1114 1207 1178 dc
1219 1114 1501 1206 precariouullttm

194 1219 328 1284 omniuo
353 1239 423 1284 esse
437 1219 570 1302 scripsit,
597 1239 664 1300 seu,
680 1220 801 1284 irritam
826 1219 961 1304 precarii
974 1221 1224 1298 concessionem,
1251 1222 1377 1302 quoties
1390 1231 1500 1284 certus

193 1324 262 1396 dics
277 1331 421 1414 precario
445 1330 642 1414 adJiceretur,
669 1330 756 1412 quod
772 1329 858 1392 idem
873 1339 929 1408 est,
953 1347 992 1392 ac
1007 1327 1120 1408 dicere,
1147 1347 1188 1391 ne
1203 1329 1236 1394 in
1248 1327 1348 1393 aliam
1363 1327 1499 1412 quidem

193 1441 420 1504 conventionis
443 1437 584 1522 speciem
600 1437 685 1502 flecti
709 1438 819 1522 possel
861 1435 1011 1500 Tantum
1026 1437 1068 1499 ad
1088 1456 1161 1500 eam
1177 1437 1322 1521 regulam
1338 1435 1502 1519 exceptio·

194 1565 270 1612 nem
286 1547 430 1628 admitto,
444 1549 571 1631 quoties
585 1547 626 1612 de
640 1567 679 1610 eo
692 1544 820 1630 negotio
835 1555 959 1629 agatur,
974 1547 1068 1629 cujus
1079 1545 1225 1628 formula,
1242 1558 1335 1631 prout
1347 1548 1390 1612 ab
1405 1545 1500 1612 initio

193 1659 281 1726 dicta
295 1671 351 1740 est,
368 1660 544 1742 aequivoca
562 1658 696 1738 videtur,
713 1660 866 1722 noceatis
880 1669 1015 1737 constat,
1031 1659 1072 1721 de
1087 1675 1153 1740 quc
1167 1671 1333 1722 contractu
1350 1659 1410 1742 ipsi
1425 1677 1498 1722 sen-

193 1769 293 1832 serint
317 1767 551 1830 contrahentes.
595 1765 694 1829 'l'uuc
710 1763 807 1828 ‘euim
822 1761 856 1827 id
882 1775 1133 1848 praesumuntur
1149 1764 1288 1827 voluisse
1307 1763 1498 1828 contrahen-

193 1883 249 1951 tes,
265 1871 352 1954 quod
367 1873 509 1955 integrae
524 1877 545 1936 1
559 1871 825 1937 contrahentibus
839 1891 1009 1954 expressae
1024 1869 1181 1935 formulae
1193 1882 1356 1952 consonat,
1373 1883 1408 1936 ut
1422 1891 1500 1938 eam

192 1987 344 2044 murram
365 1991 564 2044 contractum
589 1979 755 2061 negotium
780 1977 905 2057 induat,
930 1997 1015 2061 quaa
1041 1979 1097 2043 toti
1122 1980 1166 2043 rei
1181 1987 1290 2062 gestae
1314 1981 1498 2062 conveniat,

193 2091 242 2154 uti
257 2089 393 2154 traditur
417 2090 583 2173 perspicue
597 2089 630 2154 in
648 2089 734 2153 122.
761 2087 793 2154 ff.
809 2089 850 2152 de
874 2091 1077 2174 praescriptis
1099 2091 1214 2172 verbis,
1238 2092 1273 2156 in
1288 2091 1308 2156 l.
1325 2093 1353 2156 l.
1367 2095 1389 2160 1.
1414 2091 1447 2162 i.
1460 2091 1497 2158 ff.

193 2197 347 2278 mandati,
364 2197 440 2262 etin
457 2199 479 2266 1.
496 2197 552 2262 ult.
569 2198 705 2260 institut.
720 2195 793 2260 eod.
808 2199 854 2263 111.

235 2307 417 2372 Utilissima
445 2317 494 2370 est
518 2305 562 2370 ad
579 2303 643 2370 iem
669 2308 863 2391 propositam
889 2307 1048 2390 generalis
1064 2307 1144 2374 haec
1158 2310 1346 2390 observatio,
1372 2327 1415 2375 ex
1429 2327 1498 2393 qua
1600 2385 1601 2396 ,

193 2430 261 2484 tora
275 2419 492 2484 controversis.
517 2419 656 2502 pendere
673 2417 809 2481 videtur.
853 2419 967 2500 Itaque
983 2419 1156 2502 fingamus,
1172 2421 1268 2486 hodie
1294 2431 1366 2505 post
1381 2421 1498 2488 (lonci-
1600 2419 1601 2422 ’

194 2523 276 2590 lium
301 2523 534 2589 Tridentinum
559 2525 642 2588 duos
661 2523 849 2588 contrahere
873 2525 1116 2590 matrimonium
1141 2529 1318 2611 perverba,
1344 2543 1381 2592 ut
1395 2530 1497 2614 ajunt,

193 2633 234 2701 de
249 2633 419 2722 praesenti,
445 2631 591 2698 Perocho
609 2651 674 2696 non
690 2643 865 2716 praesente,
892 2631 1075 2698 0100001110
1100 2633 1311 2714 adstantibus,
1337 2633 1394 2718 qui
1409 2635 1498 2701 testi·

193 2745 341 2812 monium
355 2741 470 2825 foranu
486 2741 633 2808 similiter
644 2741 821 2824 fingamus,
842 2741 1024 2824 impuberes
1038 2739 1316 2804 ad‘contrahenda
1330 2740 1498 2824 sponsalia

164 2887 167 2892 Α
192 2851 334 2930 idoneos,
355 2867 411 2934 per
424 2851 523 2914 verba
547 2851 646 2914 etiam
659 2849 700 2914 10
714 2849 875 2934 praesenti
890 2849 1131 2946 matrimonium
1143 2848 1331 2914 contrahere
1345 2867 1401 2932 per
1414 2867 1498 2914 enn-

192 2977 260 3024 rem
275 2957 327 3022 vel
346 2957 437 3042 jutis,
452 2957 505 3020 vel
520 2956 606 3040 lacti;
631 2957 773 3040 denique
794 2957 960 3042 fingamus
986 2957 1084 3022 aliam
1098 2975 1340 3042 quamcumque
1355 2955 1498 3026 similem
1599 2947 1600 3020 l

192 3069 343 3152 speciem,
369 3065 404 3132 in
418 3083 486 3150 qua
509 3065 751 3130 matrimonium
775 3067 949 3130 consistere
963 3075 1111 3147 nequeat.
1156 3063 1230 3148 Ego
1248 3063 1501 3148 0010300010ἰί-

192 3173 255 3240 bue
264 3173 348 3258 juris
361 3169 525 3256 principiis
539 3171 745 3254 inhaerendo,
759 3173 911 3257 conjugia
925 3173 993 3256 ejus
1008 3172 1120 3255 generi
1131 3187 1197 3235 non
1206 3173 1279 3256 jore
1294 3171 1501 3256 sponsalium

191 3279 325 3364 00000111
338 3280 514 3366 plurimum
528 3281 615 3346 enim
630 3281 729 3346 distat
742 3291 926 3345 conuectos
941 3281 1168 3346 matnmonita
1182 3292 1347 3357 contractu
1363 3297 1498 3365 000000-

191 3391 285 3472 lium;
311 3400 345 3453 ct
358 3389 491 3472 quando
506 3389 646 3456 multum
661 3391 814 3456 interesse
827 3391 909 3454 solet
922 3390 1164 3456 matrimonium
1178 3392 1386 3475 contraxisse,
1410 3391 1496 3458 nihil

192 3499 257 3564 iere
278 3508 431 3566 interesse
453 3499 668 3564 contraxisset
692 3497 865 3583 sponsalia,
891 3497 1024 3582 quando
1049 3500 1148 3564 etiarn
1170 3501 1301 3582 diversa
1326 3499 1498 3584 0110111000
1598 3587 1599 3592 ¹

191 3605 343 3688 obligatio
358 3603 509 3683 nascitur,
536 3623 600 3670 non
615 3605 710 3672 facile
732 3607 883 3671 voluntas
897 3607 1156 3672 contrahentium
1172 3611 1214 3672 ab
1228 3627 1296 3697 qna
1309 3617 1497 3675 contractus
1598 3597 1599 3684 r

191 3715 298 3796 specle
313 3711 357 3778 ad
370 3713 469 3777 aliam
485 3711 670 3778 deducetur.
712 3703 810 3778 Hanc
823 3715 928 3799 ipsam
943 3718 1165 3799 quaestionem
1177 3719 1314 3784 Romani
1332 3719 1499 3784 Jariscon·

191 3818 267 3882 00111
284 3829 405 3884 veteres
427 3817 658 3904 discusserunt
682 3821 719 3886 in
734 3841 801 3905 qua
815 3833 848 3887 01
860 3821 1031 3908 Ulpianus,
1056 3835 1088 3890 ot
1101 3825 1220 3906 Labeo,
1248 3841 1280 3891 et
1293 3827 1496 3910 Pomponius

189 3927 399 4007 tradiderunt,
427 3947 493 3994 non
503 3929 611 3994 uideri
626 3931 789 4018 0000011110
801 3933 897 4014 sacta,
918 3935 1197 4019 quemadmodum
1213 3940 1378 4022 perspicue
1392 3941 1498 4023 liquet

188 4053 232 4100 ex
249 4035 267 4100 Ι.
282 4033 312 4098 9.
338 4033 372 4098 ff.
388 4033 429 4098 de
444 4035 584 4117 sponsal.
626 4037 773 4108 Quando
788 4057 864 4103 vero
879 4041 932 4104 hic
946 4041 1053 4126 agitur
1077 4060 1143 4108 non
1159 4043 1199 4108 de
1214 4044 1400 4109 inducenda
1413 4063 1496 4130 qua·

189 4143 277 4226 darn,
292 4143 489 4230 ferendaque
516 4143 585 4230 lege
601 4149 635 4212 in
649 4147 771 4214 bonum
786 4151 962 4234 publicum,
979 4155 1036 4218 sed
1051 4151 1092 4218 do
1107 4153 1363 4239 interpretatione
1377 4157 1496 4224 volun·

189 4258 263 4320 tatis
279 4256 544 4336 contrahentium,
571 4269 820 4324 memoratorum
845 4259 1154 4328 iurisconsultorum
1178 4265 1268 4346 parvi
1285 4283 1349 4330 non
1373 4267 1432 4331 crit
1446 4265 1497 4332 ia·
1597 4269 1598 4280 ’

185 4360 305 4424 cienda
320 4361 473 4442 doctrina,
488 4363 642 4446 quoniam
658 4363 835 4431 uoluntatis
846 4371 1070 4452 interpretatio
1081 4387 1148 4434 non
1164 4380 1230 4437 tam
1246 4393 1287 4438 ex
1303 4377 1493 4442 auctoritate

189 4463 316 4552 pendet,
335 4483 438 4553 quam
453 4485 495 4534 ex
507 4469 677 4555 sapientie,
688 4487 729 4537 ac
739 4473 886 4556 consilio,
895 4473 1057 4559 cujrrsilli
1069 4479 1218 4546 maxime
1227 4491 1392 4566 compotes
1407 4479 1493 4558 exis.
