3120 4980
230 428 278 478 aa
293 427 536 488 erumnae..
550 425 622 474 aaa
638 423 818 486 namon,
834 425 905 474 rra
922 423 1198 492 eraoerqaaoa.
1322 403 1367 472 te

84 563 131 633 est,
143 553 194 620 nbi
207 551 367 618 consemio
391 559 516 616 extorta
530 567 588 633 per
610 560 734 614 rnetnm
749 545 846 614 suerit
859 547 902 611 ab
915 546 1165 628 aceruatoribua,
1186 555 1245 612 aut
1258 547 1301 612 ab
1315 547 1366 628 iia,

83 681 203 744 quotum
216 660 445 746 quoquomodo
470 658 616 724 interluit
629 677 719 724 marn
744 657 904 738 damnari,
928 658 1098 722 autetiam
1122 657 1367 739 equitumue>

83 791 134 852 qne
148 771 286 854 privatis.
328 768 422 842 Quid
446 780 565 848 tamen,
584 767 620 861 ai
637 765 756 851 indicis
782 767 972 832 auctoritate
996 769 1135 850 torqueri
1160 765 1273 832 debuit
1293 787 1368 834 retae

82 898 168 942 urica
181 878 357 944 eliciendae
370 877 591 957 mereatoris,
605 887 637 940 et
652 894 725 942 reus
739 885 969 939 tormentorum
987 876 1152 940 atrocitate
1174 895 1313 961 presens,
1327 895 1369 942 ac

82 991 256 1074 aubugatus
280 991 403 1054 crimen
428 987 580 1052 fateaturl
623 987 716 1065 Sunt,
742 986 800 1068 qui
824 985 982 1050 adversus
1008 985 1095 1049 banc
1117 986 1369 1070 torquendorum

47 1098 50 1106 '
82 1117 192 1164 reorum
206 1097 413 1181 disciplinam
426 1097 612 1162 declamant
654 1096 774 1159 Verum
789 1095 1005 1160 Jureconsuiti
1020 1095 1161 1160 latentur
1174 1096 1308 1179 quidem
1322 1115 1371 1161 ea·

79 1225 184 1270 rerem
207 1207 293 1270 hanc
309 1205 443 1288 periculi
467 1205 608 1288 plenam,
634 1215 666 1266 et
679 1201 835 1286 fragilem,
862 1221 947 1286 quae
972 1203 1160 1286 saepissime
1174 1202 1267 1285 felliu
1291 1221 1370 1268 natu

81 1315 210 1397 plerique
224 1315 268 1378 ita
284 1323 441 1376 tormenta
455 1322 675 1391 contemnunt,
692 1317 728 1374 ut
742 1313 879 1395 exprimi
893 1331 941 1378 eu
956 1314 1073 1376 veritas
1088 1312 1179 1377 nullo
1190 1311 1286 1376 modo
1301 1331 1372 1395 poa·

80 1423 120 1500 ait,
132 1421 188 1486 alii
202 1431 291 1486 tanta
305 1430 383 1484 aunt
398 1420 606 1502 impatientia,
623 1431 660 1482 ut
675 1421 708 1486 iu
723 1419 839 1500 quovis
856 1419 991 1496 mentiri,
1017 1437 1116 1501 quem
1133 1419 1198 1502 pati
1213 1429 1373 1484 tormenta

81 1532 178 1610 velint,
193 1531 213 1596 i.
233 1535 258 1595 l.
275 1535 298 1600 i.
312 1531 364 1596 23.
391 1530 425 1594 ff.
440 1529 480 1592 de
494 1529 683 1612 quaestion,
710 1545 775 1591 non
790 1547 861 1590 esse
877 1539 984 1592 temen
1008 1529 1041 1590 iu
1052 1527 1183 1612 judiciis
1197 1529 1373 1594 criminali·

82 1629 131 1704 bus
143 1639 344 1719 abolendam,
358 1641 411 1704 nbi
423 1640 635 1720 gravissimae
646 1647 723 1702 sunt
732 1636 866 1700 admissi
878 1636 1022 1700 criminis
1032 1637 1242 1720 conjecturae,
1255 1657 1374 1718 quous·

80 1763 133 1826 que
148 1764 211 1810 non
227 1747 340 1810 utilius
353 1744 531 1810 eliciendae
546 1742 901 1830 veritatis-praesidium
917 1743 1108 1806 inveniatur.
1149 1743 1234 1806 Hinc
1250 1743 1373 1810 sectum

80 1865 127 1933 cst,
139 1867 255 1918 uttam
265 1854 401 1918 deinum
415 1872 476 1932 reo,
493 1853 573 1917 dum
585 1863 757 1933 torquetur,
770 1870 829 1913 cou
835 1849 918 1914 iesse
929 1847 1060 1912 credatu
1066 1870 1087 1928 r,
1102 1867 1177 1912 eum
1191 1867 1263 1914 reus
1274 1845 1373 1931 quod,

80 1958 149 2024 dnm
162 1971 370 2042 torqueretur,
385 1959 530 2040 asseruit,
547 1971 618 2042 post
644 1971 802 2024 tormenta
817 1957 994 2022 confirmet
1037 1959 1130 2030 Quid
1147 1979 1230 2039 vero,
1257 1959 1285 2022 si
1300 1977 1375 2022 rena

81 2084 134 2132 non
144 2068 412 2134 mirrmcrirncna
422 2089 466 2148 se,
476 2067 534 2130 sed
545 2069 642 2132 etium
653 2069 1266 2136 abalioeousortecrirniuisadmissum
1283 2067 1377 2154 proli·

80 2181 186 2244 teatnrl
201 2181 370 2244 Generalis
380 2179 492 2264 regula
501 2190 550 2242 est
561 2181 642 2262 juris
651 2179 801 2258 Romani,
812 2181 976 2244 neminem
987 2181 1275 2247 reumdealiorum
1284 2201 1376 2247 cons»

78 2285 391 2370 cicutiainterrugari,
407 2288 426 2350 l.
443 2288 488 2350 ru.
500 2291 523 2355 i.
536 2289 562 2350 1.
573 2287 605 2350 tf.
621 2285 663 2349 de
676 2288 867 2370 quaestion,
886 2289 904 2350 Ι.
922 2287 978 2350 ult.
994 2287 1063 2352 cod.
1074 2287 1290 2354 deconsessis:
1300 2305 1377 2356 catt-

79 2407 141 2456 tam
155 2392 266 2476 adjicit
281 2393 406 2458 Paulus
419 2394 452 2486 iu
461 2393 530 2456 libr.
549 2395 575 2458 l.
588 2393 773 2458 sententiar.
786 2394 832 2456 tit.
851 2395 899 2458 12.
916 2397 939 2460 i.
957 2394 1013 2458 ult.
1026 2395 1377 2464 neoiienemsolutcm

79 2506 112 2568 in
124 2507 261 2572 dubim
274 2507 423 2586 deducu
436 2507 495 2592 qai
510 2505 549 2570 de
560 2524 628 2570 suo
638 2503 839 2590 desperavit.
873 2501 1033 2588 Exceptio
1049 2515 1176 2572 tautnrn
1189 2519 1259 2572 erat
1274 2508 1309 2572 in
1322 2508 1377 2574 de·

81 2613 188 2682 lictisa
204 2616 329 2680 familia
353 2630 520 2678 semorum
546 2613 706 2693 admissis,
732 2613 900 2695 inquibus
922 2613 1139 2697 praesumptio
1161 2614 1321 2680 oriebatur
1334 2613 1377 2680 dc

81 2727 227 2792 nwdato
240 2727 388 2811 abortius,
413 2737 447 2790 et
460 2727 545 2790 serti
571 2725 614 2789 rei
629 2727 670 2788 de
686 2723 872 2790 mandantis
898 2743 1034 2807 persone
1051 2719 1336 2808 interrogabantur,
1353 2725 1374 2790 l

80 2833 115 2912 6.,
128 2845 159 2898 et
174 2835 223 2899 ii.
237 2833 271 2898 u.
286 2833 328 2896 ad
344 2835 420 2900 Seu.
436 2833 533 2898 Cous.
550 2831 652 2896 Silan.
695 2831 854 2913 Exceptio
868 2831 968 2896 enam
981 2841 1050 2896 erat
1065 2833 1098 2896 in
1114 2831 1302 2913 latronibus,
1317 2833 1375 2916 qui

80 2939 229 3007 instructa
243 2941 346 3008 veluti
370 2941 476 3006 classe
491 2942 526 3004 in
551 2941 690 3004 viatores
704 2941 868 3020 irruerent,
896 2941 956 3003 lros
971 2941 1058 3006 enirn
1073 2939 1114 3004 de
1128 2939 1295 3006 sodalibus
1310 2959 1378 3027 per-

80 3047 210 3112 missum
223 3046 286 3112 teu
299 3046 494 3130 interrogari,
521 3046 541 3108 l.
557 3045 679 3129 penrrlt.
694 3045 765 3108 cdd.
781 3045 822 3110 de
837 3045 933 3110 feriis.
978 3047 1136 3132 Exceptio
1152 3047 1295 3133 denique
1309 3057 1379 3114 erat

80 3157 254 3230 incrimine
269 3157 371 3224 falsae
387 3169 545 3237 monetae,
571 3158 614 3222 ad
629 3176 729 3240 quarn
743 3155 931 3222 cudendum
956 3170 1150 3244 argttmcnta
1164 3171 1264 3244 erant,
1279 3161 1379 3246 pluri·

81 3285 146 3334 tuor
159 3289 291 3356 operam
313 3271 498 3350 contulisse,
526 3269 546 3332 l.
564 3272 591 3332 1.
607 3269 678 3334 ced.
703 3269 744 3332 de
769 3269 854 3332 salse
878 3281 1018 3336 moneta.
1061 3271 1136 3338 Non
1150 3271 1307 3338 absimilia
1329 3281 1380 3338 est

82 3377 294 3446 [tenattem
319 3380 500 3464 disciplina.
543 3379 742 3444 Generaliter
757 3381 845 3444 enirn
872 3381 1027 3446 traditum
1047 3395 1105 3462 eat,
1132 3403 1200 3449 reos
1214 3385 1380 3452 consessor

80 3505 141 3554 nou
154 3506 226 3555 osae
246 3491 289 3554 de
302 3491 504 3556 consortibus
529 3487 780 3572 interrogandum
804 3490 966 3573 siquidem
980 3491 1009 3554 si
1031 3504 1204 3558 accusatus
1218 3493 1259 3558 de
1273 3497 1379 3570 crimi-

80 3613 122 3662 ne
131 3617 197 3664 nun
209 3599 395 3664 admittitur
420 3598 464 3662 ad
478 3597 560 3661 alios
573 3597 615 3662 de
628 3595 742 3660 eodem
765 3597 900 3662 erimine
914 3597 1125 3678 acctrsoudoe,
1144 3617 1248 3682 neque
1262 3601 1380 3668 admit-

82 3705 207 3773 titarad
229 3707 506 3772 tenimentorum
531 3705 645 3770 eadem
670 3723 773 3770 carisa
797 3705 975 3784 serendum,
998 3726 1069 3793 cap.
1094 3709 1141 3772 10.
1168 3707 1209 3774 de
1235 3713 1380 3778 testibus.

82 3811 302 3879 Clemeoaiii
327 3815 360 3879 in
383 3833 454 3897 cap.
481 3813 509 3878 l.
524 3811 567 3878 de
593 3811 751 3878 murenis
769 3814 895 3896 excepit
920 3814 1041 3880 crimen
1064 3815 1172 3880 laesae
1192 3799 1379 3902 majestatie,

81 3919 164 4000 qued
177 3922 336 3988 derivarit
360 3941 403 3986 ex
416 3939 534 3986 canon.
553 3923 601 3986 te.
628 3939 718 3987 cane.
734 3918 765 3984 5.
795 3933 919 4003 quaeat.
946 3923 986 4002 3.,
1000 3923 1058 4005 qui
1073 3933 1183 4023 tamen
1204 3945 1310 3990 canon
1324 3925 1379 3992 de·

84 4041 243 4114 promptus
256 4042 306 4094 est
330 4049 372 4094 ex
386 4029 529 4112 epistolis
554 4029 669 4096 Isidori
683 4029 879 4093 Mercatoris.
924 4027 1029 4093 Hodie
1044 4029 1078 4094 iu
1092 4027 1159 4093 soro
1175 4029 1307 4113 'publico
1321 4030 1382 4100 btt-

80 4133 215 4216 inanaodi
238 4139 445 4222 quaestiones
460 4137 666 4220 praeamata
691 4137 827 4202 demum
852 4138 1011 4200 sententia
1032 4135 1247 4200 admiruntur
1271 4135 1314 4200 ad
1328 4155 1382 4204 ca·

84 4245 435 4333 piendasconjecturaa,
461 4246 636 4328 exquibus
651 4246 685 4310 in
700 4245 782 4310 alios
796 4244 914 4328 inquiri
929 4243 1038 4326 possit,
1061 4261 1126 4306 non
1141 4241 1183 4304 ad
1199 4243 1383 4308 testimonia

88 4353 285 4434 perhibenda,
299 4373 375 4420 eum
390 4353 537 4420 damnati
551 4356 615 4418 siut
627 4353 817 4437 pierumque
829 4353 974 4432 infames,
989 4369 1116 4434 semper
1126 4361 1235 4414 autem
1250 4371 1382 4434 suspec-

89 4459 329 4549 tioepuenem,
343 4481 444 4548 quam
455 4461 517 4545 ipsi
530 4459 769 4578 declinerenon
784 4457 1218 4608 Woemnrrt'ffihffiqim
1231 4455 1382 4526 interant
