3168 4982
168 357 237 424 204
531 379 774 431 urssaarnrro
796 385 953 448 eunucu,
976 387 1053 433 cru.
1075 364 1130 442 IV.

170 521 253 565 nam
265 502 476 584 affectionem,
493 509 665 592 etjurtam
679 511 879 598 nrcpticrnm
890 511 1152 596 prohibitionem,
1169 531 1271 596 qaam
1284 507 1481 596 hujusmodi

170 629 284 688 maan,
298 633 359 694 per
374 633 469 696 quem
484 613 556 677 Deo
570 616 737 680 mediante
752 620 886 684 atrimae
896 641 1010 682 eorum
1021 619 1192 704 copulatae
1202 625 1289 682 sard.
1334 615 1480 680 Pressior

169 716 233 782 fuit
247 721 400 784 Truilani
415 723 552 786 Consilii
567 723 705 788 formula
720 727 754 788 in
768 745 839 790 can.
856 725 905 789 53.
922 727 955 788 in
971 747 1036 810 quo
1050 726 1242 790 confirmata
1256 724 1389 807 adparet
1403 724 1423 788 J
1426 743 1481 788 us·

169 825 312 892 tinianea
326 832 521 922 constitutio,
537 833 637 897 immo
651 845 682 896 et
697 835 851 898 traditum
866 835 928 898 iuit
942 836 1080 917 insuper,
1092 835 1307 919 spiritualem
1320 833 1482 915 adfinita-

167 943 237 1001 tem
249 941 473 1022 conjunctione
487 961 662 1026 corporum
685 963 754 1006 esee
768 946 937 1028 majorem.
981 944 1068 1013 Quis
1096 963 1161 1006 uon
1183 941 1271 1006 videt
1286 939 1482 1025 hujusmodi

168 1045 347 1111 rationibus
361 1049 493 1132 adjectis
516 1069 590 1114 eam
605 1051 885 1131 necessitudinem,
912 1071 996 1133 quae
1011 1053 1134 1134 origine
1163 1071 1223 1114 sua
1239 1051 1296 1114 vix
1311 1051 1393 1113 inter
1406 1067 1484 1114 sus·

167 1155 348 1238 cipieutern,
374 1167 405 1220 et
434 1171 621 1240 susceptum
647 1162 878 1240 continebatur,
910 1161 1069 1243 paulatim
1097 1161 1230 1243 produci
1258 1162 1408 1243 potuisse,
1442 1169 1484 1224 ιιι

167 1265 446 1349 quemadmodum
461 1269 493 1330 in
520 1269 700 1351 adoptione,
715 1279 747 1332 et
772 1269 941 1333 adfinitate
955 1271 1031 1334 certi
1057 1269 1178 1353 gradus
1193 1269 1360 1334 constituti
1374 1275 1489 1346 crant,-

168 1377 215 1442 itc
229 1387 260 1440 et
275 1378 373 1440 iidem
388 1379 422 1440 iu
437 1381 627 1461 cognatione
643 1379 800 1461 spirituali
817 1381 1037 1462 reciperentur,
1054 1397 1125 1444 can.
1143 1381 1172 1442 1.
1183 1397 1273 1441 caus.
1289 1377 1339 1440 30.
1353 1383 1483 1458 quaest.
1571 1354 1574 1446 i

171 1482 218 1547 L?
260 1483 332 1546 Hoc
357 1497 548 1567 argumento
564 1505 643 1551 usus
658 1487 721 1550 suit
748 1487 903 1552 Nicotaus
929 1488 948 1550 l.
965 1489 999 1551 in
1023 1507 1096 1552 can.
1114 1490 1142 1552 1.
1158 1507 1247 1553 caus.
1276 1485 1327 1550 30.
1353 1465 1485 1567 quaest.¹
1574 1466 1575 1534 i

167 1587 208 1669 4.,
224 1591 277 1652 cui
303 1589 438 1674 adjicere
453 1611 627 1675 possumus
653 1613 795 1658 canones
810 1597 840 1658 2.
867 1595 905 1675 3.,
921 1607 954 1658 et
967 1597 1007 1676 6,,
1035 1597 1155 1678 quibus
1180 1605 1346 1678 receptum
1367 1603 1425 1672 est,
1443 1603 1485 1658 ut

168 1719 225 1784 per
242 1703 344 1766 varios
359 1703 479 1784 gradus
505 1705 586 1768 haec
602 1706 777 1787 spiritualis
801 1709 951 1789 cognatio
976 1707 1226 1790 prpgrcderetur,
1255 1704 1485 1787 praecaeteris

166 1821 289 1890 autem,
319 1813 466 1876 attilius
496 1815 654 1878 naturalis
684 1817 876 1898 susceptoris
905 1827 1090 1899 susceptam
1119 1835 1183 1882 non
1214 1825 1323 1898 posset
1351 1815 1485 1894 ducere,

167 1937 371 2001 quamquam
397 1941 462 1985 non
478 1940 591 1986 omnes
606 1925 640 1988 in
666 1925 752 1987 hanc
768 1945 836 1988 rem
851 1925 920 1988 sive
946 1925 1130 1988 discrimine
1151 1923 1376 2002 consentirent,
1392 1923 1486 2006 ajen-
1578 1911 1579 1920 ’

169 2031 255 2094 tibus
269 2034 435 2096 nonnullis
460 2035 686 2117 cognationem
701 2035 788 2100 hanc
814 2035 937 2118 spiritu,
960 2053 1025 2099 non
1049 2036 1209 2118 sanguino
1231 2034 1388 2112 contrahi,
1404 2051 1483 2096 can.
1579 2025 1580 2030 ’

167 2141 198 2206 t.
214 2161 302 2206 caus.
329 2144 379 2208 30.
396 2152 518 2226 quaest.
534 2147 564 2210 3.
609 2148 781 2211 Caeterum
807 2147 980 2212 recentiore
1005 2155 1118 2225 aetate,
1134 2146 1320 2229 praesertim
1348 2155 1421 2229 post
1436 2145 1486 2208 le-

169 2269 227 2334 ges
241 2251 481 2335 Longobardas,
508 2275 648 2336 quarum
663 2255 880 2338 fragmentum
906 2255 1002 2320 estin
1028 2255 1096 2319 libr.
1112 2257 1142 2318 2.
1157 2255 1272 2338 legum
1294 2253 1488 2338 Longobar·

167 2359 286 2424 darum
301 2363 346 2426 tit.
362 2364 401 2442 8.,
418 2363 542 2427 Nicolai
561 2365 582 2427 1.
612 2365 771 2427 sententia
786 2365 908 2447 passim
934 2367 1061 2448 recepta
1076 2365 1145 2445 fuit,
1166 2375 1198 2427 et
1212 2369 1235 2430 a
1248 2363 1482 2427 recentioribus

169 2469 381 2536 Pontificibus
395 2471 596 2553 confirmata,
622 2485 721 2556 caput
738 2475 766 2537 1.
794 2473 834 2537 de
849 2475 1031 2557 cognatiori.
1047 2473 1156 2559 spiiit,
1172 2473 1286 2537 eodem
1300 2472 1382 2536 titul.
1398 2473 1433 2535 in
1448 2472 1482 2535 6.

170 2579 222 2643 An
237 2579 406 2663 baptizans
430 2601 507 2646 cum
522 2583 685 2666 baptizato
704 2603 777 2648 eam
800 2584 1073 2649 necessitudinem
1098 2585 1306 2665 contraheret,
1322 2581 1485 2668 quemad·

170 2685 304 2750 modurn
330 2699 453 2752 etcum
467 2689 653 2771 parentibus
678 2689 841 2773 baptizati,
867 2691 945 2754 olim
971 2691 1144 2756 definitum
1168 2710 1235 2754 non
1260 2689 1373 2769 iuerat,
1399 2693 1484 2772 quia

168 2797 249 2864 sorte
263 2809 322 2862 aut
346 2799 496 2879 necdum,
512 2809 570 2862 aut
594 2819 664 2864 raro
679 2819 776 2864 casus
796 2811 968 2865 emerserat
992 2801 1033 2864 de
1047 2801 1197 2886 couj'ugio
1223 2801 1425 2883 baptizantis,
1441 2809 1485 2865 ιιι

168 2903 347 2988 plurimum
362 2905 524 2990 Episcopi,
539 2915 598 2969 aut
624 2907 814 2972 Sacerdotis.
858 2907 925 2973 Sed
939 2907 1108 2972 eveniente
1128 2921 1208 2972 casu
1222 2907 1297 2970 laici
1312 2907 1485 2990 baptizan-

171 3015 220 3095 tis,
236 3025 268 3077 et
282 3015 442 3098 proposito
467 3016 556 3099 apud
571 3017 733 3082 ioannem
747 3017 846 3096 vlit,
870 3015 998 3080 definiri
1013 3017 1126 3098 coepit,
1141 3019 1240 3081 ctiam
1255 3017 1298 3083 ad
1311 3015 1484 3098 baptizan-

169 3137 237 3190 tem
251 3145 325 3189 eam
350 3126 576 3208 cognationem
591 3128 732 3204 extendi,
758 3137 844 3189 recta
872 3125 892 3189 J
896 3125 1094 3190 ustinianeae
1120 3125 1209 3208 legis,
1225 3133 1257 3189 et
1282 3135 1428 3208 receptae
1444 3125 1484 3190 in

169 3233 409 3315 susceptoribus
424 3231 614 3315 disciplinae
629 3233 895 3315 interpretatione,
911 3251 983 3295 can.
996 3233 1024 3295 7.
1037 3251 1126 3296 caus.
1141 3231 1192 3294 30.
1208 3243 1332 3314 quaest,
1349 3233 1377 3295 1.
1399 3233 1486 3296 Aur·

170 3339 251 3425 plior
279 3337 396 3402 deinde
411 3339 519 3402 adhuc
545 3339 670 3403 reddita
685 3340 746 3405 fuit
771 3339 950 3421 discipline,
981 3357 1060 3402 nam
1084 3337 1315 3404 recentioribus
1340 3339 1485 3405 saeculis

167 3452 269 3515 etiam
284 3450 316 3512 in
332 3449 542 3514 Sacramenta
558 3449 820 3513 confirmationis
849 3447 992 3530 idipsum
1008 3457 1173 3530 receptum
1191 3458 1248 3527 est,
1265 3460 1301 3512 ut
1315 3449 1358 3513 ad
1373 3469 1489 3517 exem-

170 3563 264 3649 plum
290 3571 512 3646 susceptorum
536 3562 698 3644 baptizati,
725 3571 924 3643 susceptores
949 3559 1047 3623 etiarn
1073 3557 1263 3642 confirmati,
1279 3561 1486 3646 spiritualem

170 3672 399 3753 cognationem
424 3671 612 3734 contrahere
627 3661 817 3748 dicerentur,
843 3687 913 3751 cap.
931 3668 960 3732 1.
977 3672 999 3737 t.
1016 3689 1057 3732 ea
1080 3667 1326 3752 confirmatione
1350 3671 1391 3734 de
1405 3681 1486 3755 cog.

172 3792 238 3846 nat.
255 3781 351 3863 spirit.
369 3781 402 3842 in
417 3781 455 3860 6.,
471 3778 558 3862 quod
569 3775 764 3868 jampridem
780 3785 938 3840 statutum
958 3775 1063 3840 fuerat
1077 3775 1112 3840 in
1127 3775 1378 3858 Compendiensi
1395 3776 1487 3843 Gon-

170 3889 247 3954 cilio
259 3891 336 3953 anui
351 3891 422 3954 ⁷57.
438 3909 509 3952 can.
538 3889 596 3965 15,
613 3898 645 3948 et
662 3887 710 3948 19.
755 3871 806 3947 Eo
821 3903 871 3948 res
886 3884 1016 3948 redacta
1037 3883 1100 3948 fuit
1114 3885 1346 3949 nonnullorum
1360 3885 1488 3968 opinio-

172 4015 223 4077 ne,
242 4009 276 4061 ut
291 4017 333 4062 ex
348 3997 420 4060 aliis
435 3997 532 4059 etiarn
558 3993 777 4060 sacramentis
792 3993 942 4074 cognatio
957 3992 1122 4074 quaedam
1136 3991 1349 4071 induceretur,
1365 4011 1403 4054 ac
1425 4011 1486 4075 po-

174 4107 336 4170 tissimum
351 4127 393 4170 ex
417 4107 627 4170 Sacramento
643 4101 870 4180 poenitentiae,
897 4099 1176 4183 quemadmodum
1190 4113 1327 4165 conatus
1341 4111 1391 4164 est
1404 4115 1489 4164 auc-

175 4227 222 4280 tcr
237 4217 371 4280 canonis
396 4215 597 4279 8.caus.30.
624 4211 892 4322 quaest1.falso
917 4211 1107 4277 Simmaciro
1133 4211 1242 4296 Papae
1258 4209 1375 4276 tributi.
1419 4210 1487 4276 nst

174 4325 258 4390 iras'
247 4327 328 4408 Juris
354 4324 590 4408 prorogationes
616 4325 757 4388 coercuit
771 4323 959 4390 Bonifacius
985 4323 1072 4387 VIII.
1100 4324 1134 4388 in
1150 4343 1220 4408 cap.
1246 4323 1276 4387 3
1287 4321 1332 4385 de
1351 4331 1485 4404 cogunt.

173 4437 273 4524 spirit
290 4455 323 4502 m
348 4435 377 4500 6
379 4433 589 4518 ,decernens
615 4435 842 4520 cognationem
868 4430 1068 4518 spiritualem
1093 4449 1159 4496 nou
1182 4427 1265 4511 oriri,
1291 4427 1355 4494 nisi
1379 4443 1488 4496 causa
