3134 4984
394 425 720 527 numusrnantrrs,
736 463 1025 514 nsoaumnars.
1299 453 1361 521 lau

87 573 262 670 Episcopum
276 581 400 648 saeculi
411 585 489 650 noni
499 585 702 669 Scriptoreto,
716 587 812 670 eujus
825 605 922 670 opera
935 589 1093 656 extant-in
1103 587 1285 658 Biblioteca
1299 595 1360 660 Pa·

86 699 164 774 trum;
186 691 236 782 hic
250 693 337 758 enirn
352 692 497 758 eruditus
521 694 665 758 Antiates
681 694 763 758 irrter
787 696 909 762 saeculi
924 697 1012 764 illius
1036 697 1194 783 vulgares,
1220 721 1360 772 crassas·

84 815 137 878 qua
148 800 295 882 caligines
320 810 406 864 totus
421 799 482 866 tuit
497 801 531 864 in
547 800 627 866 libro
651 801 692 866 de
711 801 897 883 Grandine,
920 813 951 867 et
972 804 1153 887 Tonantis,
1179 817 1215 872 ut
1235 827 1278 873 ex
1292 812 1361 879 ani·-

85 908 135 970 mis
147 909 332 995 plebeiorum
346 911 517 977 hominum
528 911 763 996 praejudicatas
777 913 944 997 opiniones
958 915 1120 997 avelleret,
1135 937 1221 1000 quae
1236 923 1359 1003 possint

84 1012 269 1096 inoleverant,
296 1016 337 1080 de
352 1018 464 1100 magis,
490 1019 547 1100 qui
561 1035 617 1101 pro
631 1017 733 1084 lubitu
748 1031 953 1102 tempestates
968 1023 1182 1105 immitterent,
1207 1036 1238 1090 et
1252 1043 1361 1096 aerem

83 1122 232 1208 turbarent,
248 1125 357 1190 ridens
381 1125 483 1190 aniles
497 1123 641 1205 fabellas,
666 1145 751 1212 quae
766 1127 1047 1196 indiscriminatim
1070 1131 1105 1194 in
1119 1133 1239 1215 populo
1253 1153 1360 1200 recen·

81 1227 220 1298 rebantur.
264 1234 351 1298 Huic
367 1229 502 1318 adjiceie
517 1253 649 1318 possum
665 1235 892 1302 Burchartlum
908 1237 1192 1322 wormaciensem,
1217 1244 1276 1324 qui
1286 1245 1362 1308 obs-

81 1341 184 1406 curiore
197 1345 306 1410 adhunc
321 1355 425 1410 aetate
440 1343 556 1425 floruit,
582 1357 614 1409 ot
624 1346 726 1430 plane
739 1345 848 1428 ferrea,
864 1347 896 1414 id
912 1359 968 1428 est,
983 1350 1074 1414 initio
1093 1353 1214 1416 saeculi
1230 1355 1361 1421 undeci-

82 1449 125 1512 tui:
138 1452 345 1518 nihilominus
359 1465 470 1518 autem
484 1454 517 1518 in
534 1453 614 1518 libro
630 1454 678 1518 19.
704 1455 757 1518 sui
773 1455 909 1537 Decreti,
925 1457 982 1538 qui
1003 1449 1104 1524 instat
1118 1459 1362 1530 Poenitentialls

78 1568 125 1640 ert,
139 1571 218 1626 totus
244 1563 279 1628 in
294 1563 374 1626 illud
400 1563 553 1644 incubuit,
580 1571 617 1626 ut
634 1563 843 1646 gravissimas
870 1563 1084 1646 poenitentias
1108 1563 1270 1648 indiceret,
1294 1586 1362 1634 non

80 1679 134 1734 tam
147 1673 177 1736 in
190 1694 255 1754 eos,
278 1674 335 1755 qui
350 1674 496 1756 magicae
511 1673 588 1737 artis
603 1671 761 1756 praesidio
776 1669 899 1752 aliquid
915 1670 1110 1752 molirentur,
1131 1691 1232 1754 quam
1247 1675 1282 1738 in
1296 1695 1360 1758 eos,

78 1779 122 1858 qui
136 1782 236 1846 moliri
260 1781 383 1864 aliquitl
409 1799 504 1868 posse
528 1780 703 1845 crederent.
747 1779 937 1862 Optandum
964 1798 1043 1842 sane
1057 1779 1139 1844 foret
1163 1783 1313 1866 ingenuo,
1328 1795 1362 1850 et

77 1890 265 1972 praejudiciis
279 1901 410 1973 experto
425 1892 501 1969 uiro,
527 1901 564 1952 ut
578 1898 624 1952 tot
639 1887 794 1952 Danieles
816 1887 849 1950 in
865 1887 1010 1951 medium
1032 1888 1253 1972 prodidissent,
1269 1891 1361 1958 dolos

76 1998 237 2064 elirandes
262 1999 463 2082 patefactum,
487 2007 567 2080 quot
580 1995 770 2061 Sacerdotes
796 1995 883 2058 Belia
899 2007 1042 2060 monstra
1067 1997 1253 2080 hujusmodi
1270 2001 1358 2066 exhi-

77 2097 213 2188 buissent;
232 2105 311 2168 forte
326 2105 412 2170 euim
428 2105 620 2184 euenissent,
636 2114 673 2168 ut
687 2104 892 2186 deceptorum
908 2104 1085 2188 insignium
1100 2122 1161 2182 ars,
1181 2117 1213 2170 et
1227 2108 1363 2190 perfidia

76 2225 211 2295 perpetuo
226 2215 448 2298 adparuisset,
474 2213 624 2296 exemplo
649 2213 746 2292 illius,
776 2209 862 2295 quod
890 2213 1005 2296 legitur
1030 2214 1179 2278 Danielis
1202 2235 1273 2300 cap.
1301 2218 1363 2299 14,

74 2322 146 2402 qnod
162 2325 270 2408 ipnum
280 2299 428 2406 contigit
443 2321 531 2406 apud
556 2321 680 2404 Regem
694 2319 876 2400 Persarum,
903 2322 959 2404 qui
974 2333 1125 2386 monente
1150 2323 1271 2388 Sancto
1292 2326 1362 2390 Ma·

75 2433 159 2500 rutha
171 2453 306 2500 surorum
321 2432 497 2518 Magorum
511 2431 641 2498 fraudes
656 2450 719 2498 nou
736 2431 910 2495 dimimiles
924 2433 1065 2514 agnouit,
1083 2434 1129 2497 uti
1144 2434 1237 2498 refert
1251 2437 1364 2502 Socra·

73 2545 113 2600 tec
124 2541 189 2606 libr.
216 2543 247 2608 7.
262 2559 332 2624 cap.
348 2541 378 2606 8.
421 2540 555 2622 Superis
569 2549 676 2622 grates
701 2539 775 2619 sint,
800 2538 888 2620 quod
904 2540 937 2602 in
961 2559 1036 2602 sam
1051 2549 1189 2606 aetatem
1216 2543 1362 2624 incideri-

71 2662 143 2729 mus,
158 2671 225 2734 qua
239 2653 302 2716 hoc
317 2649 552 2733 superstitionis
567 2669 671 2732 genus
686 2668 835 2712 eversum
846 2649 972 2732 jamdiu
997 2649 1132 2716 videtur.
1176 2653 1361 2722 Laudanda

72 2765 169 2823 1111111
194 2770 246 2824 est
259 2769 404 2824 veterum
430 2753 698 2840 Legumlatorum
723 2755 902 2839 prudentia,
929 2757 1033 2838 quiin
1059 2757 1224 2841 sortilegos
1239 2778 1362 2841 menas

70 2869 271 2946 gravissimas
295 2867 492 2946 indixeruntp
519 2865 638 2930 etenim
654 2864 728 2928 licet
753 2865 865 2934 inania
890 2877 998 2930 essent
1023 2865 1154 2948 illorum
1179 2871 1360 2954 praestigia,

70 2976 193 3053 quando
209 2987 319 3040 teman
334 2975 391 3058 qui
416 2983 517 3038 artem
532 2972 624 3037 illam
640 2972 878 3056 profitebantur,
901 2971 981 3038 illud
997 2974 1031 3037 in
1054 2975 1163 3039 animo
1177 2977 1361 3061 uersabant,

69 3087 102 3140 ut
114 3081 173 3144 sub
187 3083 294 3164 specie
322 3081 370 3144 ris
385 3081 514 3164 majoris
536 3080 729 3164 perimerent
753 3081 910 3158 homines,
937 3079 1127 3163 pudicitiam
1151 3083 1362 3154 honestarum

69 3187 236 3254 mulierum
250 3198 453 3265 attentarent,
478 3205 573 3270 agros
588 3197 761 3266 uastarent,
787 3205 949 3252 annorum
964 3185 1132 3252 redderent
1152 3191 1315 3272 cariorem,
1330 3203 1363 3256 et

68 3293 243 3360 rudioribus
258 3295 373 3370 saltem
386 3295 575 3361 nominibus
590 3305 716 3380 metum
729 3293 917 3378 incuterent,
943 3315 1008 3364 non
1023 3295 1154 3365 inerunt
1168 3301 1300 3383 impune
1315 3303 1362 3368 di-

68 3397 219 3464 mittendi.
264 3399 418 3483 Episcopi
443 3411 566 3466 veteres
592 3401 625 3466 in
652 3421 722 3468 reos
745 3403 897 3486 sortilegii
911 3423 1051 3486 poenam
1076 3408 1294 3474 anathematis
1315 3411 1363 3476 in·

67 3503 224 3588 dixerunt,
239 3527 311 3572 can.
338 3509 366 3574 1.
382 3509 415 3572 c
426 3508 457 3572 6.
472 3509 505 3574 7.
517 3508 560 3588 9.,
573 3518 606 3572 ct
622 3511 670 3574 11.
693 3527 783 3574 carta
798 3510 849 3572 26.
876 3520 1001 3592 quaest.
1017 3510 1063 3590 5,
1086 3509 1160 3575 licet
1184 3512 1361 3597 aliquando

65 3625 172 3680 contra
187 3636 250 3694 eos,
266 3615 322 3697 qni
338 3635 380 3678 ex
396 3615 571 3680 rusticitate
585 3615 730 3698 quadarn
746 3616 816 3680 sine
829 3629 984 3697 expressa
998 3613 1165 3678 daemonis
1188 3617 1363 3684 invocatio·

65 3735 103 3782 ne
116 3721 302 3786 diuinorum
317 3730 419 3786 artem
433 3723 643 3802 exercuerint,
659 3723 769 3786 mitius
784 3722 836 3803 agi
859 3723 967 3788 visum
982 3720 1085 3800 fuerit,
1101 3722 1234 3788 Clericis
1248 3725 1291 3788 ad
1305 3743 1362 3804 an,-

65 3845 140 3896 num
156 3833 332 3916 suspensis,
347 3851 417 3915 cap.
444 3833 473 3897 2.
489 3831 530 3895 de
545 3831 712 3914 sonssegis,
739 3829 830 3896 iaicis
845 3841 937 3896 extra
951 3831 1097 3895 ordinem
1118 3835 1273 3916 corporali
1288 3851 1363 3918 poe·

65 3936 197 4002 nitentia
211 3939 348 4019 afflictis,
363 3955 436 4002 can.
452 3937 502 4002 10.
517 3957 606 4002 carta.
621 3937 673 4002 26.
688 3947 811 4021 quaest.
828 3937 858 4001 5.
902 3937 1055 4020 Religiosi
1071 3958 1199 4024 quoque
1221 3931 1361 4024 Impera·

64 4052 144 4109 tores
159 4047 370 4111 seuerissimis
395 4043 737 4129 poenissubpiciendos
759 4043 984 4125 delinquentes
999 4043 1178 4123 voluerunt,
1202 4053 1360 4130 tanquam
1407 4069 1409 4074 ·

65 4167 124 4228 eos,
141 4155 198 4236 qui
212 4152 443 4237 rempublicam
469 4153 656 4217 universam
670 4151 877 4216 atrocissimis
895 4149 1088 4216 facinoribus
1109 4153 1280 4232 turbarent,
1295 4163 1360 4218 toto

62 4257 155 4322 titulo
170 4261 288 4326 codicis
303 4259 344 4324 de
359 4259 525 4324 maleficia.
568 4259 656 4324 Hinc
671 4261 793 4346 passim
806 4259 989 4324 caverrdum
1006 4259 1076 4339 luit,
1092 4271 1128 4324 ut
1141 4261 1263 4326 crimen
1279 4257 1365 4328 ittuo'

63 4365 201 4448 capitale
224 4369 402 4450 haberetur,
429 4367 600 4452 publicatis
614 4369 715 4448 bonis,
741 4379 773 4432 et
787 4387 937 4452 supremo
962 4369 1119 4454 supplicio
1144 4369 1268 4434 affectis
1291 4373 1363 4456 reis,

63 4473 192 4566 illisque
205 4479 366 4562 omnibus,
391 4481 450 4568 qui
463 4499 540 4546 cum
555 4479 594 4545 ils
608 4477 766 4546 nefariam
790 4480 977 4628 1111111111ὲὶί
975 4481 1168 4630 111οὸ1111ῗὲ1,
1194 4479 1215 4546 l.
1230 4482 1269 4566 3.,
1284 4492 1316 4551 11
1331 4486 1362 4550 6.
