3210 4990
194 365 259 434 1ae
472 389 476 396 ·
617 385 880 436 -nmssnrnrro
901 385 1051 434 cenare,

188 511 296 600 potins
311 507 456 588 sufficiet,
471 519 564 572 extra
574 509 689 593 judicii
702 509 839 574 sormam
854 529 925 574 asse
945 508 1118 574 Ordinatio
1132 505 1243 572 notasl
1285 505 1497 592 Quicumque

188 619 404 686 considerabit
428 619 528 682 verba
542 618 726 682 Tridentini
742 617 890 699 Concilii,
905 619 1025 701 quib-rs
1037 627 1140 682 toturn
1153 617 1344 700 relinquitur
1352 618 1498 702 pruden-

187 729 265 806 aas,
280 727 446 811 erjmoa
461 725 632 806 Ordinarii,
662 724 758 790 taetre
772 725 936 810 intelliget,
966 745 1032 790 non
1061 701 1188 807 requiri,
1217 745 1335 791 ousae
1350 726 1499 790 institua

185 837 299 921 judicii
313 835 417 900 forma
438 837 573 918 probari3
590 837 709 902 etenim
738 839 955 918 quotiescum
982 835 1097 920 judicit
1128 835 1265 926 sormam
1293 837 1418 902 institui
1442 853 1499 900 vo-

190 923 320 1009 luelunt
334 940 519 1006 Tridentini
535 941 711 1023 Antistites,
728 943 801 1006 aliis
817 944 1054 1026 urgentioribus
1066 943 1172 1006 verbis
1185 942 1234 1007 usi
1245 953 1331 1032 snut,
1343 941 1499 1025 quemad·

188 1053 325 1118 modum
340 1051 490 1132 incapite
515 1051 545 1114 7.
561 1069 639 1114 sess.
658 1049 705 1114 tl.
723 1049 765 1114 de
779 1049 850 1114 nat.
867 1051 921 1115 ibi:
967 1051 1145 1136 Episcopo,
1162 1053 1220 1138 qui
1233 1073 1300 1116 non
1313 1053 1382 1117 nisi
1395 1071 1500 1118 cama

187 1163 333 1248 cogititn,
349 1169 381 1226 ct
393 1161 543 1246 probatis
554 1161 708 1246 precibus
723 1181 762 1224 oc
782 1161 941 1239 waso,
956 1179 1015 1225 aec
1042 1161 1141 1226 aliter
1169 1161 1364 1245 disponsata
1379 1162 1499 1246 pessit.

189 1273 299 1355 lunge
313 1279 411 1354 eaput
428 1271 477 1334 18.
493 1289 570 1333 sess.
587 1271 637 1348 25,
654 1269 695 1332 de
710 1268 781 1334 llas.
805 1269 860 1332 Ex
874 1287 940 1352 quo
954 1267 1095 1348 infertur,
1112 1267 1200 1332 hano
1212 1268 1498 1352 dispensationem,

188 1395 267 1443 curn
282 1377 323 1440 sit
336 1387 429 1440 actus
445 1375 647 1440 voluntariae
659 1375 898 1461 jurisdictionis,
913 1374 1048 1440 concedi
1062 1395 1157 1460 posse
1172 1377 1215 1440 ab
1231 1375 1392 1461 Episcopo
1407 1389 1501 1442 extre

189 1485 364 1552 dioecesim
378 1484 561 1548 constituto.
605 1484 713 1564 Sexto,
729 1501 933 1566 quamquam
948 1484 982 1548 in
1011 1484 1208 1550 Tridentino
1237 1485 1382 1550 Concilio
1397 1483 1500 1570 legiti-

190 1615 246 1660 ma
260 1593 387 1658 dicatur
401 1591 612 1676 dispensandi
628 1599 655 1657 a*
675 1593 975 1660 denuntiationibus
995 1613 1102 1676 cansa,
1120 1595 1147 1658 si
1162 1593 1340 1678 aliquando
1354 1598 1500 1680 probabl-

190 1703 232 1769 lis
246 1703 342 1770 luerit
355 1702 506 1785 suspicio,
536 1700 779 1765 matrimonium
808 1701 969 1766 malitiose
997 1702 1145 1787 impediri
1174 1723 1276 1788 posse,
1292 1705 1373 1770 nihil
1389 1715 1499 1774 nmen

188 1807 331 1892 impedit,
347 1807 523 1891 quominus
537 1817 570 1870 et
583 1807 666 1870 alias
676 1809 782 1892 justas
811 1827 929 1874 causas
944 1829 1015 1875 esse
1043 1813 1264 1893 admittamus,
1280 1813 1411 1896 quando
1426 1813 1502 1878 Tri-

187 1916 312 1982 dentini
327 1914 438 1980 Patres
454 1926 558 1978 toturn
573 1914 775 2000 prudentiae,
790 1928 823 1979 et
832 1915 955 2000 judicio
970 1917 1132 1984 Ordinarii
1155 1920 1361 2004 reliquerunt
1405 1919 1500 1992 Quid

187 2029 277 2094 enirn
306 2045 357 2090 ex.
387 2045 442 2109 gn,
475 2027 502 2090 si
531 2045 574 2091 ex
603 2025 904 2092 denuntiationibus
936 2027 1105 2112 publicum
1133 2031 1328 2098 scandalum
1356 2032 1499 2116 oriretur,

186 2135 276 2220 quod
310 2135 463 2216 eveniret,
500 2133 528 2197 ei
564 2134 639 2214 duo,
682 2135 740 2218 qui
777 2135 906 2218 publice
948 2135 1153 2202 habebantur
1196 2151 1354 2224 tanquam
1390 2141 1501 2224 conju·

188 2268 254 2333 ges,
269 2259 301 2310 et
315 2235 426 2310 revera
440 2247 523 2310 tales
539 2265 605 2310 non
627 2257 745 2326 essent,
761 2245 804 2310 ad
833 2247 1092 2314 contrahendum
1107 2249 1225 2314 deinde
1239 2253 1426 2336 conjuginm
1441 2252 1498 2318 ad·

188 2355 365 2420 ducantur?
408 2355 448 2419 ln
463 2353 523 2432 his,
540 2353 654 2418 aliisve
669 2355 829 2420 similibus
844 2373 1020 2422 causamm
1045 2357 1205 2444 adjunctis
1222 2361 1337 2444 poterit
1361 2361 1500 2426 Ordina-

187 2462 255 2528 rius
269 2461 471 2542 interponere
485 2459 632 2525 officium
647 2477 753 2540 suum,
772 2460 952 2527 dnmmodo
966 2463 1049 2528 illud
1063 2481 1189 2549 semper
1203 2467 1237 2530 in
1252 2478 1427 2564 conspectu
1441 2469 1499 2534 lra—

188 2574 310 2653 beatur,
326 2571 432 2656 legem
445 2569 678 2635 Tridentinam
694 2569 841 2634 maxime
857 2570 971 2636 utilem
995 2573 1188 2655 reipublicae
1203 2591 1270 2638 non
1285 2593 1355 2638 esse
1370 2585 1499 2658 temere,

187 2693 221 2748 ct
234 2703 276 2748 ex
291 2681 391 2758 nulla,
409 2691 467 2746 ant
482 2680 646 2744 levissima
661 2697 766 2742 eausa
781 2679 910 2762 insuper
936 2679 1135 2745 habendam.
1179 2681 1323 2764 Septimo
1337 2682 1436 2750 etiam
1451 2681 1500 2748 iu·

191 2787 309 2870 fertur,
325 2786 535 2852 ordinarium
548 2785 642 2850 certis
654 2785 687 2850 in
697 2785 828 2848 casibus
843 2803 909 2850 non
925 2786 1032 2849 solum
1040 2785 1228 2869 dispensare
1239 2786 1501 2872 posseddenun·

190 2899 386 2975 tiationibus,
403 2895 573 2960 sedetiam
590 2895 699 2974 tenori3
715 2911 920 2976 quamquam
935 2893 1021 2958 enim
1035 2894 1232 2978 dispensatio
1247 2894 1408 2976 quaelibet
1422 2915 1501 2980 pen·

188 3010 265 3076 dest
278 3029 321 3073 ex
336 3007 440 3091 gratia
454 3003 670 3085 concedentis,
687 3005 743 3069 ubi
759 3016 868 3070 tamen
881 3005 938 3069 illa
948 3006 1006 3068 abs
1015 3006 1089 3090 J'ure
1100 3005 1230 3070 arbitrio
1241 3003 1403 3070 Ordinarii
1413 2997 1501 3070 eom·

191 3117 334 3196 mittitur,
351 3112 530 3198 quamdam
546 3112 664 3176 habere
689 3112 816 3176 videtur
830 3111 1009 3194 aliqnando
1031 3111 1175 3196 justitiae
1190 3111 1375 3194 imaginem.
1420 3109 1501 3176 Dixi

188 3227 284 3292 certis
299 3233 333 3288 tn
348 3222 489 3296 casibus,
511 3221 665 3284 nimirum
679 3221 947 3302 quotiescumque
975 3219 1188 3303 gravissimae
1203 3219 1325 3286 adsum
1338 3219 1500 3304 conjectu-

189 3353 252 3416 ιιι,
267 3332 425 3412 futurum,
441 3341 478 3394 ut
492 3349 547 3414 per
561 3327 823 3392 denuntiationes
837 3347 879 3392 ex
894 3327 1100 3409 quorundam
1114 3326 1239 3392 malitia
1254 3327 1500 3394 matrimonium

190 3437 372 3521 caeteroqui
389 3455 453 3500 non
471 3435 588 3520 injuste
604 3433 864 3498 contrahendum
890 3431 1091 3516 impediatur.
1135 3433 1211 3498 Non
1231 3443 1341 3498 tamen
1352 3431 1434 3496 adeo
1449 3452 1500 3498 res

189 3569 262 3616 sese
276 3547 414 3627 habebit,
431 3559 475 3627 ut,
490 3547 517 3610 si
533 3543 724 3610 Ordinarius
739 3545 928 3626 dispensare
957 3543 1118 3624 detrectet,
1135 3543 1230 3608 liceat
1244 3545 1291 3610 uti
1314 3545 1500 3629 appellatio·

188 3663 241 3728 nis
256 3657 406 3740 remedio3
423 3655 458 3720 id
472 3655 560 3719 enim
574 3655 684 3719 locum
707 3654 807 3718 habet
819 3653 1048 3718 tantummodo
1063 3654 1098 3718 in
1111 3653 1228 3734 causis,
1255 3653 1289 3718 iu
1314 3653 1433 3736 quibus
1448 3671 1500 3718 res

188 3773 290 3836 instar
300 3765 415 3852 judicii
431 3763 608 3843 ordinatur,
635 3781 701 3828 nou
716 3761 770 3825 ubi
796 3761 1012 3826 conscientiae
1041 3761 1194 3846 Episcopi
1225 3773 1291 3826 tota
1318 3761 1498 3843 remittitur3

186 3893 390 3964 quamquam
411 3872 530 3938 verosi
559 3870 778 3935 contractoriis
806 3869 955 3933 videatur
984 3869 1117 3934 omnino
1132 3865 1306 3932 manifesta
1334 3865 1500 3930 Ordinarii

188 3985 352 4070 iniquitas,
383 3993 416 4047 et
445 3981 626 4066 pervicacia
655 3975 690 4040 in
718 3975 958 4060 disponsatione
988 3976 1198 4060 indulgenda,
1217 3976 1323 4040 licebit
1350 3975 1428 4058 ipsis
1443 3993 1501 4058 per

189 4091 336 4171 modum,
352 4099 389 4155 ut
403 4089 502 4173 ajunt,
517 4084 668 4168 querelae
697 4103 764 4148 rem
793 4083 836 4149 ad
865 4085 1070 4169 Superiorem
1099 4083 1229 4164 deferre,
1244 4093 1277 4146 et
1291 4084 1333 4148 ab
1347 4103 1393 4162 eo,
1409 4083 1500 4167 quod

188 4203 312 4283 titilius,
347 4211 381 4264 et
408 4195 655 4264 convenientius
684 4213 754 4260 esse
784 4195 942 4276 videatur,
971 4207 1150 4279 expectare
1194 4194 1291 4258 Porro
1318 4193 1501 4280 Superioris

189 4321 296 4396 partes
310 4327 369 4374 ese
382 4325 454 4372 esse
469 4315 628 4390 poterunt,
646 4317 683 4371 ut
697 4305 846 4389 primum,
861 4306 890 4369 si
904 4323 1007 4370 caum
1021 4302 1055 4367 id
1069 4301 1263 4400 espostulet,
1287 4301 1501 4370 Ordinarium

188 4415 468 4500 commonefaciat,
496 4412 616 4480 deinde
644 4414 742 4482 etiam
766 4413 849 4501 juris
863 4411 1013 4480 remediis
1029 4411 1142 4497 adigat
1160 4411 1203 4477 cd
1227 4412 1499 4498 dispensandum.
