3216 4988
356 488 360 498 ,
377 439 424 486 ao
438 435 513 486 rra.
530 431 577 480 aa
593 422 871 478 occanere-rone
891 416 1090 467 urseceni«.
1319 383 1386 452 21³

99 565 188 649 gtrlari
205 562 408 647 indulgentia
433 559 553 642 pluries
566 553 736 618 celebrare·
751 549 897 622 Sacrum,
923 543 950 608 si
967 559 1098 607 neccsse
1120 538 1171 620 sit;
1194 530 1387 598 videlicetsi

99 675 248 758 duplicem
266 669 487 734 l'arocbialem
514 663 697 730 Ecclesiam
713 667 802 740 regat
828 653 950 718 dissitis
964 651 999 719 in
1014 649 1100 726 locis,
1121 661 1229 728 ,quum
1253 653 1388 720 uterque
1442 699 1446 707 .

98 782 225 866 monins
240 782 273 846 in
303 797 403 848 uuam
417 774 602 852 Ecclesiam
627 767 800 834 convenire
824 763 943 848 cerruit,
969 760 1051 824 alias
1066 768 1176 822 autern
1202 753 1291 816 deest
1308 749 1389 812 alter

97 889 251 970 Sacerdos,
266 889 322 970 qni
338 890 369 953 iu
387 887 539 950 alterutra
553 881 700 964 eelebre13
717 887 815 956 atque
830 871 872 936 ad
889 871 974 934 hanc
993 865 1133 950 speciem
1150 861 1305 946 pertinere
1322 873 1391 920 ver·

96 1001 131 1066 ba
143 1003 198 1064 iila
212 1002 244 1066 si
258 995 501 1080 cecearefaerit
514 971 649 1056 canonis
665 987 714 1052 53.
732 983 772 1054 de
787 999 928 1046 consecr.
944 978 1018 1042 dist.
1037 978 1082 1054 l...
1090 985 1122 1036 et
1134 970 1253 1036 similia
1268 969 1301 1031 iu
1317 983 1402 1046 cap..

96 1111 119 1174 3.
133 1110 171 1174 de
186 1109 334 1174 celebrat.
353 1107 489 1184 Elaean,
505 1096 699 1184 Pragmatici
717 1096 843 1158 docent.
889 1088 1043 1152 Videatur
1057 1104 1163 1151 maon
1188 1083 1235 1146 19.
1252 1077 1390 1142 Conciiii

96 1212 492 1280 6616666621361166666„
522 1209 596 1274 Non
611 1205 793 1282 doluerunt,
815 1203 870 1282 qni
887 1209 1046 1280 putarent,
1062 1195 1200 1258 similem
1225 1189 1389 1272 disponsa-

96 1323 205 1384 tionem
223 1321 338 1383 habere
355 1320 470 1398 locutu,
498 1319 551 1381 nbi
569 1335 689 1398 inagna
705 1313 793 1376 sitin
812 1329 879 1372 uua
896 1305 1054 1372 Parochia
1081 1302 1189 1388 populi
1206 1298 1391 1378 multitudo,

94 1446 170 1509 quac
185 1445 250 1490 non
269 1424 360 1488 facile
376 1425 489 1488 cudctn
506 1438 645 1505 ternpore
661 1421 833 1485 convenire
853 1419 953 1500 possit
967 1415 1010 1478 ad
1026 1413 1219 1486 Ecclesiam,
1235 1410 1287 1472 cui
1306 1425 1391 1473 unita

95 1551 215 1604 tanturn
230 1537 379 1622 sacerdos
395 1536 592 1613 adscribitur,
609 1535 687 1616 quia
702 1532 874 1606 crederem,
892 1528 924 1590 id
940 1527 1109 1590 delinitura
1133 1522 1231 1586 fuisso
1247 1527 1267 1586 a
1283 1522 1404 1586 Leone.

95 1646 209 1728 hlagno
225 1647 257 1708 in
274 1663 345 1708 can.
362 1647 411 1708 51.
428 1643 571 1716 decons.
589 1641 661 1704 dist.
680 1643 707 1704 l.
745 1639 784 1702 ld
799 1635 968 1700 vcro‘ruihi
987 1635 1111 1719 placere
1127 1629 1192 1694 non
1209 1641 1320 1713 potest,
1338 1629 1406 1692 ob-¹

94 1752 237 1830 servanti,
260 1770 420 1814 carronern
436 1751 553 1814 Leonis
568 1749 611 1812 ad
628 1749 880 1812 vetustissimam
896 1745 1102 1825 disciplinam
1126 1739 1329 1804 reserendnrn
1344 1757 1391 1800 es·

94 1879 130 1938 se.
142 1863 239 1943 juxta
263 1879 363 1941 quarn
379 1861 411 1922 iu
428 1879 494 1922 nna
524 1859 667 1923 Ecclesia
696 1853 795 1920 seruel
813 1869 938 1920 tanturn
966 1854 1086 1916 Missae
1102 1849 1296 1914 sacrificinm
1312 1847 1391 1910 cele·

91 1967 246 2046 brabatur,
265 1969 338 2030 licet
354 1969 384 2030 in
400 1987 440 2030 aa
456 1967 562 2052 plnres
578 1967 752 2052 existerent
767 1965 966 2044 Sacerdotes,
988 1981 1026 2024 ac
1042 1973 1206 2044 propterea
1223 1960 1264 2022 ab
1279 1957 1408 2029 eodem,

94 2079 195 2142 Leone
213 2079 352 2162 prinnun
378 2077 512 2140 concedi
530 2077 652 2138 vissunr
669 2073 737 2154 snit.
765 2088 800 2138 nt
817 2073 935 2156 pluries
950 2072 1052 2136 Sacra
1067 2070 1187 2149 sterent,
1214 2087 1268 2152 per
1291 2067 1395 2128 diver·

93 2211 139 2252 sos
155 2205 265 2254 tanren
291 2188 488 2270 Sacerdotes,
518 2188 570 2250 ubi
588 2187 726 2274 populus
741 2185 855 2250 eodem
883 2196 1023 2268 tempore
1038 2183 1211 2248 convenire
1231 2181 1264 2244 in
1282 2178 1393 2242 Eccle-

92 2302 170 2364 siaru
187 2320 251 2364 non
270 2285 398 2382 valeret.

37 2419 41 2432 ·
130 2405 244 2470 Tertia
269 2405 448 2468 observatio
464 2405 496 2470 in
523 2406 561 2467 iis
577 2405 720 2468 consistit
747 2406 935 2484 canonibus,
963 2405 1083 2488 quihus
1097 2401 1270 2466 definitum
1286 2411 1341 2478 est,
1359 2413 1396 2466 ut

93 2511 122 2574 in
138 2512 349 2577 celebratione
376 2511 550 2576 Missauun
567 2513 647 2576 nihil
665 2512 831 2574 omittatur
853 2532 894 2574 ex
912 2512 958 2590 iis,
974 2530 1060 2594 quae
1081 2509 1232 2572 Christus
1248 2509 1394 2590 instituit,

93 2622 170 2684 nihil
185 2641 314 2706 quoqne
329 2641 369 2684 ex
387 2623 435 2715 iis,¹
457 2641 543 2702 quae
560 2619 708 2684 Ecclesia
722 2620 937 2684 custodienda
951 2640 1021 2684 esse
1039 2609 1146 2698 voluit,
1173 2631 1208 2680 ut
1223 2619 1333 2682 omnia
1348 2619 1395 2684 ni·

91 2729 162 2808 tide,
179 2727 300 2808 decore,
316 2744 438 2794 etcum
454 2730 533 2792 tanti
550 2730 752 2794 Sacrarneuti
769 2733 946 2794 reverentia
961 2727 1082 2820 fierent.
1120 2723 1180 2788 -Ad
1197 2725 1315 2786 Christi
1332 2725 1410 2810 ins·¹

92 2846 269 2911 titutionem
287 2825 426 2918 reserari,
453 2851 488 2904 nt
503 2841 534 2904 in
552 2861 635 2924 pane
661 2841 781 2910 triticeo
797 2842 921 2926 Corpus
946 2840 1065 2904 Christi
1091 2825 1302 2915 consecretui,
1326 2839 1396 2900 sivo

92 2957 143 3040 ille
158 2977 295 3042 azymus
311 2958 359 3033 sit.
386 2947 454 3018 sive
477 2953 688 3018 fermentatus
715 2955 930 3040 (quamquem
947 2955 980 3018 in
1006 2955 1069 3018 hac
1092 2975 1124 3018 re
1151 2952 1312 3016 servanda
1337 2951 1396 3015 erit

90 3067 263 3150 singularis
288 3066 548 3148 uniuscnjusque
567 3063 734 3126 Ecclesiae
760 3063 938 3146 disciplina,
967 3065 1120 3128 nimirum
1146 3063 1234 3146 apud
1255 3063 1399 3125 Graecos

91 3169 308 3263 ferruentatns,
335 3173 422 3254 apud
442 3173 573 3235 latinos
597 3173 690 3256 partis
713 3191 850 3254 azymus
877 3173 910 3234 iu
927 3192 988 3236 usn
1014 3172 1185 3238 habendus
1213 3173 1275 3236 snb
1291 3191 1396 3254 poena

91 3283 277 3362 privationis
303 3266 409 3361 officii,
436 3297 467 3346 et
495 3281 651 3360 berreficii,
678 3301 748 3364 cap.
777 3281 833 3344 ult.
859 3281 899 3342 de
915 3281 1063 3345 celebrat.
1091 3283 1241 3368 blacan),
1269 3276 1343 3344 it'eru
1362 3290 1398 3344 ut

90 3393 232 3478 Sanguis
248 3395 367 3460 Christi
385 3397 417 3457 in
435 3398 520 3474 vino,
535 3393 633 3456 simul
648 3404 680 3456 et
695 3411 782 3476 aqua
797 3407 1009 3472 consecretur,
1032 3393 1209 3456 dunnnodo
1225 3412 1289 3456 non
1307 3401 1397 3454 tanta

91 3521 197 3584 aquae
212 3505 261 3581 sit,
288 3516 411 3586 quanta
427 3504 494 3570 viui
520 3503 706 3588 quantitas.
720 3521 790 3586 cap.
808 3502 867 3582 ta,
878 3504 993 3586 juncto
1008 3523 1077 3586 cap.
1095 3505 1123 3568 6.
1141 3523 1222 3568 vers.
1256 3502 1394 3576 eraesi·

92 3617 171 3678 visti
186 3620 295 3694 etiam,
322 3627 353 3680 et
367 3636 437 3698 cap.
454 3617 483 3680 8.
500 3615 539 3678 de
566 3613 715 3678 celebrat.
727 3613 867 3692 Missa..
883 3633 955 3678 can.
982 3617 1013 3678 5.
1029 3617 1069 3695 7.,
1085 3626 1116 3678 et
1131 3615 1181 3680 83.
1198 3613 1238 3678 de
1253 3633 1395 3680 consecr.

92 3717 163 3784 dist.
179 3723 219 3802 2.,
235 3734 447 3806 praetereant
462 3722 619 3788 Sacerdos
636 3733 806 3804 utramque
821 3735 854 3786 et
869 3723 971 3808 panis,
989 3735 1022 3786 et
1038 3725 1104 3788 vini
1120 3725 1259 3808 speeiem
1275 3721 1396 3803 offerat,
1471 3775 1475 3794 ,,

90 3827 179 3894 etde
194 3842 330 3912 utraque
345 3833 412 3916 ipse
427 3831 653 3912 commulcet,
678 3851 748 3896 can.
767 3831 816 3895 12.
833 3831 873 3896 de
888 3851 1029 3922 consecr.
1051 3832 1123 3898 dist.
1139 3834 1181 3898 2.
1215 3835 1269 3898 Ex
1285 3833 1398 3896 Eccle-

92 3939 161 4002 siae
177 3942 373 4007 iustitutione
398 3940 573 4024 profectura
589 3953 646 4021 est,
663 3941 765 4024 pricio
781 3951 818 4005 nt
832 3942 989 4009 Sacerdos
1005 3961 1070 4006 non
1096 3945 1159 4008 nisi
1170 3945 1301 4030 jejunus
1316 3944 1398 4007 cele·

92 4047 170 4130 bret,
185 4071 253 4134 cap.
269 4053 298 4116 5.
315 4051 355 4114 de
376 4050 523 4120 celebret.
541 4050 679 4130 Missar.‚
690 4050 818 4136 jamdiu
833 4051 919 4114 euim
936 4051 1054 4114 interiit
1073 4050 1274 4114 consuetudo
1288 4051 1398 4136 singu·

93 4155 171 4228 iaris
185 4159 356 4226 Africanae
372 4161 549 4240 Ecclesiae,
568 4161 664 4246 juxta
678 4179 778 4242 qnam
804 4158 905 4224 semel
920 4159 953 4222 in
969 4179 1056 4222 anno
1071 4160 1104 4222 in
1133 4157 1184 4222 die
1200 4160 1329 4224 Coenae
1343 4159 1397 4224 do

92 4269 232 4334 minicae
247 4291 339 4336 sacra
353 4273 507 4356 mysteria
532 4269 711 4337 acoenatis
726 4267 857 4348 fiebant,
883 4287 955 4332 cau.
971 4269 1021 4332 49.
1039 4267 1079 4332 de
1094 4287 1181 4332 cons.
1203 4266 1275 4330 dist.
1293 4268 1332 4347 1.;
1349 4285 1396 4330 se

91 4376 214 4456 cnudo,
230 4389 263 4458 nt
279 4377 404 4463 lumina
420 4397 515 4462 super
530 4378 623 4444 altari
639 4377 868 4459 accendantun
886 4379 986 4458 tertio,
1003 4388 1038 4440 ut
1053 4395 1116 4440 nou
1134 4375 1223 4440 solas
1238 4375 1398 4458 Sacerdoe

91 4480 147 4562 cit,
164 4505 227 4551 nno
240 4488 357 4552 saltem
371 4488 603 4554 interveniente
619 4488 772 4569 ministro,
789 4505 993 4572 quamquam
1006 4487 1084 4552 olim
1100 4485 1165 4554 dno
1180 4486 1295 4552 saltem
1310 4467 1407 4572 prae',
