3210 4990
238 426 286 473 DE
309 425 476 473 eunucis
499 413 635 473 Fundat
658 429 890 475 mtuntmomt
915 411 1290 475 nenunutnutonmus.
1359 401 1424 474 123

115 549 203 614 aeusi
216 549 352 630 decreto,
378 549 412 612 iu
428 569 494 632 quo
508 551 542 614 in
568 531 684 633 plurali
699 541 821 616 mentio
849 530 886 614 fit
899 531 1120 626 Parochorum
1135 551 1169 616 in
1183 552 1223 616 iis
1237 552 1343 616 verbis
1354 549 1421 638 per

116 657 339 744 Presbyteros,
363 657 481 723 deinde
506 659 703 723 conformius
729 669 777 723 est
797 661 899 724 menti
924 659 1193 724 'Pridentinorum
1222 661 1357 725 Petrum
1376 679 1421 722 eo

116 766 262 850 tendenti,
279 779 324 851 ut,
351 769 465 853 quoad¹
476 767 544 835 fieri
559 771 669 854 possit,
685 769 785 836 nulla
805 765 969 834 omittatur
996 768 1186 852 sollicitudo,
1202 789 1243 832 ne
1257 771 1437 852 martimo,

113 878 165 942 uia
180 878 264 941 inter
276 894 431 961 personas
443 879 613 943 inidoneus
625 878 865 942 contrahantur.
909 875 996 942 Hinc
1007 877 1174 941 Parochus
1186 875 1248 956 ille,
1266 877 1308 940 ed
1323 895 1422 960 quem

113 999 232 1072 spectet
255 989 448 1054 celebrando
473 991 677 1054 matrimonio
701 991 860 1069 interesse,
888 991 952 1054 uon
977 989 1119 1072 primum
1143 989 1291 1068 intererit,
1318 1005 1420 1070 quant

111 1107 239 1176 mustei,
267 1097 371 1161 lactas
386 1115 456 1162 esse
481 1101 579 1164 etiarn
595 1099 628 1162 in
653 1097 812 1162 Parocliia
827 1095 925 1178 illius,
950 1097 1010 1180 qui
1032 1097 1092 1161 sibi
1107 1098 1267 1162 obnoxius
1284 1117 1350 1160 non
1365 1107 1422 1178 est,
1455 1129 1461 1142 ·

112 1202 380 1268 denuntiationes.
422 1205 588 1289 Contingit
618 1203 795 1288 aliquando
809 1203 991 1287 disputari,
1021 1206 1174 1286 quisnam
1204 1205 1245 1268 sit
1272 1205 1421 1289 proprius

112 1309 372 1374 contrahentium
387 1309 560 1393 Parochus,
576 1332 618 1375 ex
633 1331 678 1392 eo,
694 1309 782 1394 quod
797 1309 980 1394 frequenter
993 1317 1130 1392 eveniat,
1147 1331 1282 1396 sponsos
1297 1333 1339 1376 ex
1351 1321 1424 1379 mu-'

112 1417 229 1481 tatione
255 1419 411 1483 domicilii
426 1419 523 1484 modo
549 1421 617 1502 uui,
643 1419 741 1484 modo
766 1421 856 1484 alteri
884 1421 1060 1485 Parochiae
1083 1423 1224 1486 subesse.
1269 1423 1344 1506 Ego
1356 1443 1422 1487 non

110 1525 229 1607 dubito,
257 1527 435 1592 servandas
449 1549 519 1592 esse
544 1529 579 1592 in
594 1527 706 1592 haere
732 1529 860 1612 regulas
887 1532 1060 1614 generales,
1088 1551 1173 1614 quae
1200 1531 1372 1598 traduntur
1388 1535 1422 1597 in

110 1637 242 1699 materia
251 1636 337 1720 juris
350 1639 507 1700 contracti
520 1637 684 1719 domicilii3
715 1637 913 1721 proindeque
939 1657 1015 1702 eum
1042 1658 1111 1702 esse
1138 1640 1302 1724 proprium
1326 1639 1422 1702 Paro

110 1743 217 1828 chum,
236 1751 338 1828 aquo
352 1745 522 1811 faciendae
536 1747 601 1810 siut
626 1745 896 1827 denuntiationes,
918 1747 952 1810 iu
967 1749 1061 1832 cujus
1080 1747 1235 1810 Parochia
1248 1748 1291 1810 ite
1310 1747 1421 1830 sponsi

108 1853 311 1920 domicilium
326 1873 424 1918 suum
451 1857 697 1936 constituerunt,
713 1865 749 1918 ut
764 1861 829 1918 non
856 1855 1028 1918 videantur
1042 1853 1191 1917 animum
1207 1851 1295 1916 illinc
1310 1853 1421 1916 absce-

109 1963 206 2028 dendi
230 1963 360 2028 habere.
405 1964 497 2035 Quid
511 1984 595 2046 ergo,
612 1963 639 2027 si
652 1963 830 2046 quisquam
855 1963 921 2027 duo
935 1963 1054 2026 lrabere
1077 1963 1226 2026 videatur
1244 1961 1418 2042 domicilia,

108 2075 388 2158 quemadmodum
402 2085 493 2155 esset,
506 2079 565 2158 qui
580 2075 751 2139 dimidiam
766 2076 845 2139 anni
859 2084 982 2158 partem
998 2075 1031 2138 iu
1048 2093 1125 2154 una,
1139 2071 1309 2137 dimidiam
1325 2073 1360 2136 in
1375 2071 1422 2135 al-

109 2192 171 2243 tere
186 2182 349 2248 Parochia
363 2183 568 2265 transigeret?
611 2183 734 2249 'l'utius
749 2183 831 2246 mihi
846 2181 981 2262 videtin,
1008 2181 1178 2263 utrobique
1190 2181 1357 2248 iaciendas
1374 2197 1424 2245 es:

107 2306 140 2349 se
162 2288 436 2366 denuntiationes,
459 2291 646 2371 praesertim
661 2291 688 2353 si
716 2287 894 2352 Perochiee
908 2288 983 2352 illae
1009 2287 1190 2352 admodum
1215 2287 1348 2352 dissitas
1374 2305 1423 2350 es·

106 2407 183 2476 seut,
197 2394 338 2460 neforto
352 2393 528 2478 contingat,
542 2414 626 2478 eum,
641 2397 699 2480 qui
713 2397 747 2462 iu
762 2415 831 2461 une
845 2397 1008 2460 Perochie
1017 2399 1089 2482 jam
1105 2412 1240 2462 uxorem
1255 2395 1358 2477 duxit,
1375 2397 1423 2460 at:

107 2514 207 2569 terum
234 2505 268 2568 in
284 2505 387 2568 altera
412 2495 570 2568 Parechia
595 2505 722 2569 dueere.
767 2494 944 2570 Difficilius
958 2512 1045 2568 esset
1071 2503 1214 2584 definire,
1231 2503 1311 2586 quid
1327 2516 1427 2586 agen-⁴

106 2613 185 2680 dum
210 2615 358 2678 Parocho
373 2610 422 2694 sit,
437 2615 494 2678 ubi
519 2615 572 2678 vel
586 2615 654 2678 duo
678 2601 927 2697 vagantee,-qui
953 2613 1348 2680 nullum'detenuinatum
1363 2613 1422 2675 ha·

106 2721 181 2788 beet
195 2723 391 2803 Peroehum,
407 2739 477 2787 sese
492 2723 696 2788 matrimonio
710 2723 956 2807 conjungendos
977 2723 1100 2802 sistant,
1116 2721 1170 2785 vel
1184 2741 1279 2801 unus,
1292 2703 1352 2803 'qui
1366 2739 1424 2783 va-

106 2845 209 2915 gatur,
225 2842 316 2916 petat
328 2831 667 2914 nuptiascontralrere
680 2849 758 2894 cum
769 2849 820 2911 ea,
836 2848 922 2913 quae
938 2831 972 2893 in
989 2827 1151 2892 Parochia
1166 2827 1262 2910 degit.
1305 2827 1357 2889 De
1371 2825 1424 2928 itis

103 2939 354 3022 siugrtlariseet
369 2934 505 3001 Ooueilil
529 2934 719 3001 Tridentini
744 2936 894 3000 definitio
915 2937 953 3000 in
978 2953 1048 3019 oep.
1067 2937 1099 2999 7.·
1114 2953 1192 3000 sess.
1219 2933 1270 2996 nt.
1286 2933 1327 3006 de
1351 2931 1424 2998 Rei.-

103 3063 205 3131 metr,
220 3069 289 3134 que
304 3039 418 3112 moniil
433 3048 563 3112 suerunt
576 3046 740 3112 ¹inmunes,
756 3039 896 3114 ait'quos
919 3037 1052 3114 spectat,
1069 3051 1112 3095 ne
1126 3033 1187 3096 hoc
1203 3050 1307 3116 genus
1322 3033 1424 3136 h⁰¹¹¹¹⁸7

102 3177 180 3211 „nm
200 3159 394 3222 vagandum
406 3157 452 3210 'act
482 3142 731 3208 matrimonium
743 3139 841 3203 facile
868 3139 1034 3222 recipiant3
1052 3137 1206 3204 Perochis
1220 3142 1320 3204 etiam
1334 3161 1422 3226 prae.

102 3261 231 3332 ceptum
246 3255 304 3324 est,
319 3265 361 3309 ne
375 3246 504 3311 illomm
519 3233 915 3328 matrimoniis-intersint,
930 3249 993 3312 nisi
1013 3251 1103 3331 prins
1117 3248 1305 3332 diligentem
1320 3252 1425 3335 inqut·

12 3353 13 3356 ’
102 3361 253 3423 altionem
266 3357 409 3436 fecerint,
425 3367 457 3420 et
472 3379 505 3424 re
522 3359 564 3421 ed
581 3357 794 3423 Ordirrarlum
807 3359 926 3440 delate,
943 3360 985 3424 ab
999 3377 1041 3424 eo
1051 3359 1217 3426 licentiam
1231 3361 1265 3426 id
1280 3361 1421 3432 faciendi

103 3468 306 3534 obtinuerint.
351 3467 427 3532 Non
452 3466 696 3548 dubito-tamen,
722 3466 954 3551 quinetrorte
967 3451 1086 3552 vagae
1102 3470 1183 3534 istae
1208 3492 1363 3555 personae
1378 3477 1421 3542 ab

12 3619 13 3622 κ
102 3577 210 3660 aliquo
224 3577 373 3640 Parooho
388 3577 701 3642 contrassTrldentini
710 3577 856 3642 =Ooucilii
872 3577 1118 3642 constitutiones
1128 3582 1349 3665 jungerentur,
1363 3605 1420 3649 va·-

104 3681 207 3748 lidum
221 3675 468 3747 matrimonium
492 3683 659 3764 diceretur,
677 3685 752 3750 licet
778 3688 945 3754 Parochus
965 3690 1160 3755 Tridentino
1175 3689 1300 3754 decreto
1314 3671 1420 3756 inobess

98 3792 191 3860 diens
202 3793 369 3860 Ordinarii
380 3795 518 3866 aibitn'o'
527 3797 634 3878 puniri
650 3807 768 3879 posset.
1195 3846 1198 3855 .

139 3901 313 3965 Praeterea
327 3903 434 3966 triduo
459 3905 624 3969 condures
646 3906 910 3991 distassestiole
931 3889 1196 3976 denuntiandum
1211 3922 1269 3976 est.
1312 3894 1418 3977 Nemo

97 4009 132 4074 id
146 4013 194 4076 ita
207 4012 377 4096 intelligat,
393 4013 488 4094 quasi
511 4013 621 4117 festivi
643 4016 712 4080 dies
741 4022 786 4082 ita
795 4023 904 4105 juncti
919 4041 990 4086 esee
1005 4023 1203 4106 debeant‘ut
1217 4025 1308 4088 nullo
1323 3998 1418 4086 inter-¹

102 4121 211 4185 medio
223 4121 340 4186 feriato
353 4119 407 4186 dre
422 4121 606 4188 alteralteri
621 4125 784 4190 suecedet:
812 4125 913 4192 immo
928 4129 990 4194 hoc
1016 4129 1124 4214 ipsum
1147 4149 1217 4193 esse
1243 4129 1418 4193 videretur·

12 4317 13 4320 Ἴ
100 4231 258 4296 mersus
271 4217 465 4296 ¹I‘riden'tiui
477 4233 616 4298 Concilii
639 4247 791 4316 mentem,
807 4255 892 4320 quae
918 4257 998 4302 sane
1009 4259 1060 4303 'ea
1081 4239 1150 4320 suit,
1168 4250 1204 4304 ut
1217 4237 1279 4318 illi,¹
1289 4239 1346 4320 qui
1361 4237 1415 4302 de·

12 4353 13 4410 ῖ
95 4353 183 4408 nunt
199 4345 343 4408 ationem
358 4345 533 4438 excipiunt,
547 4334 677 4430 iempus
690 4345 840 4438 'habeam
863 4348 1043 4434 congruum
1058 4325 1100 4440 ad
1116 4347 1349 4428 meditandum,
1365 4343 1415 4422 in,

12 4413 14 4530 i
99 4453 405 4540 vestigandumquc',
420 4471 502 4520 utun
515 4455 665 4541 conjugio
680 4455 791 4541 palem
812 4457 973 4544 proposito
988 4457 1100 4544 aliqua
1115 4457 1179 4522 siut
1203 4452 1415 4542 impedimen
