3216 4988
118 446 168 497 sn
182 442 257 496 ιιι.
272 447 317 492 os
331 437 457 505 neem
470 438 642 500 'enarrem
657 441 703 487 st·
717 441 764 486 os
776 440 879 486 occu.
894 438 964 482 ren
977 435 1117 480 steron
1131 431 1308 478 cuonone.
1361 405 1427 475 223

110 571 228 658 potius
243 587 405 634 canonum
430 567 573 632 eruenda
595 577 652 642 est,
678 581 835 646 quam-cx
865 559 1070 643 inscriptione
1092 556 1267 622 titulorum.
1313 553 1426 636 ltaque

115 681 304 763 irregularis
319 691 385 758 crit,
412 679 610 760 quicumque
624 673 771 738 ordinem
796 671 974 734 exercuerit
996 689 1061 734 non
1076 668 1253 732 ordinatus.
1297 665 1377 754 §lna
1392 663 1425 726 in

116 807 149 852 re
165 787 408 852 observandum
424 799 480 864 est,
509 783 620 866 aliqua
634 802 703 846 esse
719 782 830 845 divina
843 779 960 860 officie,
986 797 1071 861 quae
1087 798 1150 842 nou
1168 779 1229 840 uisi
1245 776 1286 838 ab
1301 775 1428 858 ordina·

114 899 156 962 tis
175 898 286 981 peragi
302 896 415 974 solent,
441 896 487 957 uti
503 913 613 958 sacrae
639 891 866 956 Eucharistiae
879 889 1038 954 confectio
1053 895 1072 954 a
1088 887 1269 964 Sacerdote,
1286 885 1427 948 ministe-

112 1003 204 1067 rium
221 1002 331 1069 alteris
356 1008 376 1066 a
393 1002 546 1080 Diacono,
573 999 835 1078 coadunationis,
861 1011 893 1062 et
907 999 1030 1064 ordinis
1044 997 1172 1060 collatio
1196 996 1238 1058 ab
1252 995 1425 1090 Episcopo3

112 1111 235 1194 aliqua
249 1118 268 1176 e
282 1112 439 1174 contrario
454 1129 535 1188 esse,
549 1129 634 1192 quae
649 1109 691 1172 ab
705 1107 861 1172 ordinatis
876 1127 917 1172 err
932 1107 1038 1172 officio
1054 1107 1145 1184 liunt,
1166 1105 1208 1166 ab
1225 1101 1298 1186 aliis
1309 1114 1370 1164 sut
1385 1121 1427 1166 ex

107 1220 370 1304 dispensatione,
396 1233 454 1282 ant
468 1237 509 1280 ex
524 1216 759 1282 consuetudine
773 1218 867 1299 quasi
883 1217 917 1278 iu
933 1214 1205 1298 supplementum,
1232 1221 1262 1272 et
1279 1227 1342 1272 non
1360 1220 1427 1270 tan·

110 1351 222 1416 quem
239 1331 359 1394 ordinis
373 1329 532 1408 exercitio,
562 1329 607 1392 uti
623 1338 671 1388 cst
684 1327 768 1390 ostie
794 1326 962 1390 Ecclesiae
977 1321 1137 1398 claudere,
1165 1319 1295 1402 aperire,
1318 1333 1431 1378 sacras

113 1443 232 1506 literas
247 1441 279 1504 iu
296 1439 445 1502 Ecclesia
462 1438 573 1519 legere,
599 1453 789 1518 praeparare
804 1455 886 1500 vasa
901 1451 995 1496 secra
1011 1431 1052 1494 ad
1064 1415 1275 1506 sacrificium,¹
1296 1441 1326 1488 et
1338 1405 1428 1491 sitiri·

112 1549 173 1615 lia.
198 1550 282 1614 Item
308 1547 547 1611 observandum
563 1556 619 1622 est,
646 1544 756 1627 alique
771 1564 841 1608 esse
856 1544 971 1623 officia,
998 1561 1083 1625 quae
1097 1540 1231 1623 quidem
1258 1535 1428 1626 exordiae

111 1676 213 1722 sacro
230 1655 379 1739 pendent,
406 1639 507 1718 ueluti
521 1673 569 1732 eu,
586 1671 672 1734 qnae,
686 1649 755 1716 sine
775 1654 887 1718 ordine
903 1671 994 1718 sacto
1009 1665 1066 1716 aut
1081 1671 1145 1718 non
1163 1651 1229 1728 rite,
1253 1663 1306 1712 aut
1326 1649 1429 1712 ineui-

112 1779 163 1832 ter
182 1778 384 1846 exercentuq
411 1765 665 1842 interserantur,
694 1776 727 1828 ut
744 1765 801 1828 rite
817 1765 907 1845 fiant,
934 1778 992 1830 aut
1010 1766 1125 1844 valide,
1144 1784 1208 1828 non
1231 1762 1358 1842 sufficit,
1375 1761 1429 1826 od·

54 1863 57 1870 ’
106 1879 307 1963 ministrum
323 1875 434 1938 ordine
450 1871 541 1937 'sacro
556 1873 719 1938 initiatum
736 1891 816 1952 esse,
832 1874 889 1938 sed
905 1876 1074 1959 requiritur
1091 1887 1261 1958 practerea,
1278 1882 1313 1936 ut
1328 1872 1430 1954 aduri·

110 1989 223 2052 nister
237 1997 323 2048 certa
333 1983 555 2067 jtrrisdictione
585 1982 711 2065 pelleae
728 1985 909 2066 cujusmodi
936 1997 1013 2048 sunt
1028 1984 1262 2052 administratio
1277 1982 1432 2046 solemnis

103 2095 324 2164 sacramenti
350 2091 811 2176 baptismatis,Eucharistiae.
828 2091 871 2156 ad
887 2093 1031 2156 infirmos
1050 2079 1182 2173 delatio,
1209 2092 1329 2156 Unctio
1344 2090 1430 2154 infir·

107 2223 259 2284 merum,
287 2223 371 2285 quae
386 2211 405 2268 e
422 2203 498 2264 solis
513 2200 677 2280 Perocbis,
704 2201 858 2266 natalias
883 2221 997 2268 curant
1008 2181 1208 2268 entimerurn
1232 2201 1431 2269 trahentibus

106 2313 218 2392 fiuut3
245 2312 321 2374 item
337 2311 498 2374 absolutio
523 2309 700 2392 epeccatis
725 2321 816 2372 extra
831 2329 945 2384 eastun
972 2312 1182 2392 necessitatis,
1206 2325 1431 2394 quaepiaetet

107 2424 269 2490 ordinem
282 2421 513 2486 sacerdotalem
529 2431 648 2484 certam
661 2421 916 2508 jurisdictionem
933 2422 965 2486 iu
976 2422 1180 2488 ministrante
1195 2422 1335 2506 requiriq
1350 2423 1430 2499 item

108 2534 207 2598 sacri
221 2531 349 2604 ordinis,
378 2543 434 2594 ant
449 2529 704 2600 confirmationis
720 2530 856 2611 colletio,
878 2551 962 2614 quae
978 2533 1190 2598 Sacramenta
1214 2543 1248 2594 ut
1259 2529 1429 2606 conseran-

104 2655 181 2718 tur,
199 2659 265 2704 non
281 2639 408 2716 sullicit,
426 2651 461 2702 ut
477 2639 659 2722 Episcopus
674 2641 724 2715 sit,
740 2641 796 2721 qui
812 2641 980 2720 urinistret,
997 2640 1052 2704 sed
1071 2642 1247 2723 reqttiriurr‚
1270 2651 1304 2703 ιιι
1320 2641 1428 2704 subdi·

108 2755 160 2816 tis
180 2751 257 2827 suis,
273 2763 305 2812 et
320 2751 352 2812 in
368 2769 428 2812 sua
443 2749 578 2812 dioecesi
590 2750 808 2814 existentibus
835 2749 1018 2832 espiscopus
1034 2749 1186 2814 conseret.
1231 2751 1340 2814 Poena
1357 2752 1429 2816 irre·

108 2859 303 2950 guleritetis
320 2873 388 2924 tum
413 2861 546 2924 deinum
562 2860 670 2924 locum
685 2862 790 2941 hebet,
806 2883 881 2926 cum
898 2863 1005 2945 agitur
1020 2862 1060 2926 de
1076 2864 1123 2941 iis,
1150 2883 1235 2946 quac
1255 2864 1368 2928 esolis
1382 2885 1428 2930 or·

108 2971 243 3036 dinatis
257 2971 396 3032 exerceri
414 2981 556 3052 possunt,
569 2982 604 3031 et
619 2971 713 3033 abeo
728 2983 924 3048 exercentur,
941 2973 999 3053 qui
1014 2991 1077 3035 non
1088 2983 1144 3036 ,cst
1157 2973 1333 3038 ordinatus.
1360 2973 1429 3038 Hu-

104 3081 263 3170 jusmcdi
279 3093 327 3142 est
342 3079 494 3142 solemnis
505 3080 661 3162 baptismi
676 3081 805 3143 collatio
820 3082 862 3144 ab
876 3101 914 3143 eo
929 3079 1025 3159 secte,
1042 3083 1098 3163 qui
1115 3099 1174 3144 nec
1190 3082 1356 3148 Diaconos
1372 3095 1430 3164 est,

112 3187 362 3264 Eucharistiae,
377 3187 605 3267 Ptrcniterttiee,
623 3189 993 3254 Extretrrae-Unetiotris
1020 3190 1158 3269 collatio,
1185 3191 1268 3254 sicut
1290 3205 1321 3256 ct
1336 3195 1430 3258 bune-

104 3299 222 3362 dictio
237 3299 386 3380 conjugii,
404 3310 433 3356 rt
446 3299 689 3362 sacramentalis
703 3313 908 3380 trecentorum
921 3301 1079 3367 absolutio
1091 3302 1133 3364 ab
1144 3321 1181 3364 co
1196 3299 1292 3379 sacta,
1306 3305 1361 3384 qui
1371 3304 1428 3370 Sa·

104 3405 236 3472 cerens
258 3419 395 3484 nonest,
422 3405 637 3470 Diacouicum
655 3408 867 3472 ministerium
894 3413 936 3474 ab
950 3431 987 3476 ee
1010 3413 1211 3494 praestitam,
1226 3415 1283 3493 qni
1301 3426 1430 3480 nonest

114 3517 300 3590 Diaconus,
316 3527 372 3578 ant
385 3515 597 3579 ministerium
614 3518 774 3580 minorum
791 3519 942 3582 ordinum
958 3521 1000 3584 ab
1014 3540 1052 3582 eo
1067 3521 1254 3603 praestitum
1269 3533 1428 3603 tauquam

95 3621 245 3688 „ordinis
259 3623 417 3700 exercitio,
445 3634 474 3683 et
491 3627 584 3704 quasi
601 3626 642 3686 ab
667 3624 821 3707 ordinato,
849 3629 905 3709 qui
923 3639 1032 3692 tamen
1059 3629 1179 3692 nonsit
1206 3629 1383 3710 ordinatus,
1396 3643 1431 3696 et

112 3734 264 3812 deniqne
279 3731 407 3794 collatio
428 3733 713 3796 sacramentorum
730 3736 1004 3817 confirmationis,
1021 3749 1050 3800 et
1069 3737 1201 3802 Ordinis
1223 3740 1265 3802 ab
1279 3759 1317 3804 eo
1335 3740 1430 3821 iacta,

105 3843 174 3927 qui
194 3860 258 3903 trou
275 3851 323 3902 est
340 3841 529 3924 Episcopus,
548 3843 596 3904 rel
614 3844 644 3905 in
663 3863 727 3924 qua
742 3857 828 3928 porte
838 3847 1018 3930 episcopali
1035 3849 1202 3931 privilegio
1217 3870 1280 3914 non
1297 3851 1428 3934 gaudet.

109 3955 161 4019 At
177 3953 204 4012 si
223 3963 339 4031 agetur
363 3951 403 4012 de
419 3951 588 4014 Sacerdote
600 3953 730 4016 nullam
749 3955 1010 4040 jurisdictionem
1025 3959 1174 4038 habente,
1201 3973 1232 4021 et
1247 3979 1429 4024 sacramen-

112 4058 226 4122 taliter
241 4057 439 4138 absoluente3
456 4059 483 4120 si
498 4059 538 4122 de
553 4061 725 4126 Sacerdote
748 4085 812 4127 uon
830 4067 982 4136 l'aroclto,
999 4067 1050 4130 rel
1066 4087 1146 4130 cura
1160 4069 1344 4133 animarum
1359 4071 1429 4134 des·

104 4171 222 4244 tituto,
249 4167 384 4230 infirmis
401 4167 650 4252 Euclraristiam,
678 4172 726 4235 vel
746 4173 936 4239 Extremam
962 4175 1154 4242 Unctionent
1171 4179 1420 4242 administrante

106 4273 242 4352 nuptiis
267 4273 486 4356 benedicente,
513 4277 562 4340 rel
591 4279 774 4364 baptizante
799 4283 992 4364 solemniter,
1020 4285 1134 4350 nullibi
1159 4285 1283 4350 inflicta
1304 4289 1336 4352 in
1353 4254 1430 4358 orsi

108 4401 224 4468 poena
240 4383 481 4464 irregularitatis
507 4386 647 4481 adparet,
664 4410 866 4473 quamquam
891 4395 1083 4478 gravissime
1110 4397 1151 4460 ob
1169 4396 1211 4460 ab
1227 4417 1308 4461 enm
1326 4419 1431 4462 sacro·

104 4511 190 4559 rum
209 4495 248 4554 sit
267 4493 501 4578 Episcopnrum
527 4497 655 4562 arbitrio
670 4502 877 4568 coercendus.
910 4505 1172 4574 lusslementina
1196 4511 1223 4573 1.
1239 4507 1279 4574 de
1304 4507 1431 4593 privile·
