3168 4982
150 366 210 432 196
268 427 272 438 ,
503 393 744 455 praesternere
766 402 921 466 unauna,
944 407 1020 454 can.
1043 386 1099 455 IV.

147 509 398 596 sanguineisque
427 517 508 580 meis
537 517 664 602 adfinis,
680 523 774 604 quasi
802 527 965 592 aecrrndus
979 532 1116 598 maritus
1136 553 1210 608 ,una
1237 555 1311 602 caro
1338 535 1450 606 sactus

146 643 222 688 cum
240 643 338 688 rasore
351 624 456 690 fratris
471 629 543 709 mei,
561 649 627 694 una
655 634 894 715 quodammodo
908 661 982 706 caro
996 645 1038 708 sit
1050 665 1127 712 cum
1141 647 1236 713 fratre
1249 669 1332 736 rneo;
1347 667 1450 738 atque

145 733 207 798 hoc
229 733 411 800 secundum
440 736 618 802 adfinitatis
647 761 751 824 genus
773 747 987 828 appellabant.
1032 752 1181 840 Denique
1202 739 1339 843 ajebant:
1355 763 1445 846 quod

144 843 182 920 si,
209 839 323 902 eadem
349 859 447 906 uxore
477 833 610 925 nrortua,
633 847 797 914 secundus
811 851 866 915 ille
887 855 1023 921 maritus
1051 877 1186 926 uxorem
1207 864 1344 948 duceret,
1360 887 1445 934 uxor

142 949 223 1014 haec
238 960 397 1032 postremo
418 949 517 1014 ducta
545 953 635 1034 mihi,
658 957 803 1040 meisque
817 965 1066 1047 consanguineis
1087 969 1206 1036 adfinis
1221 984 1277 1054 est,
1299 977 1395 1058 quasi
1409 989 1444 1042 et

143 1063 204 1125 ista
221 1082 286 1126 una
307 1081 381 1124 caro
396 1061 482 1124 iacta
504 1083 567 1128 non
586 1076 712 1132 nutum
727 1089 803 1136 cum
825 1091 925 1138 uxore
939 1074 1044 1141 fratris
1059 1081 1134 1162 mei,
1153 1084 1208 1150 sed
1224 1097 1257 1150 at
1270 1107 1345 1152 curn
1361 1109 1442 1154 uxo·

142 1189 174 1234 re
189 1171 293 1234 fratris
310 1171 381 1251 mei,
396 1172 500 1236 sedet
514 1191 590 1238 cram
604 1173 699 1239 fratre
715 1196 795 1260 rne03
813 1175 909 1265 atqrre
924 1183 986 1248 lroc
1001 1189 1129 1254 tertium
1143 1193 1320 1261 adfinitatis
1335 1219 1442 1281 genus

140 1281 297 1363 dicebant,
313 1283 488 1346 constituta
500 1286 641 1367 generali
656 1288 767 1371 regula
776 1291 872 1375 juxta
894 1315 993 1378 quarn
1008 1301 1126 1382 copula
1139 1305 1277 1386 copulae
1290 1327 1440 1392 superve-

139 1393 233 1456 niens
255 1391 431 1456 adfinitatis
446 1413 562 1476 genera
578 1395 813 1480 multiplicaret.
857 1401 968 1484 Viguit
987 1405 1069 1470 haee
1083 1410 1372 1500 disciplinamque
1394 1420 1441 1486 ad

138 1503 310 1568 laudatum
333 1505 551 1568 Lateranense
561 1506 758 1592 Concilium,
774 1529 839 1592 quo
861 1512 995 1580 demum
1009 1531 1142 1584 cautum
1162 1522 1231 1604 fuit,
1248 1537 1283 1590 ut
1298 1535 1437 1612 renam,

136 1615 333 1696 servansque
353 1623 492 1696 quatuor
515 1613 693 1683 adfinitatis
718 1620 880 1701 gradibus,
901 1627 1176 1705 quemadmodum
1192 1645 1223 1696 et
1244 1643 1439 1724 consangui-

135 1723 251 1800 nitatis,
276 1741 380 1785 unum
411 1727 547 1802 tantum,
564 1722 596 1785 id
613 1733 669 1804 est,
692 1727 831 1812 primum
847 1751 950 1812 genus
966 1737 1142 1804 adfinitatis
1157 1749 1349 1828 retineretur,
1365 1769 1438 1816 cae·

133 1834 207 1896 teris
230 1831 408 1896 adfinitatis
430 1832 609 1913 generibus,
632 1832 953 1904 nimirum-secundo
979 1853 1009 1906 ct
1033 1852 1131 1926 tertio,
1154 1850 1321 1934 abrogatis,
1349 1855 1440 1920 dicto

131 1963 200 2026 cap.
216 1943 243 2008 8.
269 1943 308 2005 de
331 1943 554 2024 consanguin,
577 1953 611 2006 et
630 1943 739 2025 adfiu,
762 1947 848 2028 quod
879 1949 988 2016 adhuc
1010 1955 1107 2020 hodie
1136 1961 1231 2042 viget.
1275 1964 1313 2028 ln
1342 1985 1435 2030 cons-

132 2061 224 2128 peetu
258 2067 362 2110 novae
389 2047 617 2112 Lateranensis
645 2054 883 2120 constitutionis
912 2057 1068 2126 dubitatio
1090 2069 1218 2132 emersit
1246 2089 1311 2136 uon
1342 2073 1433 2156 levis,

128 2177 209 2224 num
231 2157 329 2221 hodie
342 2157 474 2220 vitricus
490 2177 624 2224 uxorem
639 2159 755 2226 ducere
770 2165 871 2245 possit
894 2185 975 2248 eam,
992 2189 1076 2252 quae
1091 2173 1152 2238 fuit
1167 2179 1334 2258 quondam
1350 2203 1435 2248 uxor

127 2266 275 2348 privigni,
291 2275 323 2327 et
336 2271 355 2328 e
369 2248 525 2328 converso
538 2284 677 2330 noverca
701 2269 869 2352 privignae
884 2271 961 2337 olim
977 2295 1056 2340 suae
1070 2281 1185 2344 marito
1205 2286 1335 2350 nubere.
1358 2289 1432 2360 uui

127 2374 290 2458 generalia
318 2373 546 2438 Lateranensis
569 2375 687 2438 decreti
710 2378 808 2442 verba
837 2392 1000 2464 sequatur,
1022 2385 1117 2449 facile
1145 2393 1324 2475 concludet,
1348 2398 1432 2462 nihil

126 2480 196 2544 istis
216 2481 372 2564 conjugiis
387 2481 508 2563 obesse3
532 2483 711 2548 cumcuim
726 2505 770 2550 ex
791 2487 912 2570 duplici
933 2492 1051 2573 copula
1072 2496 1220 2564 videatur
1234 2502 1267 2566 in
1290 2510 1432 2588 proposi·

125 2591 165 2652 tis
191 2591 358 2672 speciebus
382 2590 537 2672 proficissi
552 2589 714 2672 adfinitas,
737 2613 802 2658 non
830 2597 896 2660 alia
918 2599 1070 2668 adfinitas
1085 2625 1156 2669 esse
1178 2610 1311 2690 videtur,
1328 2635 1429 2696 quam

125 2699 258 2764 secundi
274 2700 407 2783 generis,
431 2702 562 2782 quaein
586 2701 732 2766 Concilio
754 2704 908 2788 abrogata
930 2706 998 2790 suit,
1019 2713 1066 2774 uti
1088 2715 1257 2780 adnotavit
1272 2721 1428 2788 Benedic

122 2821 175 2874 tus
191 2809 279 2874 XIV.
296 2810 329 2872 in
352 2807 420 2874 libr.
446 2809 475 2872 9.
499 2809 539 2871 de
553 2809 688 2892 synodo
714 2811 916 2878 Dioecesana
936 2836 1006 2901 cap.
1034 2819 1092 2900 13.,
1124 2825 1216 2906 cujus
1242 2827 1428 2908 opinionem

117 2921 186 3003 jam
201 2937 288 2982 anno
312 2917 403 2980 1721.
418 2935 530 2980 meuse
545 2916 661 2982 Martio
682 2939 776 2982 sacra
791 2922 1005 3006 congregatio
1024 2938 1136 2990 secuta
1151 2939 1200 2992 est
1214 2930 1247 2994 in
1264 2932 1429 3016 hujusmo

122 3025 155 3090 di
171 3025 305 3088 articulo
321 3025 490 3105 proposito,
514 3026 561 3087 uti
575 3025 692 3108 legitur
702 3028 793 3110 apud
815 3030 964 3114 Ursajam
979 3042 1053 3097 tom.
1076 3035 1210 3118 aparte
1232 3040 1261 3102 2.
1278 3040 1357 3105 disc.
1376 3045 1426 3110 19.

122 3153 153 3198 n.
178 3134 248 3197 186.
292 3133 363 3214 Ego
394 3149 469 3196 vero
504 3133 681 3214 marimum
711 3155 843 3214 vererer,
866 3141 962 3202 nimis
992 3145 1173 3222 generalem
1196 3147 1427 3218 Lateranensis

122 3243 257 3308 Garrcilii
286 3242 455 3306 setentiam
484 3243 583 3307 etiam
611 3243 654 3306 ad
682 3243 765 3310 duos
793 3246 866 3310 illos
895 3249 1075 3330 singulares
1103 3271 1200 3318 casus
1229 3261 1424 3344 extendere,

122 3373 180 3418 seu
195 3351 337 3431 definire,
361 3353 482 3433 species
496 3352 569 3414 illas
590 3353 772 3436 singulares
787 3355 820 3418 in
842 3355 955 3420 eodem
970 3358 1111 3440 generali
1131 3360 1257 3426 decreto
1282 3385 1425 3450 compre·

124 3461 231 3524 hendi.
276 3459 407 3524 Etenim
422 3457 532 3524 adhue
557 3460 795 3524 observandum
818 3472 874 3542 est,
897 3463 1132 3530 Lateranenses
1160 3468 1338 3554 Episcopus
1354 3487 1426 3540 tan·

123 3581 193 3632 turn
216 3568 255 3632 de
271 3589 308 3632 eo
331 3567 488 3632 sollicitus
509 3567 617 3647 fuisse,
634 3579 670 3632 ut
692 3568 763 3632 illos
785 3579 912 3634 tantum
926 3570 1087 3638 auferrent
1113 3579 1336 3660 conjugiorum
1358 3584 1427 3648 obi·

122 3698 185 3758 ces.
202 3678 257 3760 qui
280 3677 401 3760 passim
417 3678 622 3759 emergebant
636 3695 679 3740 ex
695 3677 791 3764 nimis
802 3732 806 3738 .
816 3679 882 3740 lata
908 3681 1165 3766 interpretatione
1188 3688 1331 3772 vulgaris
1347 3693 1428 3756 ada-

123 3789 165 3870 gii
181 3787 221 3850 de
247 3788 323 3866 viro,
346 3799 377 3850 et
392 3807 491 3850 uxore
506 3785 659 3868 concepti,
675 3795 772 3850 eruat
794 3789 858 3850 duo
880 3791 918 3853 r'n
931 3811 1120 3874 castrense,
1144 3807 1175 3858 et
1203 3799 1310 3878 qualis
1333 3802 1425 3865 inva-

123 3897 226 3962 luerat
237 3877 344 3960 media
354 3897 521 3961 Ecclesiae
541 3906 646 3960 aetate
667 3894 710 3957 ad
726 3895 950 3984 producendas
963 3901 1091 3984 regulas
1111 3903 1326 3986 adfinitatum,
1339 3910 1429 3991 plns-

121 4026 220 4088 quam
247 4027 305 4090 par
319 4017 411 4088 esset;
428 4025 534 4088 neque
548 4005 627 4068 satis
640 4010 774 4081 constat,
798 4025 840 4068 an
856 4019 1018 4090 praeterea
1032 4011 1190 4077 voluerint
1205 4015 1303 4080 iidem
1326 4017 1426 4102 Epis-

120 4115 192 4190 copi
207 4111 442 4178 Lateranenses
456 4113 553 4174 etiam
568 4110 693 4174 auferre
709 4112 834 4176 obicem
851 4115 1035 4196 nuptiarum
1050 4136 1195 4200 respectu
1210 4122 1346 4202 illarum,
1362 4129 1422 4208 qui

122 4237 225 4284 aruns
240 4229 270 4282 et
285 4221 391 4299 soceri,
418 4219 526 4301 generi
541 4230 573 4282 et
587 4238 705 4300 socrus,
721 4219 859 4302 dixerim
884 4224 983 4286 etiam
997 4237 1167 4308 pareutum
1192 4241 1223 4294 et
1249 4231 1422 4300 liberorum

121 4327 298 4410 quamdam
313 4328 467 4392 haberent
481 4329 629 4409 speciem,
643 4339 676 4391 et
689 4329 874 4416 imaginem,
896 4333 1003 4416 qualis
1017 4347 1066 4398 est
1080 4347 1138 4399 aut
1153 4338 1284 4404 vitricus
1298 4361 1422 4424 respec-

122 4453 158 4504 ru
182 4437 291 4502 risoris
316 4435 465 4520 privigni,
490 4447 546 4499 aut
569 4456 706 4502 noverca
731 4452 876 4523 respectu
901 4441 1006 4507 mariti
1032 4443 1207 4528 privignae3
1234 4449 1424 4528 praesertim
