<?xml version="1.0" encoding="UTF-8"?>
<!DOCTYPE html PUBLIC "-//W3C//DTD XHTML 1.0 Transitional//EN"
    "http://www.w3.org/TR/xhtml1/DTD/xhtml1-transitional.dtd">
<html xmlns="http://www.w3.org/1999/xhtml" xml:lang="en" lang="en">
 <head>
  <title>
</title>
<meta http-equiv="Content-Type" content="text/html;charset=utf-8" />
  <meta name='ocr-system' content='tesseract 3.04.00' />
  <meta name='ocr-capabilities' content='ocr_page ocr_carea ocr_par ocr_line ocrx_word'/>
</head>
<body>
  <div class='ocr_page' id='page_1' title='image "./carolisebastian00beragoog_0193.png"; bbox 0 0 3168 4982; ppageno 0'>
   <div class='ocr_carea' id='block_1_1' title="bbox 216 441 1172 530">
    <p class='ocr_par' dir='ltr' id='par_1_1' title="bbox 216 441 1172 530">
     <span class='ocr_line' id='line_1_1' title="bbox 216 441 1172 530; baseline 0.004 -22"><span class='ocrx_word' id='word_1_1' title='bbox 216 443 278 508; x_wconf 82' lang='lat'><strong>190</strong></span> <span class='ocrx_word' id='word_1_2' title='bbox 574 460 817 523; x_wconf 74' lang='lat' dir='ltr'><strong>nrssnnrsrro</strong></span> <span class='ocrx_word' id='word_1_3' title='bbox 838 463 995 530; x_wconf 77' lang='lat' dir='ltr'><strong>ausura,</strong></span> <span class='ocrx_word' id='word_1_4' title='bbox 1018 466 1095 514; x_wconf 80' lang='lat' dir='ltr'><strong>oss.</strong></span> <span class='ocrx_word' id='word_1_5' title='bbox 1108 441 1172 514; x_wconf 77' lang='lat' dir='ltr'><strong>lv.</strong></span> 
     </span>
    </p>
   </div>
   <div class='ocr_carea' id='block_1_2' title="bbox 203 583 1567 3720">
    <p class='ocr_par' dir='ltr' id='par_1_2' title="bbox 203 583 1567 3720">
     <span class='ocr_line' id='line_1_2' title="bbox 215 583 1518 672; baseline 0.004 -24"><span class='ocrx_word' id='word_1_6' title='bbox 215 583 450 667; x_wconf 87' lang='lat' dir='ltr'><strong>computandos</strong></span> <span class='ocrx_word' id='word_1_7' title='bbox 464 605 543 666; x_wconf 90' lang='lat' dir='ltr'><strong>esse,</strong></span> <span class='ocrx_word' id='word_1_8' title='bbox 559 585 612 649; x_wconf 87' lang='lat' dir='ltr'><strong>vel</strong></span> <span class='ocrx_word' id='word_1_9' title='bbox 627 587 803 654; x_wconf 85' lang='lat' dir='ltr'><strong>servandos</strong></span> <span class='ocrx_word' id='word_1_10' title='bbox 832 588 967 672; x_wconf 80' lang='lat' dir='ltr'><strong>gradusi</strong></span> <span class='ocrx_word' id='word_1_11' title='bbox 1010 591 1136 653; x_wconf 82' lang='lat' dir='ltr'><strong>Dicitur</strong></span> <span class='ocrx_word' id='word_1_12' title='bbox 1149 587 1290 671; x_wconf 88' lang='lat' dir='ltr'><strong>quidem,</strong></span> <span class='ocrx_word' id='word_1_13' title='bbox 1306 587 1387 652; x_wconf 89' lang='lat' dir='ltr'><strong>inter</strong></span> <span class='ocrx_word' id='word_1_14' title='bbox 1401 597 1518 668; x_wconf 79' lang='lat' dir='ltr'><strong>certas,</strong></span> 
     </span>
     <span class='ocr_line' id='line_1_3' title="bbox 213 692 1519 782; baseline 0.004 -24"><span class='ocrx_word' id='word_1_15' title='bbox 213 692 463 776; x_wconf 75' lang='lat' dir='ltr'><strong>designatasque</strong></span> <span class='ocrx_word' id='word_1_16' title='bbox 478 713 632 778; x_wconf 80' lang='lat' dir='ltr'><strong>personas</strong></span> <span class='ocrx_word' id='word_1_17' title='bbox 646 695 755 776; x_wconf 89' lang='lat' dir='ltr'><strong>locum</strong></span> <span class='ocrx_word' id='word_1_18' title='bbox 769 715 834 760; x_wconf 91' lang='lat' dir='ltr'><strong>non</strong></span> <span class='ocrx_word' id='word_1_19' title='bbox 849 717 919 760; x_wconf 87' lang='lat' dir='ltr'><strong>esse</strong></span> <span class='ocrx_word' id='word_1_20' title='bbox 929 697 1026 782; x_wconf 88' lang='lat' dir='ltr'><strong>justis</strong></span> <span class='ocrx_word' id='word_1_21' title='bbox 1041 699 1171 781; x_wconf 90' lang='lat' dir='ltr'><strong>nuptiis,</strong></span> <span class='ocrx_word' id='word_1_22' title='bbox 1187 698 1206 760; x_wconf 94' lang='lat' dir='ltr'><strong>l.</strong></span> <span class='ocrx_word' id='word_1_23' title='bbox 1224 699 1272 760; x_wconf 88' lang='grc'><strong>17.</strong></span> <span class='ocrx_word' id='word_1_24' title='bbox 1286 700 1308 764; x_wconf 81' lang='lat' dir='ltr'><strong>l.</strong></span> <span class='ocrx_word' id='word_1_25' title='bbox 1323 697 1363 776; x_wconf 78' lang='lat'><strong>2,</strong></span> <span class='ocrx_word' id='word_1_26' title='bbox 1380 697 1399 760; x_wconf 94' lang='lat' dir='ltr'><strong>l.</strong></span> <span class='ocrx_word' id='word_1_27' title='bbox 1415 697 1466 760; x_wconf 82' lang='lat'><strong>39.</strong></span> <span class='ocrx_word' id='word_1_28' title='bbox 1482 695 1519 763; x_wconf 84' lang='lat' dir='ltr'><strong>ff.</strong></span> 
     </span>
     <span class='ocr_line' id='line_1_4' title="bbox 213 801 1519 887; baseline 0.002 -21"><span class='ocrx_word' id='word_1_29' title='bbox 213 801 254 866; x_wconf 88' lang='lat' dir='ltr'><strong>de</strong></span> <span class='ocrx_word' id='word_1_30' title='bbox 280 803 343 868; x_wconf 87' lang='lat' dir='ltr'><strong>ritu</strong></span> <span class='ocrx_word' id='word_1_31' title='bbox 357 817 456 886; x_wconf 82' lang='lat' dir='ltr'><strong>nupt,</strong></span> <span class='ocrx_word' id='word_1_32' title='bbox 484 803 503 868; x_wconf 94' lang='lat' dir='ltr'><strong>l.</strong></span> <span class='ocrx_word' id='word_1_33' title='bbox 521 805 569 868; x_wconf 88' lang='grc'><strong>16.</strong></span> <span class='ocrx_word' id='word_1_34' title='bbox 585 805 656 868; x_wconf 91' lang='lat' dir='ltr'><strong>cod.</strong></span> <span class='ocrx_word' id='word_1_35' title='bbox 683 803 722 868; x_wconf 91' lang='lat' dir='ltr'><strong>de</strong></span> <span class='ocrx_word' id='word_1_36' title='bbox 737 815 838 887; x_wconf 84' lang='lat' dir='ltr'><strong>nupt,</strong></span> <span class='ocrx_word' id='word_1_37' title='bbox 864 805 905 868; x_wconf 92' lang='lat' dir='ltr'><strong>de</strong></span> <span class='ocrx_word' id='word_1_38' title='bbox 919 806 1072 887; x_wconf 85' lang='lat' dir='ltr'><strong>gradibus</strong></span> <span class='ocrx_word' id='word_1_39' title='bbox 1097 805 1201 870; x_wconf 89' lang='lat' dir='ltr'><strong>altum</strong></span> <span class='ocrx_word' id='word_1_40' title='bbox 1216 805 1335 887; x_wconf 90' lang='lat' dir='ltr'><strong>ubique</strong></span> <span class='ocrx_word' id='word_1_41' title='bbox 1347 801 1519 868; x_wconf 86' lang='lat' dir='ltr'><strong>&#39;silentium</strong></span> 
     </span>
     <span class='ocr_line' id='line_1_5' title="bbox 213 911 1522 996; baseline 0.003 -22"><span class='ocrx_word' id='word_1_42' title='bbox 213 911 399 976; x_wconf 79' lang='lat' dir='ltr'><strong>custoditur.</strong></span> <span class='ocrx_word' id='word_1_43' title='bbox 424 911 598 994; x_wconf 75' lang='lat' dir='ltr'><strong>Quidquid</strong></span> <span class='ocrx_word' id='word_1_44' title='bbox 613 911 816 975; x_wconf 82' lang='lat' dir='ltr'><strong>Modestinus</strong></span> <span class='ocrx_word' id='word_1_45' title='bbox 831 913 864 976; x_wconf 88' lang='lat' dir='ltr'><strong>iu</strong></span> <span class='ocrx_word' id='word_1_46' title='bbox 880 911 900 975; x_wconf 96' lang='lat' dir='ltr'><strong>l.</strong></span> <span class='ocrx_word' id='word_1_47' title='bbox 915 913 945 976; x_wconf 85' lang='grc'><strong>4.</strong></span> <span class='ocrx_word' id='word_1_48' title='bbox 963 915 985 979; x_wconf 82' lang='grc'><strong>1.</strong></span> <span class='ocrx_word' id='word_1_49' title='bbox 1001 915 1030 976; x_wconf 83' lang='lat'><strong>5.</strong></span> <span class='ocrx_word' id='word_1_50' title='bbox 1045 912 1078 976; x_wconf 85' lang='lat' dir='ltr'><strong>ff.</strong></span> <span class='ocrx_word' id='word_1_51' title='bbox 1093 913 1134 976; x_wconf 91' lang='lat' dir='ltr'><strong>de</strong></span> <span class='ocrx_word' id='word_1_52' title='bbox 1145 913 1243 996; x_wconf 82' lang='lat' dir='ltr'><strong>grad,</strong></span> <span class='ocrx_word' id='word_1_53' title='bbox 1259 925 1291 978; x_wconf 91' lang='lat' dir='ltr'><strong>et</strong></span> <span class='ocrx_word' id='word_1_54' title='bbox 1305 913 1405 978; x_wconf 85' lang='lat' dir='ltr'><strong>adlin.</strong></span> <span class='ocrx_word' id='word_1_55' title='bbox 1421 914 1522 996; x_wconf 87' lang='lat' dir='ltr'><strong>scrip-</strong></span> 
     </span>
     <span class='ocr_line' id='line_1_6' title="bbox 212 1016 1521 1102; baseline 0.005 -22"><span class='ocrx_word' id='word_1_56' title='bbox 212 1016 262 1095; x_wconf 82' lang='lat' dir='ltr'><strong>sit,</strong></span> <span class='ocrx_word' id='word_1_57' title='bbox 275 1019 392 1100; x_wconf 80' lang='lat' dir='ltr'><strong>gradu</strong></span> <span class='ocrx_word' id='word_1_58' title='bbox 406 1017 576 1102; x_wconf 65' lang='lat' dir='ltr'><strong>odfindtm</strong></span> <span class='ocrx_word' id='word_1_59' title='bbox 595 1019 706 1084; x_wconf 82' lang='lat' dir='ltr'><strong>nullos</strong></span> <span class='ocrx_word' id='word_1_60' title='bbox 720 1041 797 1100; x_wconf 81' lang='lat' dir='ltr'><strong>ease,</strong></span> <span class='ocrx_word' id='word_1_61' title='bbox 813 1019 945 1101; x_wconf 88' lang='lat' dir='ltr'><strong>qnando</strong></span> <span class='ocrx_word' id='word_1_62' title='bbox 969 1031 1078 1084; x_wconf 87' lang='lat' dir='ltr'><strong>tamen</strong></span> <span class='ocrx_word' id='word_1_63' title='bbox 1092 1031 1215 1086; x_wconf 89' lang='lat' dir='ltr'><strong>certum</strong></span> <span class='ocrx_word' id='word_1_64' title='bbox 1229 1031 1305 1102; x_wconf 78' lang='lat' dir='ltr'><strong>erat,</strong></span> <span class='ocrx_word' id='word_1_65' title='bbox 1320 1023 1418 1086; x_wconf 88' lang='lat' dir='ltr'><strong>etiam</strong></span> <span class='ocrx_word' id='word_1_66' title='bbox 1433 1024 1521 1087; x_wconf 88' lang='lat' dir='ltr'><strong>inter</strong></span> 
     </span>
     <span class='ocr_line' id='line_1_7' title="bbox 213 1125 1521 1211; baseline 0.003 -21"><span class='ocrx_word' id='word_1_67' title='bbox 213 1139 325 1207; x_wconf 85' lang='lat' dir='ltr'><strong>cattas,</strong></span> <span class='ocrx_word' id='word_1_68' title='bbox 352 1125 601 1211; x_wconf 80' lang='lat' dir='ltr'><strong>designatosque</strong></span> <span class='ocrx_word' id='word_1_69' title='bbox 617 1144 771 1208; x_wconf 77' lang='lat' dir='ltr'><strong>personas</strong></span> <span class='ocrx_word' id='word_1_70' title='bbox 794 1125 954 1192; x_wconf 82' lang='lat' dir='ltr'><strong>adfinium</strong></span> <span class='ocrx_word' id='word_1_71' title='bbox 969 1128 1100 1210; x_wconf 79' lang='lat' dir='ltr'><strong>nuptias</strong></span> <span class='ocrx_word' id='word_1_72' title='bbox 1124 1127 1293 1211; x_wconf 86' lang='lat' dir='ltr'><strong>prohiberi;</strong></span> <span class='ocrx_word' id='word_1_73' title='bbox 1309 1127 1372 1192; x_wconf 87' lang='lat' dir='ltr'><strong>nisi</strong></span> <span class='ocrx_word' id='word_1_74' title='bbox 1386 1127 1521 1194; x_wconf 82' lang='lat' dir='ltr'><strong>conctu-</strong></span> 
     </span>
     <span class='ocr_line' id='line_1_8' title="bbox 211 1235 1520 1322; baseline -0.002 -18"><span class='ocrx_word' id='word_1_75' title='bbox 211 1237 339 1318; x_wconf 88' lang='lat' dir='ltr'><strong>danrus,</strong></span> <span class='ocrx_word' id='word_1_76' title='bbox 355 1237 482 1304; x_wconf 86' lang='lat' dir='ltr'><strong>nullam</strong></span> <span class='ocrx_word' id='word_1_77' title='bbox 496 1237 530 1302; x_wconf 92' lang='lat' dir='ltr'><strong>in</strong></span> <span class='ocrx_word' id='word_1_78' title='bbox 544 1237 649 1321; x_wconf 85' lang='lat' dir='ltr'><strong>specie</strong></span> <span class='ocrx_word' id='word_1_79' title='bbox 664 1239 852 1321; x_wconf 77' lang='lat' dir='ltr'><strong>nuptiarum</strong></span> <span class='ocrx_word' id='word_1_80' title='bbox 877 1237 998 1304; x_wconf 83' lang='lat' dir='ltr'><strong>factam</strong></span> <span class='ocrx_word' id='word_1_81' title='bbox 1012 1237 1112 1304; x_wconf 88' lang='lat' dir='ltr'><strong>fuisse</strong></span> <span class='ocrx_word' id='word_1_82' title='bbox 1127 1235 1291 1322; x_wconf 78' lang='lat' dir='ltr'><strong>graduum</strong></span> <span class='ocrx_word' id='word_1_83' title='bbox 1305 1237 1520 1322; x_wconf 84' lang='lat' dir='ltr'><strong>computatio-</strong></span> 
     </span>
     <span class='ocr_line' id='line_1_9' title="bbox 210 1347 1520 1432; baseline 0 -18"><span class='ocrx_word' id='word_1_84' title='bbox 210 1349 302 1414; x_wconf 79' lang='lat' dir='ltr'><strong>nemi</strong></span> <span class='ocrx_word' id='word_1_85' title='bbox 345 1349 441 1414; x_wconf 81' lang='lat' dir='ltr'><strong>Forte</strong></span> <span class='ocrx_word' id='word_1_86' title='bbox 465 1367 608 1432; x_wconf 87' lang='lat' dir='ltr'><strong>oppones</strong></span> <span class='ocrx_word' id='word_1_87' title='bbox 622 1349 846 1414; x_wconf 85' lang='lat' dir='ltr'><strong>Justinianntn</strong></span> <span class='ocrx_word' id='word_1_88' title='bbox 870 1349 905 1414; x_wconf 90' lang='lat' dir='ltr'><strong>iu</strong></span> <span class='ocrx_word' id='word_1_89' title='bbox 921 1353 942 1418; x_wconf 87' lang='lat' dir='ltr'><strong>l.</strong></span> <span class='ocrx_word' id='word_1_90' title='bbox 958 1349 988 1414; x_wconf 84' lang='lat'><strong>3.</strong></span> <span class='ocrx_word' id='word_1_91' title='bbox 1004 1349 1102 1414; x_wconf 81' lang='lat' dir='ltr'><strong>instit.</strong></span> <span class='ocrx_word' id='word_1_92' title='bbox 1126 1347 1168 1414; x_wconf 90' lang='lat' dir='ltr'><strong>de</strong></span> <span class='ocrx_word' id='word_1_93' title='bbox 1181 1359 1281 1432; x_wconf 83' lang='lat' dir='ltr'><strong>nupt,</strong></span> <span class='ocrx_word' id='word_1_94' title='bbox 1300 1347 1357 1414; x_wconf 88' lang='lat' dir='ltr'><strong>nbi</strong></span> <span class='ocrx_word' id='word_1_95' title='bbox 1370 1348 1520 1430; x_wconf 86' lang='lat' dir='ltr'><strong>traditur,</strong></span> 
     </span>
     <span class='ocr_line' id='line_1_10' title="bbox 210 1453 1520 1544; baseline 0.003 -24"><span class='ocrx_word' id='word_1_96' title='bbox 210 1454 323 1536; x_wconf 81' lang='lat' dir='ltr'><strong>fratris,</strong></span> <span class='ocrx_word' id='word_1_97' title='bbox 340 1455 391 1518; x_wconf 86' lang='lat' dir='ltr'><strong>vel</strong></span> <span class='ocrx_word' id='word_1_98' title='bbox 406 1457 521 1518; x_wconf 90' lang='lat' dir='ltr'><strong>sororis</strong></span> <span class='ocrx_word' id='word_1_99' title='bbox 536 1465 665 1540; x_wconf 90' lang='lat' dir='ltr'><strong>neptem</strong></span> <span class='ocrx_word' id='word_1_100' title='bbox 688 1475 825 1522; x_wconf 87' lang='lat' dir='ltr'><strong>uxorem</strong></span> <span class='ocrx_word' id='word_1_101' title='bbox 839 1453 916 1520; x_wconf 86' lang='lat' dir='ltr'><strong>duci</strong></span> <span class='ocrx_word' id='word_1_102' title='bbox 930 1477 996 1522; x_wconf 89' lang='lat' dir='ltr'><strong>non</strong></span> <span class='ocrx_word' id='word_1_103' title='bbox 1016 1477 1118 1540; x_wconf 88' lang='lat' dir='ltr'><strong>posse,</strong></span> <span class='ocrx_word' id='word_1_104' title='bbox 1134 1459 1288 1544; x_wconf 81' lang='lat' dir='ltr'><strong>quamuis</strong></span> <span class='ocrx_word' id='word_1_105' title='bbox 1302 1467 1421 1544; x_wconf 81' lang='lat' dir='ltr'><strong>quarto</strong></span> <span class='ocrx_word' id='word_1_106' title='bbox 1431 1477 1520 1541; x_wconf 78' lang='lat' dir='ltr'><strong>grc-</strong></span> 
     </span>
     <span class='ocr_line' id='line_1_11' title="bbox 203 1545 1519 1650; baseline 0.001 -21"><span class='ocrx_word' id='word_1_107' title='bbox 203 1545 259 1630; x_wconf 64' lang='grc' dir='ltr'><strong>ἀα</strong></span> <span class='ocrx_word' id='word_1_108' title='bbox 272 1567 327 1644; x_wconf 64' lang='lat' dir='ltr'><strong>su,</strong></span> <span class='ocrx_word' id='word_1_109' title='bbox 342 1564 395 1628; x_wconf 76' lang='lat' dir='ltr'><strong>eu</strong></span> <span class='ocrx_word' id='word_1_110' title='bbox 410 1563 524 1628; x_wconf 71' lang='lat' dir='ltr'><strong>simtu</strong></span> <span class='ocrx_word' id='word_1_111' title='bbox 537 1563 678 1630; x_wconf 73' lang='lat' dir='ltr'><strong>romula</strong></span> <span class='ocrx_word' id='word_1_112' title='bbox 691 1565 806 1650; x_wconf 74' lang='lat' dir='ltr'><strong>legitur</strong></span> <span class='ocrx_word' id='word_1_113' title='bbox 835 1567 869 1630; x_wconf 77' lang='lat' dir='ltr'><strong>ru</strong></span> <span class='ocrx_word' id='word_1_114' title='bbox 884 1565 905 1629; x_wconf 87' lang='lat' dir='ltr'><strong>t.</strong></span> <span class='ocrx_word' id='word_1_115' title='bbox 922 1566 970 1631; x_wconf 79' lang='lat'><strong>1⁷.</strong></span> <span class='ocrx_word' id='word_1_116' title='bbox 988 1569 1010 1635; x_wconf 85' lang='lat' dir='ltr'><strong>t.</strong></span> <span class='ocrx_word' id='word_1_117' title='bbox 1025 1566 1055 1630; x_wconf 84' lang='lat' dir='ltr'><strong>a.</strong></span> <span class='ocrx_word' id='word_1_118' title='bbox 1070 1563 1104 1630; x_wconf 84' lang='lat' dir='ltr'><strong>u.</strong></span> <span class='ocrx_word' id='word_1_119' title='bbox 1119 1565 1160 1630; x_wconf 71' lang='lat' dir='ltr'><strong>aa</strong></span> <span class='ocrx_word' id='word_1_120' title='bbox 1174 1566 1236 1630; x_wconf 77' lang='lat' dir='ltr'><strong>utu</strong></span> <span class='ocrx_word' id='word_1_121' title='bbox 1250 1577 1350 1650; x_wconf 75' lang='lat' dir='ltr'><strong>nupt,</strong></span> <span class='ocrx_word' id='word_1_122' title='bbox 1367 1565 1423 1629; x_wconf 83' lang='lat' dir='ltr'><strong>uu</strong></span> <span class='ocrx_word' id='word_1_123' title='bbox 1439 1565 1519 1648; x_wconf 75' lang='lat' dir='ltr'><strong>tegi-</strong></span> 
     </span>
     <span class='ocr_line' id='line_1_12' title="bbox 210 1671 1521 1761; baseline 0.001 -23"><span class='ocrx_word' id='word_1_124' title='bbox 210 1683 271 1754; x_wconf 89' lang='lat' dir='ltr'><strong>tur,</strong></span> <span class='ocrx_word' id='word_1_125' title='bbox 287 1691 352 1737; x_wconf 90' lang='lat' dir='ltr'><strong>non</strong></span> <span class='ocrx_word' id='word_1_126' title='bbox 377 1691 471 1756; x_wconf 86' lang='lat' dir='ltr'><strong>posse</strong></span> <span class='ocrx_word' id='word_1_127' title='bbox 486 1691 622 1740; x_wconf 83' lang='lat' dir='ltr'><strong>uxorem</strong></span> <span class='ocrx_word' id='word_1_128' title='bbox 644 1671 722 1738; x_wconf 90' lang='lat' dir='ltr'><strong>duci</strong></span> <span class='ocrx_word' id='word_1_129' title='bbox 737 1691 892 1757; x_wconf 80' lang='lat' dir='ltr'><strong>magnam</strong></span> <span class='ocrx_word' id='word_1_130' title='bbox 917 1675 1059 1754; x_wconf 87' lang='lat' dir='ltr'><strong>amitam,</strong></span> <span class='ocrx_word' id='word_1_131' title='bbox 1075 1685 1107 1738; x_wconf 90' lang='lat' dir='ltr'><strong>et</strong></span> <span class='ocrx_word' id='word_1_132' title='bbox 1131 1683 1344 1754; x_wconf 75' lang='lat' dir='ltr'><strong>materteram,</strong></span> <span class='ocrx_word' id='word_1_133' title='bbox 1360 1676 1521 1761; x_wconf 70' lang='lat' dir='ltr'><strong>quantula</strong></span> 
     </span>
     <span class='ocr_line' id='line_1_13' title="bbox 212 1781 1519 1870; baseline 0.002 -23"><span class='ocrx_word' id='word_1_134' title='bbox 212 1791 330 1870; x_wconf 79' lang='lat' dir='ltr'><strong>quarto</strong></span> <span class='ocrx_word' id='word_1_135' title='bbox 341 1781 459 1866; x_wconf 76' lang='lat' dir='ltr'><strong>gradu</strong></span> <span class='ocrx_word' id='word_1_136' title='bbox 472 1783 550 1847; x_wconf 74' lang='lat' dir='ltr'><strong>aim.</strong></span> <span class='ocrx_word' id='word_1_137' title='bbox 593 1783 630 1848; x_wconf 84' lang='lat' dir='ltr'><strong>si</strong></span> <span class='ocrx_word' id='word_1_138' title='bbox 643 1781 764 1846; x_wconf 82' lang='lat' dir='ltr'><strong>exinde</strong></span> <span class='ocrx_word' id='word_1_139' title='bbox 778 1781 929 1863; x_wconf 78' lang='lat' dir='ltr'><strong>deducas,</strong></span> <span class='ocrx_word' id='word_1_140' title='bbox 946 1782 997 1845; x_wconf 84' lang='lat' dir='ltr'><strong>vel</strong></span> <span class='ocrx_word' id='word_1_141' title='bbox 1023 1781 1152 1866; x_wconf 86' lang='lat' dir='ltr'><strong>Gajum,</strong></span> <span class='ocrx_word' id='word_1_142' title='bbox 1168 1781 1220 1846; x_wconf 84' lang='lat' dir='ltr'><strong>vel</strong></span> <span class='ocrx_word' id='word_1_143' title='bbox 1234 1783 1254 1848; x_wconf 89' lang='lat' dir='ltr'>J</span> <span class='ocrx_word' id='word_1_144' title='bbox 1256 1783 1458 1848; x_wconf 88' lang='lat' dir='ltr'><strong>us&#39;tiniauum</strong></span> <span class='ocrx_word' id='word_1_145' title='bbox 1472 1782 1519 1848; x_wconf 86' lang='lat' dir='ltr'><strong>de</strong></span> 
     </span>
     <span class='ocr_line' id='line_1_14' title="bbox 209 1891 1519 1978; baseline 0 -20"><span class='ocrx_word' id='word_1_146' title='bbox 209 1893 372 1978; x_wconf 81' lang='lat' dir='ltr'><strong>graduum</strong></span> <span class='ocrx_word' id='word_1_147' title='bbox 388 1894 628 1977; x_wconf 82' lang='lat' dir='ltr'><strong>computatione</strong></span> <span class='ocrx_word' id='word_1_148' title='bbox 642 1893 796 1958; x_wconf 90' lang='lat' dir='ltr'><strong>sollicitos</strong></span> <span class='ocrx_word' id='word_1_149' title='bbox 810 1893 920 1973; x_wconf 85' lang='lat' dir='ltr'><strong>fuisse,</strong></span> <span class='ocrx_word' id='word_1_150' title='bbox 947 1892 1004 1956; x_wconf 91' lang='lat' dir='ltr'><strong>ubi</strong></span> <span class='ocrx_word' id='word_1_151' title='bbox 1018 1891 1058 1956; x_wconf 89' lang='lat' dir='ltr'><strong>de</strong></span> <span class='ocrx_word' id='word_1_152' title='bbox 1067 1891 1165 1978; x_wconf 89' lang='lat' dir='ltr'><strong>justis</strong></span> <span class='ocrx_word' id='word_1_153' title='bbox 1180 1893 1302 1976; x_wconf 90' lang='lat' dir='ltr'><strong>nuptiis</strong></span> <span class='ocrx_word' id='word_1_154' title='bbox 1316 1905 1519 1976; x_wconf 79' lang='lat' dir='ltr'><strong>quaererent,</strong></span> 
     </span>
     <span class='ocr_line' id='line_1_15' title="bbox 210 2002 1521 2089; baseline -0.001 -19"><span class='ocrx_word' id='word_1_155' title='bbox 210 2025 271 2089; x_wconf 81' lang='lat' dir='ltr'><strong>ego</strong></span> <span class='ocrx_word' id='word_1_156' title='bbox 286 2007 392 2089; x_wconf 85' lang='lat' dir='ltr'><strong>potius</strong></span> <span class='ocrx_word' id='word_1_157' title='bbox 406 2003 532 2070; x_wconf 89' lang='lat' dir='ltr'><strong>deduco</strong></span> <span class='ocrx_word' id='word_1_158' title='bbox 546 2005 751 2070; x_wconf 87' lang='lat' dir='ltr'><strong>contrarium.</strong></span> <span class='ocrx_word' id='word_1_159' title='bbox 794 2003 830 2070; x_wconf 81' lang='lat' dir='ltr'><strong>si</strong></span> <span class='ocrx_word' id='word_1_160' title='bbox 845 2003 933 2070; x_wconf 89' lang='lat' dir='ltr'><strong>euim</strong></span> <span class='ocrx_word' id='word_1_161' title='bbox 955 2003 1037 2068; x_wconf 86' lang='lat' dir='ltr'><strong>iuter</strong></span> <span class='ocrx_word' id='word_1_162' title='bbox 1050 2002 1193 2084; x_wconf 84' lang='lat' dir='ltr'><strong>fratrum,</strong></span> <span class='ocrx_word' id='word_1_163' title='bbox 1210 2023 1418 2086; x_wconf 86' lang='lat' dir='ltr'><strong>sororumque</strong></span> <span class='ocrx_word' id='word_1_164' title='bbox 1429 2003 1521 2070; x_wconf 85' lang='lat' dir='ltr'><strong>filios</strong></span> 
     </span>
     <span class='ocr_line' id='line_1_16' title="bbox 204 2113 1520 2200; baseline 0.002 -20"><span class='ocrx_word' id='word_1_165' title='bbox 204 2117 286 2181; x_wconf 89' lang='lat' dir='ltr'><strong>olim</strong></span> <span class='ocrx_word' id='word_1_166' title='bbox 301 2115 505 2180; x_wconf 89' lang='lat' dir='ltr'><strong>matrimonia</strong></span> <span class='ocrx_word' id='word_1_167' title='bbox 521 2116 791 2200; x_wconf 81' lang='lat' dir='ltr'><strong>permittebantur,</strong></span> <span class='ocrx_word' id='word_1_168' title='bbox 806 2113 889 2179; x_wconf 77' lang='lat' dir='ltr'><strong>tuso</strong></span> <span class='ocrx_word' id='word_1_169' title='bbox 904 2113 967 2178; x_wconf 90' lang='lat' dir='ltr'><strong>dici</strong></span> <span class='ocrx_word' id='word_1_170' title='bbox 982 2113 1146 2198; x_wconf 88' lang='lat' dir='ltr'><strong>potuisset,</strong></span> <span class='ocrx_word' id='word_1_171' title='bbox 1161 2113 1392 2198; x_wconf 87' lang='lat' dir='ltr'><strong>impedimenta</strong></span> <span class='ocrx_word' id='word_1_172' title='bbox 1406 2117 1520 2200; x_wconf 82' lang='lat' dir='ltr'><strong>conju·</strong></span> 
     </span>
     <span class='ocr_line' id='line_1_17' title="bbox 211 2221 1520 2309; baseline 0.002 -21"><span class='ocrx_word' id='word_1_173' title='bbox 211 2225 337 2309; x_wconf 76' lang='lat' dir='ltr'><strong>giorum</strong></span> <span class='ocrx_word' id='word_1_174' title='bbox 352 2224 386 2288; x_wconf 91' lang='lat' dir='ltr'><strong>in</strong></span> <span class='ocrx_word' id='word_1_175' title='bbox 409 2234 523 2306; x_wconf 84' lang='lat' dir='ltr'><strong>quarto</strong></span> <span class='ocrx_word' id='word_1_176' title='bbox 538 2223 641 2308; x_wconf 86' lang='lat' dir='ltr'><strong>gradu</strong></span> <span class='ocrx_word' id='word_1_177' title='bbox 666 2221 766 2288; x_wconf 86' lang='lat' dir='ltr'><strong>fuisse</strong></span> <span class='ocrx_word' id='word_1_178' title='bbox 781 2223 894 2308; x_wconf 86' lang='lat' dir='ltr'><strong>posita;</strong></span> <span class='ocrx_word' id='word_1_179' title='bbox 921 2223 950 2286; x_wconf 89' lang='lat' dir='ltr'><strong>si</strong></span> <span class='ocrx_word' id='word_1_180' title='bbox 966 2241 1042 2286; x_wconf 88' lang='lat' dir='ltr'><strong>vero</strong></span> <span class='ocrx_word' id='word_1_181' title='bbox 1066 2223 1295 2306; x_wconf 81' lang='lat' dir='ltr'><strong>prohibeantur</strong></span> <span class='ocrx_word' id='word_1_182' title='bbox 1308 2224 1520 2290; x_wconf 82' lang='lat' dir='ltr'><strong>matrimonia</strong></span> 
     </span>
     <span class='ocr_line' id='line_1_18' title="bbox 206 2331 1520 2416; baseline 0 -20"><span class='ocrx_word' id='word_1_183' title='bbox 206 2351 284 2396; x_wconf 90' lang='lat' dir='ltr'><strong>curn</strong></span> <span class='ocrx_word' id='word_1_184' title='bbox 298 2343 392 2416; x_wconf 89' lang='lat' dir='ltr'><strong>nepte</strong></span> <span class='ocrx_word' id='word_1_185' title='bbox 405 2331 519 2411; x_wconf 82' lang='lat' dir='ltr'><strong>fratris,</strong></span> <span class='ocrx_word' id='word_1_186' title='bbox 543 2341 576 2396; x_wconf 89' lang='lat' dir='ltr'><strong>et</strong></span> <span class='ocrx_word' id='word_1_187' title='bbox 590 2333 714 2412; x_wconf 88' lang='lat' dir='ltr'><strong>sororis,</strong></span> <span class='ocrx_word' id='word_1_188' title='bbox 729 2332 782 2396; x_wconf 86' lang='lat' dir='ltr'><strong>vel</strong></span> <span class='ocrx_word' id='word_1_189' title='bbox 807 2351 884 2396; x_wconf 91' lang='lat' dir='ltr'><strong>cum</strong></span> <span class='ocrx_word' id='word_1_190' title='bbox 899 2348 1020 2414; x_wconf 79' lang='lat' dir='ltr'><strong>magna</strong></span> <span class='ocrx_word' id='word_1_191' title='bbox 1035 2332 1143 2412; x_wconf 82' lang='lat' dir='ltr'><strong>amita,</strong></span> <span class='ocrx_word' id='word_1_192' title='bbox 1164 2341 1414 2416; x_wconf 81' lang='lat' dir='ltr'><strong>autmatertera,</strong></span> <span class='ocrx_word' id='word_1_193' title='bbox 1429 2331 1520 2396; x_wconf 84' lang='lat' dir='ltr'><strong>falso</strong></span> 
     </span>
     <span class='ocr_line' id='line_1_19' title="bbox 208 2425 1520 2526; baseline 0.002 -22"><span class='ocrx_word' id='word_1_194' title='bbox 208 2439 273 2504; x_wconf 89' lang='lat' dir='ltr'><strong>dici</strong></span> <span class='ocrx_word' id='word_1_195' title='bbox 288 2442 449 2524; x_wconf 88' lang='lat' dir='ltr'><strong>potuisset,</strong></span> <span class='ocrx_word' id='word_1_196' title='bbox 476 2440 569 2505; x_wconf 89' lang='lat' dir='ltr'><strong>nulla</strong></span> <span class='ocrx_word' id='word_1_197' title='bbox 583 2439 684 2504; x_wconf 84' lang='lat' dir='ltr'><strong>fuisse</strong></span> <span class='ocrx_word' id='word_1_198' title='bbox 711 2441 745 2504; x_wconf 92' lang='lat' dir='ltr'><strong>in</strong></span> <span class='ocrx_word' id='word_1_199' title='bbox 760 2453 874 2522; x_wconf 86' lang='lat' dir='ltr'><strong>quarto</strong></span> <span class='ocrx_word' id='word_1_200' title='bbox 900 2439 1002 2523; x_wconf 80' lang='lat' dir='ltr'><strong>gradu</strong></span> <span class='ocrx_word' id='word_1_201' title='bbox 1018 2442 1122 2524; x_wconf 88' lang='lat' dir='ltr'><strong>posita</strong></span> <span class='ocrx_word' id='word_1_202' title='bbox 1144 2425 1367 2526; x_wconf 80' lang='lat' dir='ltr'><strong>conjugiorum</strong></span> <span class='ocrx_word' id='word_1_203' title='bbox 1382 2441 1520 2525; x_wconf 85' lang='lat' dir='ltr'><strong>impedi·</strong></span> 
     </span>
     <span class='ocr_line' id='line_1_20' title="bbox 207 2551 1520 2636; baseline 0.004 -20"><span class='ocrx_word' id='word_1_204' title='bbox 207 2563 326 2618; x_wconf 87' lang='lat' dir='ltr'><strong>menta.</strong></span> <span class='ocrx_word' id='word_1_205' title='bbox 369 2551 457 2636; x_wconf 82' lang='lat' dir='ltr'><strong>Erga</strong></span> <span class='ocrx_word' id='word_1_206' title='bbox 471 2551 631 2635; x_wconf 85' lang='lat' dir='ltr'><strong>colligitur</strong></span> <span class='ocrx_word' id='word_1_207' title='bbox 657 2551 831 2635; x_wconf 72' lang='lat' dir='ltr'><strong>perspicua</strong></span> <span class='ocrx_word' id='word_1_208' title='bbox 843 2552 897 2636; x_wconf 87' lang='lat' dir='ltr'><strong>jus</strong></span> <span class='ocrx_word' id='word_1_209' title='bbox 922 2551 1016 2615; x_wconf 82' lang='lat' dir='ltr'><strong>civile</strong></span> <span class='ocrx_word' id='word_1_210' title='bbox 1032 2567 1136 2634; x_wconf 89' lang='lat' dir='ltr'><strong>neque</strong></span> <span class='ocrx_word' id='word_1_211' title='bbox 1151 2551 1194 2616; x_wconf 90' lang='lat' dir='ltr'><strong>ad</strong></span> <span class='ocrx_word' id='word_1_212' title='bbox 1208 2561 1360 2636; x_wconf 91' lang='lat' dir='ltr'><strong>quartum</strong></span> <span class='ocrx_word' id='word_1_213' title='bbox 1374 2554 1520 2636; x_wconf 80' lang='lat' dir='ltr'><strong>gradum</strong></span> 
     </span>
     <span class='ocr_line' id='line_1_21' title="bbox 207 2649 1519 2748; baseline -0.002 -20"><span class='ocrx_word' id='word_1_214' title='bbox 207 2665 395 2748; x_wconf 82' lang='lat' dir='ltr'><strong>porrexisse,</strong></span> <span class='ocrx_word' id='word_1_215' title='bbox 412 2681 516 2745; x_wconf 88' lang='lat' dir='ltr'><strong>neque</strong></span> <span class='ocrx_word' id='word_1_216' title='bbox 532 2663 615 2727; x_wconf 86' lang='lat' dir='ltr'><strong>intra</strong></span> <span class='ocrx_word' id='word_1_217' title='bbox 630 2661 760 2725; x_wconf 86' lang='lat' dir='ltr'><strong>tertium</strong></span> <span class='ocrx_word' id='word_1_218' title='bbox 774 2660 912 2744; x_wconf 82' lang='lat' dir='ltr'><strong>gradum</strong></span> <span class='ocrx_word' id='word_1_219' title='bbox 942 2661 1166 2744; x_wconf 84' lang='lat' dir='ltr'><strong>perstrinxisse</strong></span> <span class='ocrx_word' id='word_1_220' title='bbox 1179 2651 1418 2745; x_wconf 81' lang='lat' dir='ltr'><strong>impedimenta,</strong></span> <span class='ocrx_word' id='word_1_221' title='bbox 1434 2649 1519 2744; x_wconf 64' lang='lat' dir='ltr'><strong>quass</strong></span> 
     </span>
     <span class='ocr_line' id='line_1_22' title="bbox 205 2748 1517 2853; baseline 0 -19"><span class='ocrx_word' id='word_1_222' title='bbox 205 2770 236 2834; x_wconf 85' lang='lat' dir='ltr'><strong>ai</strong></span> <span class='ocrx_word' id='word_1_223' title='bbox 250 2769 342 2834; x_wconf 89' lang='lat' dir='ltr'><strong>nulla</strong></span> <span class='ocrx_word' id='word_1_224' title='bbox 363 2769 524 2853; x_wconf 84' lang='lat' dir='ltr'><strong>graduum</strong></span> <span class='ocrx_word' id='word_1_225' title='bbox 540 2770 620 2834; x_wconf 87' lang='lat' dir='ltr'><strong>ratio</strong></span> <span class='ocrx_word' id='word_1_226' title='bbox 634 2767 786 2833; x_wconf 89' lang='lat' dir='ltr'><strong>habenda</strong></span> <span class='ocrx_word' id='word_1_227' title='bbox 815 2763 903 2832; x_wconf 83' lang='lat' dir='ltr'><strong>foret.</strong></span> <span class='ocrx_word' id='word_1_228' title='bbox 947 2769 1113 2833; x_wconf 84' lang='lat' dir='ltr'><strong>Dixemnt</strong></span> <span class='ocrx_word' id='word_1_229' title='bbox 1126 2769 1236 2852; x_wconf 84' lang='lat' dir='ltr'><strong>Gajus,</strong></span> <span class='ocrx_word' id='word_1_230' title='bbox 1252 2780 1284 2832; x_wconf 93' lang='lat' dir='ltr'><strong>et</strong></span> <span class='ocrx_word' id='word_1_231' title='bbox 1298 2748 1517 2852; x_wconf 67' lang='lat' dir='ltr'><strong>justinianus,</strong></span> 
     </span>
     <span class='ocr_line' id='line_1_23' title="bbox 207 2877 1518 2964; baseline 0.002 -22"><span class='ocrx_word' id='word_1_232' title='bbox 207 2879 290 2942; x_wconf 89' lang='lat' dir='ltr'><strong>inter</strong></span> <span class='ocrx_word' id='word_1_233' title='bbox 305 2877 462 2958; x_wconf 88' lang='lat' dir='ltr'><strong>amittam,</strong></span> <span class='ocrx_word' id='word_1_234' title='bbox 478 2879 530 2941; x_wconf 85' lang='lat' dir='ltr'><strong>vel</strong></span> <span class='ocrx_word' id='word_1_235' title='bbox 545 2887 752 2942; x_wconf 84' lang='lat' dir='ltr'><strong>materteram</strong></span> <span class='ocrx_word' id='word_1_236' title='bbox 777 2895 943 2960; x_wconf 82' lang='lat' dir='ltr'><strong>maguam,</strong></span> <span class='ocrx_word' id='word_1_237' title='bbox 959 2897 997 2941; x_wconf 91' lang='lat' dir='ltr'><strong>ac</strong></span> <span class='ocrx_word' id='word_1_238' title='bbox 1012 2889 1161 2962; x_wconf 81' lang='lat' dir='ltr'><strong>nepotem</strong></span> <span class='ocrx_word' id='word_1_239' title='bbox 1177 2877 1306 2943; x_wconf 89' lang='lat' dir='ltr'><strong>nullum</strong></span> <span class='ocrx_word' id='word_1_240' title='bbox 1321 2897 1391 2942; x_wconf 89' lang='lat' dir='ltr'><strong>esse</strong></span> <span class='ocrx_word' id='word_1_241' title='bbox 1405 2881 1518 2964; x_wconf 83' lang='lat' dir='ltr'><strong>conju·</strong></span> 
     </span>
     <span class='ocr_line' id='line_1_24' title="bbox 207 2985 1519 3072; baseline 0.003 -24"><span class='ocrx_word' id='word_1_242' title='bbox 207 2986 308 3068; x_wconf 76' lang='lat' dir='ltr'><strong>glum,</strong></span> <span class='ocrx_word' id='word_1_243' title='bbox 324 2985 468 3049; x_wconf 89' lang='lat' dir='ltr'><strong>similiter</strong></span> <span class='ocrx_word' id='word_1_244' title='bbox 482 2985 563 3050; x_wconf 89' lang='lat' dir='ltr'><strong>inter</strong></span> <span class='ocrx_word' id='word_1_245' title='bbox 578 2997 729 3068; x_wconf 87' lang='lat' dir='ltr'><strong>patruum</strong></span> <span class='ocrx_word' id='word_1_246' title='bbox 744 3005 909 3069; x_wconf 79' lang='lat' dir='ltr'><strong>magnum,</strong></span> <span class='ocrx_word' id='word_1_247' title='bbox 925 2997 957 3049; x_wconf 90' lang='lat' dir='ltr'><strong>et</strong></span> <span class='ocrx_word' id='word_1_248' title='bbox 972 2999 1129 3068; x_wconf 87' lang='lat' dir='ltr'><strong>nepotem.</strong></span> <span class='ocrx_word' id='word_1_249' title='bbox 1174 2985 1228 3050; x_wconf 87' lang='lat' dir='ltr'><strong>Eu</strong></span> <span class='ocrx_word' id='word_1_250' title='bbox 1243 2985 1429 3070; x_wconf 84' lang='lat' dir='ltr'><strong>designatas</strong></span> <span class='ocrx_word' id='word_1_251' title='bbox 1443 3007 1519 3072; x_wconf 83' lang='lat' dir='ltr'><strong>spe-</strong></span> 
     </span>
     <span class='ocr_line' id='line_1_25' title="bbox 207 3089 1520 3182; baseline 0.004 -24"><span class='ocrx_word' id='word_1_252' title='bbox 207 3093 329 3158; x_wconf 79' lang='lat' dir='ltr'><strong>cialiter</strong></span> <span class='ocrx_word' id='word_1_253' title='bbox 344 3111 497 3175; x_wconf 90' lang='lat' dir='ltr'><strong>personas</strong></span> <span class='ocrx_word' id='word_1_254' title='bbox 511 3089 679 3156; x_wconf 88' lang='lat' dir='ltr'><strong>interdicto</strong></span> <span class='ocrx_word' id='word_1_255' title='bbox 693 3094 952 3176; x_wconf 87' lang='lat' dir='ltr'><strong>comprehensas.</strong></span> <span class='ocrx_word' id='word_1_256' title='bbox 994 3092 1204 3173; x_wconf 79' lang='lat' dir='ltr'><strong>Addiderunt,</strong></span> <span class='ocrx_word' id='word_1_257' title='bbox 1225 3097 1382 3181; x_wconf 81' lang='lat' dir='ltr'><strong>quamuis</strong></span> <span class='ocrx_word' id='word_1_258' title='bbox 1395 3107 1520 3182; x_wconf 79' lang='lat' dir='ltr'><strong>quarto</strong></span> 
     </span>
     <span class='ocr_line' id='line_1_26' title="bbox 203 3201 1518 3289; baseline 0.002 -21"><span class='ocrx_word' id='word_1_259' title='bbox 203 3205 320 3289; x_wconf 77' lang='lat' dir='ltr'><strong>gradu</strong></span> <span class='ocrx_word' id='word_1_260' title='bbox 344 3206 421 3281; x_wconf 83' lang='lat' dir='ltr'><strong>sint,</strong></span> <span class='ocrx_word' id='word_1_261' title='bbox 437 3201 551 3267; x_wconf 89' lang='lat' dir='ltr'><strong>eodem</strong></span> <span class='ocrx_word' id='word_1_262' title='bbox 578 3203 732 3266; x_wconf 87' lang='lat' dir='ltr'><strong>nimirum</strong></span> <span class='ocrx_word' id='word_1_263' title='bbox 758 3201 870 3284; x_wconf 85' lang='lat' dir='ltr'><strong>gradu,</strong></span> <span class='ocrx_word' id='word_1_264' title='bbox 895 3202 1010 3284; x_wconf 90' lang='lat' dir='ltr'><strong>inquo</strong></span> <span class='ocrx_word' id='word_1_265' title='bbox 1035 3202 1263 3268; x_wconf 88' lang='lat' dir='ltr'><strong>suntduornm</strong></span> <span class='ocrx_word' id='word_1_266' title='bbox 1294 3203 1427 3269; x_wconf 86' lang='lat' dir='ltr'><strong>fratrum</strong></span> <span class='ocrx_word' id='word_1_267' title='bbox 1443 3205 1518 3286; x_wconf 86' lang='lat' dir='ltr'><strong>filii,</strong></span> 
     </span>
     <span class='ocr_line' id='line_1_27' title="bbox 206 3307 1521 3398; baseline -0.001 -22"><span class='ocrx_word' id='word_1_268' title='bbox 206 3331 346 3398; x_wconf 88' lang='lat' dir='ltr'><strong>quorum</strong></span> <span class='ocrx_word' id='word_1_269' title='bbox 370 3311 558 3395; x_wconf 85' lang='lat' dir='ltr'><strong>conjuginm</strong></span> <span class='ocrx_word' id='word_1_270' title='bbox 583 3311 640 3374; x_wconf 90' lang='lat' dir='ltr'><strong>rite</strong></span> <span class='ocrx_word' id='word_1_271' title='bbox 665 3311 921 3374; x_wconf 82' lang='lat' dir='ltr'><strong>contrahebatur.</strong></span> <span class='ocrx_word' id='word_1_272' title='bbox 966 3307 1020 3372; x_wconf 81' lang='lat' dir='ltr'><strong>En</strong></span> <span class='ocrx_word' id='word_1_273' title='bbox 1036 3309 1167 3392; x_wconf 87' lang='lat' dir='ltr'><strong>insuper</strong></span> <span class='ocrx_word' id='word_1_274' title='bbox 1191 3307 1347 3389; x_wconf 88' lang='lat' dir='ltr'><strong>habitam,</strong></span> <span class='ocrx_word' id='word_1_275' title='bbox 1373 3323 1521 3388; x_wconf 78' lang='lat' dir='ltr'><strong>cuntem·</strong></span> 
     </span>
     <span class='ocr_line' id='line_1_28' title="bbox 210 3413 1522 3504; baseline -0.001 -19"><span class='ocrx_word' id='word_1_276' title='bbox 210 3433 343 3503; x_wconf 82' lang='lat' dir='ltr'><strong>tamque</strong></span> <span class='ocrx_word' id='word_1_277' title='bbox 358 3421 391 3484; x_wconf 91' lang='lat' dir='ltr'><strong>iu</strong></span> <span class='ocrx_word' id='word_1_278' title='bbox 418 3421 537 3504; x_wconf 87' lang='lat' dir='ltr'><strong>nuptiis</strong></span> <span class='ocrx_word' id='word_1_279' title='bbox 553 3417 715 3502; x_wconf 85' lang='lat' dir='ltr'><strong>graduum</strong></span> <span class='ocrx_word' id='word_1_280' title='bbox 741 3417 907 3481; x_wconf 88' lang='lat' dir='ltr'><strong>rationem.</strong></span> <span class='ocrx_word' id='word_1_281' title='bbox 950 3417 1066 3500; x_wconf 90' lang='lat' dir='ltr'><strong>ltaque</strong></span> <span class='ocrx_word' id='word_1_282' title='bbox 1080 3419 1114 3482; x_wconf 90' lang='lat' dir='ltr'><strong>in</strong></span> <span class='ocrx_word' id='word_1_283' title='bbox 1139 3413 1340 3484; x_wconf 89' lang='lat' dir='ltr'><strong>celebrandis</strong></span> <span class='ocrx_word' id='word_1_284' title='bbox 1355 3417 1522 3503; x_wconf 81' lang='lat' dir='ltr'><strong>conjugiis</strong></span> 
     </span>
     <span class='ocr_line' id='line_1_29' title="bbox 209 3511 1567 3611; baseline 0.003 -21"><span class='ocrx_word' id='word_1_285' title='bbox 209 3528 372 3611; x_wconf 82' lang='lat' dir='ltr'><strong>graduum</strong></span> <span class='ocrx_word' id='word_1_286' title='bbox 387 3527 566 3609; x_wconf 86' lang='lat' dir='ltr'><strong>designatio</strong></span> <span class='ocrx_word' id='word_1_287' title='bbox 583 3527 614 3589; x_wconf 91' lang='lat' dir='ltr'><strong>in</strong></span> <span class='ocrx_word' id='word_1_288' title='bbox 626 3527 698 3610; x_wconf 86' lang='lat' dir='ltr'><strong>jure</strong></span> <span class='ocrx_word' id='word_1_289' title='bbox 712 3527 801 3589; x_wconf 88' lang='lat' dir='ltr'><strong>civili</strong></span> <span class='ocrx_word' id='word_1_290' title='bbox 816 3527 1038 3590; x_wconf 81' lang='lat' dir='ltr'><strong>Rumanorum</strong></span> <span class='ocrx_word' id='word_1_291' title='bbox 1052 3525 1240 3609; x_wconf 83' lang='lat' dir='ltr'><strong>praestituta</strong></span> <span class='ocrx_word' id='word_1_292' title='bbox 1255 3527 1405 3593; x_wconf 81' lang='lat' dir='ltr'><strong>nonfuit.</strong></span> <span class='ocrx_word' id='word_1_293' title='bbox 1448 3531 1523 3594; x_wconf 89' lang='lat' dir='ltr'><strong>Pri·</strong></span> <span class='ocrx_word' id='word_1_294' title='bbox 1561 3511 1567 3522; x_wconf 49' lang='lat'>⁸</span> 
     </span>
     <span class='ocr_line' id='line_1_30' title="bbox 211 3634 1523 3720; baseline 0.001 -19"><span class='ocrx_word' id='word_1_295' title='bbox 211 3657 302 3702; x_wconf 90' lang='lat' dir='ltr'><strong>mum</strong></span> <span class='ocrx_word' id='word_1_296' title='bbox 319 3637 484 3720; x_wconf 90' lang='lat' dir='ltr'><strong>praestitui</strong></span> <span class='ocrx_word' id='word_1_297' title='bbox 500 3639 570 3700; x_wconf 88' lang='lat' dir='ltr'><strong>visa</strong></span> <span class='ocrx_word' id='word_1_298' title='bbox 586 3647 634 3699; x_wconf 90' lang='lat' dir='ltr'><strong>est</strong></span> <span class='ocrx_word' id='word_1_299' title='bbox 648 3636 875 3699; x_wconf 85' lang='lat' dir='ltr'><strong>recentioribus</strong></span> <span class='ocrx_word' id='word_1_300' title='bbox 896 3634 1187 3714; x_wconf 89' lang='lat' dir='ltr'><strong>constitutionibus,</strong></span> <span class='ocrx_word' id='word_1_301' title='bbox 1203 3655 1368 3700; x_wconf 89' lang='lat' dir='ltr'><strong>sacmrum</strong></span> <span class='ocrx_word' id='word_1_302' title='bbox 1383 3639 1523 3702; x_wconf 88' lang='lat' dir='ltr'><strong>Antisti·</strong></span> 
     </span>
    </p>
   </div>
   <div class='ocr_carea' id='block_1_3' title="bbox 211 3741 1522 3931">
    <p class='ocr_par' dir='ltr' id='par_1_3' title="bbox 211 3741 1522 3931">
     <span class='ocr_line' id='line_1_31' title="bbox 211 3741 1522 3826; baseline 0.001 -19"><span class='ocrx_word' id='word_1_303' title='bbox 211 3757 281 3807; x_wconf 90' lang='lat' dir='ltr'><strong>tum</strong></span> <span class='ocrx_word' id='word_1_304' title='bbox 298 3763 408 3826; x_wconf 88' lang='lat' dir='ltr'><strong>aeque,</strong></span> <span class='ocrx_word' id='word_1_305' title='bbox 425 3763 463 3806; x_wconf 89' lang='lat' dir='ltr'><strong>ac</strong></span> <span class='ocrx_word' id='word_1_306' title='bbox 487 3743 641 3806; x_wconf 88' lang='lat' dir='ltr'><strong>laicorum</strong></span> <span class='ocrx_word' id='word_1_307' title='bbox 658 3743 846 3824; x_wconf 89' lang='lat' dir='ltr'><strong>Principum</strong></span> <span class='ocrx_word' id='word_1_308' title='bbox 870 3741 1058 3804; x_wconf 88' lang='lat' dir='ltr'><strong>auctoritate</strong></span> <span class='ocrx_word' id='word_1_309' title='bbox 1083 3741 1225 3820; x_wconf 84' lang='lat' dir='ltr'><strong>firmatis,</strong></span> <span class='ocrx_word' id='word_1_310' title='bbox 1241 3743 1359 3824; x_wconf 89' lang='lat' dir='ltr'><strong>quibus</strong></span> <span class='ocrx_word' id='word_1_311' title='bbox 1374 3743 1522 3808; x_wconf 89' lang='lat' dir='ltr'><strong>deelara-</strong></span> 
     </span>
     <span class='ocr_line' id='line_1_32' title="bbox 212 3847 1522 3931; baseline 0.004 -19"><span class='ocrx_word' id='word_1_312' title='bbox 212 3859 283 3913; x_wconf 92' lang='lat' dir='ltr'><strong>tum</strong></span> <span class='ocrx_word' id='word_1_313' title='bbox 297 3861 353 3928; x_wconf 91' lang='lat' dir='ltr'><strong>est,</strong></span> <span class='ocrx_word' id='word_1_314' title='bbox 380 3869 484 3931; x_wconf 87' lang='lat' dir='ltr'><strong>usque</strong></span> <span class='ocrx_word' id='word_1_315' title='bbox 499 3850 540 3911; x_wconf 87' lang='lat' dir='ltr'><strong>ed</strong></span> <span class='ocrx_word' id='word_1_316' title='bbox 566 3860 694 3926; x_wconf 82' lang='lat' dir='ltr'><strong>certam,</strong></span> <span class='ocrx_word' id='word_1_317' title='bbox 718 3847 871 3910; x_wconf 90' lang='lat' dir='ltr'><strong>nimirum</strong></span> <span class='ocrx_word' id='word_1_318' title='bbox 897 3847 1079 3928; x_wconf 87' lang='lat' dir='ltr'><strong>septimam,</strong></span> <span class='ocrx_word' id='word_1_319' title='bbox 1105 3849 1343 3930; x_wconf 85' lang='lat' dir='ltr'><strong>generationem</strong></span> <span class='ocrx_word' id='word_1_320' title='bbox 1368 3853 1522 3918; x_wconf 86' lang='lat' dir='ltr'><strong>contrahi</strong></span> 
     </span>
    </p>
   </div>
   <div class='ocr_carea' id='block_1_4' title="bbox 209 3954 1526 4588">
    <p class='ocr_par' dir='ltr' id='par_1_4' title="bbox 209 3954 1526 4588">
     <span class='ocr_line' id='line_1_33' title="bbox 211 3954 1522 4042; baseline 0.005 -22"><span class='ocrx_word' id='word_1_321' title='bbox 211 3959 416 4021; x_wconf 88' lang='lat' dir='ltr'><strong>matrimonia</strong></span> <span class='ocrx_word' id='word_1_322' title='bbox 442 3977 507 4020; x_wconf 90' lang='lat' dir='ltr'><strong>non</strong></span> <span class='ocrx_word' id='word_1_323' title='bbox 523 3955 644 4019; x_wconf 90' lang='lat' dir='ltr'><strong>debere.</strong></span> <span class='ocrx_word' id='word_1_324' title='bbox 689 3955 861 4020; x_wconf 86' lang='lat' dir='ltr'><strong>Notandac</strong></span> <span class='ocrx_word' id='word_1_325' title='bbox 875 3954 1014 4037; x_wconf 81' lang='lat' dir='ltr'><strong>profecto</strong></span> <span class='ocrx_word' id='word_1_326' title='bbox 1040 3957 1251 4020; x_wconf 90' lang='lat' dir='ltr'><strong>recentiorum</strong></span> <span class='ocrx_word' id='word_1_327' title='bbox 1268 3957 1383 4022; x_wconf 89' lang='lat' dir='ltr'><strong>harum</strong></span> <span class='ocrx_word' id='word_1_328' title='bbox 1405 3959 1522 4042; x_wconf 72' lang='lat' dir='ltr'><strong>legum</strong></span> 
     </span>
     <span class='ocr_line' id='line_1_34' title="bbox 209 4063 1525 4151; baseline 0.001 -18"><span class='ocrx_word' id='word_1_329' title='bbox 209 4070 375 4149; x_wconf 80' lang='lat' dir='ltr'><strong>ferurulae,</strong></span> <span class='ocrx_word' id='word_1_330' title='bbox 399 4069 519 4151; x_wconf 90' lang='lat' dir='ltr'><strong>quibus</strong></span> <span class='ocrx_word' id='word_1_331' title='bbox 536 4087 600 4130; x_wconf 90' lang='lat' dir='ltr'><strong>non</strong></span> <span class='ocrx_word' id='word_1_332' title='bbox 626 4067 666 4130; x_wconf 91' lang='lat' dir='ltr'><strong>de</strong></span> <span class='ocrx_word' id='word_1_333' title='bbox 682 4065 843 4148; x_wconf 82' lang='lat' dir='ltr'><strong>gradibus,</strong></span> <span class='ocrx_word' id='word_1_334' title='bbox 867 4063 987 4128; x_wconf 85' lang='lat' dir='ltr'><strong>sedda</strong></span> <span class='ocrx_word' id='word_1_335' title='bbox 1013 4067 1271 4147; x_wconf 84' lang='lat' dir='ltr'><strong>generationibus</strong></span> <span class='ocrx_word' id='word_1_336' title='bbox 1296 4069 1416 4132; x_wconf 88' lang='lat' dir='ltr'><strong>mentio</strong></span> <span class='ocrx_word' id='word_1_337' title='bbox 1430 4068 1525 4134; x_wconf 81' lang='lat' dir='ltr'><strong>facta</strong></span> 
     </span>
     <span class='ocr_line' id='line_1_35' title="bbox 210 4177 1523 4265; baseline 0.003 -21"><span class='ocrx_word' id='word_1_338' title='bbox 210 4182 404 4265; x_wconf 89' lang='lat' dir='ltr'><strong>proponitur,</strong></span> <span class='ocrx_word' id='word_1_339' title='bbox 420 4199 491 4242; x_wconf 90' lang='lat' dir='ltr'><strong>can.</strong></span> <span class='ocrx_word' id='word_1_340' title='bbox 508 4179 536 4242; x_wconf 87' lang='lat'><strong>3.</strong></span> <span class='ocrx_word' id='word_1_341' title='bbox 555 4180 603 4241; x_wconf 82' lang='lat'><strong>12.</strong></span> <span class='ocrx_word' id='word_1_342' title='bbox 622 4179 669 4241; x_wconf 91' lang='grc'><strong>16.</strong></span> <span class='ocrx_word' id='word_1_343' title='bbox 688 4179 736 4241; x_wconf 85' lang='grc'><strong>17.</strong></span> <span class='ocrx_word' id='word_1_344' title='bbox 754 4177 802 4240; x_wconf 87' lang='grc'><strong>18.</strong></span> <span class='ocrx_word' id='word_1_345' title='bbox 818 4177 879 4255; x_wconf 83' lang='grc'><strong>20.,</strong></span> <span class='ocrx_word' id='word_1_346' title='bbox 895 4187 926 4239; x_wconf 89' lang='lat' dir='ltr'><strong>et</strong></span> <span class='ocrx_word' id='word_1_347' title='bbox 940 4177 991 4239; x_wconf 79' lang='lat'><strong>21.</strong></span> <span class='ocrx_word' id='word_1_348' title='bbox 1004 4195 1092 4239; x_wconf 89' lang='lat' dir='ltr'><strong>caus.</strong></span> <span class='ocrx_word' id='word_1_349' title='bbox 1108 4177 1158 4240; x_wconf 87' lang='lat'><strong>35.</strong></span> <span class='ocrx_word' id='word_1_350' title='bbox 1174 4189 1297 4258; x_wconf 88' lang='lat' dir='ltr'><strong>quaest.</strong></span> <span class='ocrx_word' id='word_1_351' title='bbox 1313 4179 1342 4240; x_wconf 79' lang='lat'><strong>2.</strong></span> <span class='ocrx_word' id='word_1_352' title='bbox 1388 4179 1523 4248; x_wconf 89' lang='lat' dir='ltr'><strong>Nomen</strong></span> 
     </span>
     <span class='ocr_line' id='line_1_36' title="bbox 209 4283 1523 4374; baseline -0.005 -20"><span class='ocrx_word' id='word_1_353' title='bbox 209 4290 328 4374; x_wconf 83' lang='lat' dir='ltr'><strong>gradus</strong></span> <span class='ocrx_word' id='word_1_354' title='bbox 346 4291 377 4350; x_wconf 93' lang='lat' dir='ltr'><strong>iu</strong></span> <span class='ocrx_word' id='word_1_355' title='bbox 396 4301 532 4368; x_wconf 87' lang='lat' dir='ltr'><strong>utra-que</strong></span> <span class='ocrx_word' id='word_1_356' title='bbox 548 4299 730 4350; x_wconf 89' lang='lat' dir='ltr'><strong>transversa</strong></span> <span class='ocrx_word' id='word_1_357' title='bbox 747 4287 831 4349; x_wconf 87' lang='lat' dir='ltr'><strong>linea</strong></span> <span class='ocrx_word' id='word_1_358' title='bbox 846 4285 953 4348; x_wconf 87' lang='lat' dir='ltr'><strong>locunt</strong></span> <span class='ocrx_word' id='word_1_359' title='bbox 970 4283 1076 4361; x_wconf 89' lang='lat' dir='ltr'><strong>habet,</strong></span> <span class='ocrx_word' id='word_1_360' title='bbox 1092 4283 1161 4345; x_wconf 87' lang='lat' dir='ltr'><strong>sive</strong></span> <span class='ocrx_word' id='word_1_361' title='bbox 1176 4285 1209 4346; x_wconf 91' lang='lat' dir='ltr'><strong>in</strong></span> <span class='ocrx_word' id='word_1_362' title='bbox 1225 4303 1272 4360; x_wconf 86' lang='lat' dir='ltr'><strong>ea,</strong></span> <span class='ocrx_word' id='word_1_363' title='bbox 1288 4303 1354 4364; x_wconf 90' lang='lat' dir='ltr'><strong>qua</strong></span> <span class='ocrx_word' id='word_1_364' title='bbox 1369 4284 1523 4348; x_wconf 75' lang='lat' dir='ltr'><strong>ascendi·</strong></span> 
     </span>
     <span class='ocr_line' id='line_1_37' title="bbox 211 4393 1524 4479; baseline -0.002 -18"><span class='ocrx_word' id='word_1_365' title='bbox 211 4411 262 4461; x_wconf 90' lang='lat' dir='ltr'><strong>tur</strong></span> <span class='ocrx_word' id='word_1_366' title='bbox 277 4397 318 4461; x_wconf 90' lang='lat' dir='ltr'><strong>ad</strong></span> <span class='ocrx_word' id='word_1_367' title='bbox 333 4415 539 4461; x_wconf 87' lang='lat' dir='ltr'><strong>communem</strong></span> <span class='ocrx_word' id='word_1_368' title='bbox 555 4397 704 4479; x_wconf 88' lang='lat' dir='ltr'><strong>stipitem,</strong></span> <span class='ocrx_word' id='word_1_369' title='bbox 731 4396 799 4457; x_wconf 89' lang='lat' dir='ltr'><strong>sive</strong></span> <span class='ocrx_word' id='word_1_370' title='bbox 815 4395 847 4457; x_wconf 92' lang='lat' dir='ltr'><strong>in</strong></span> <span class='ocrx_word' id='word_1_371' title='bbox 864 4414 910 4473; x_wconf 86' lang='lat' dir='ltr'><strong>oa,</strong></span> <span class='ocrx_word' id='word_1_372' title='bbox 925 4412 993 4474; x_wconf 93' lang='lat' dir='ltr'><strong>qua</strong></span> <span class='ocrx_word' id='word_1_373' title='bbox 1008 4399 1028 4457; x_wconf 77' lang='lat' dir='ltr'><strong>a</strong></span> <span class='ocrx_word' id='word_1_374' title='bbox 1048 4393 1215 4456; x_wconf 90' lang='lat' dir='ltr'><strong>communi</strong></span> <span class='ocrx_word' id='word_1_375' title='bbox 1230 4393 1336 4475; x_wconf 88' lang='lat' dir='ltr'><strong>stipite</strong></span> <span class='ocrx_word' id='word_1_376' title='bbox 1351 4393 1524 4458; x_wconf 87' lang='lat' dir='ltr'><strong>descendi·</strong></span> 
     </span>
     <span class='ocr_line' id='line_1_38' title="bbox 212 4497 1526 4588; baseline -0.003 -18"><span class='ocrx_word' id='word_1_377' title='bbox 212 4519 272 4587; x_wconf 88' lang='lat' dir='ltr'><strong>tur,</strong></span> <span class='ocrx_word' id='word_1_378' title='bbox 287 4525 363 4570; x_wconf 88' lang='lat' dir='ltr'><strong>cum</strong></span> <span class='ocrx_word' id='word_1_379' title='bbox 390 4524 445 4588; x_wconf 85' lang='lat' dir='ltr'><strong>per</strong></span> <span class='ocrx_word' id='word_1_380' title='bbox 459 4505 579 4587; x_wconf 82' lang='lat' dir='ltr'><strong>gradus</strong></span> <span class='ocrx_word' id='word_1_381' title='bbox 605 4503 821 4569; x_wconf 88' lang='lat' dir='ltr'><strong>ascendamus</strong></span> <span class='ocrx_word' id='word_1_382' title='bbox 837 4519 948 4584; x_wconf 88' lang='lat' dir='ltr'><strong>acque,</strong></span> <span class='ocrx_word' id='word_1_383' title='bbox 976 4519 1013 4564; x_wconf 91' lang='lat' dir='ltr'><strong>ac</strong></span> <span class='ocrx_word' id='word_1_384' title='bbox 1030 4497 1277 4580; x_wconf 82' lang='lat' dir='ltr'><strong>descendamus3</strong></span> <span class='ocrx_word' id='word_1_385' title='bbox 1305 4499 1526 4579; x_wconf 86' lang='lat' dir='ltr'><strong>quamobrem</strong></span> 
     </span>
    </p>
   </div>
   <div class='ocr_carea' id='block_1_5' title="bbox 0 0 1588 4982">
    <p class='ocr_par' dir='ltr' id='par_1_5' title="bbox 0 0 1588 4982">
     <span class='ocr_line' id='line_1_39' title="bbox 0 0 1588 4982; baseline 0 2"><span class='ocrx_word' id='word_1_386' title='bbox 0 0 1588 4982; x_wconf 95' lang='lat' dir='ltr'><strong> </strong></span> 
     </span>
    </p>
   </div>
  </div>
 </body>
</html>
