3210 4990
520 435 567 480 us
590 433 747 485 secusne
771 433 988 482 securunio.
1339 417 1402 485 nt

102 555 198 622 naudi
212 555 433 622 mcussiousm
462 557 657 641 praeberent,
673 557 694 622 l.
709 558 739 622 6.
755 557 824 622 eod.
854 557 895 622 ds
923 557 1069 624 Judaeis:
1111 558 1276 642 Equidem
1290 559 1399 643 fateor,

103 660 181 725 baec
195 661 356 728 adulteria
371 663 525 748 impropie
539 663 611 746 diei,
632 675 664 730 et
678 685 744 730 uou
760 667 821 730 uisi
836 685 893 750 per
905 667 1069 749 quaedam
1083 669 1242 750 symbola,
1269 689 1311 734 ex
1337 689 1401 753 que

104 777 210 832 umen
224 767 376 852 symbola
403 791 446 834 ex
473 771 684 836 similitudine
712 773 908 854 derivantur,
934 771 1049 838 deduci
1079 773 1173 837 facile
1187 785 1299 858 penest,
1314 795 1406 840 men·

103 887 165 940 tem
179 878 316 944 Petrum
333 879 433 944 tuisse
447 901 529 962 sam,
561 893 597 944 ut
610 899 853 964 quamcumque
884 881 1089 946 violationem
1118 882 1195 947 fidei
1223 886 1404 969 conjugalis

102 984 299 1052 adulterium
326 989 498 1070 crederent,
516 991 661 1072 ¹quande
689 989 762 1054 ideo
790 989 953 1054 adulteres
979 1003 1053 1055 vote
1080 993 1248 1057 obstrictas
1278 995 1405 1078 puellas

102 1094 297 1160 fornicantes
310 1116 381 1160 esse
396 1096 555 1177 dixerunt,
571 1109 737 1182 prepterea
767 1097 853 1180 qued
869 1109 980 1162 contra
1001 1099 1101 1162 fidem
1130 1101 1201 1163 Deo
1226 1101 1336 1166 datam
1351 1101 1404 1165 de·

102 1203 279 1286 liquasent
323 1206 442 1271 Adhuc
456 1207 590 1270 ulterius
616 1225 784 1290 progressa
811 1207 988 1290 aliquando
1002 1207 1065 1273 suit
1094 1209 1244 1274 Ecclesia
1272 1211 1404 1291 Graeca,

103 1328 184 1392 quae
200 1329 268 1382 nen
289 1311 458 1392 dubitavit,
474 1313 622 1398 adulterii
637 1327 746 1378 uetare
761 1333 846 1395 eum,
861 1317 918 1398 qui
933 1317 1073 1382 alienam
1090 1338 1243 1402 spensam
1259 1321 1319 1384 sibi
1333 1339 1410 1385 cen·

100 1402 188 1504 jugie
204 1421 364 1486 sociasset.
387 1423 439 1486 Ita
452 1423 524 1508 lege
539 1425 571 1487 iu
588 1445 659 1488 ceu.
675 1423 907 1490 camuliano:
937 1427 1008 1500 Quoi
1018 1428 1117 1492 elteri
1126 1429 1325 1512 desponsam
1337 1451 1410 1494 rnu-

104 1532 225 1610 iierem,
238 1531 351 1596 adnue
364 1553 399 1597 ee
412 1535 494 1612 eine,
506 1535 561 1598 cni
575 1535 774 1618 dacpenme
787 1543 844 1612 cst,
860 1535 898 1598 in
910 1537 1111 1620 nuptiarum
1122 1533 1214 1600 ducit
1223 1537 1410 1601 solennite-

106 1647 177 1718 tem,
193 1641 357 1704 adulterii
370 1642 505 1705 minanti
518 1643 725 1727 subjicietur.
748 1641 887 1704 Nomine
902 1643 1083 1727 despumas
1097 1661 1163 1705 uon
1182 1661 1316 1708 uxerem
1331 1642 1410 1706 inte-

105 1745 207 1829 lligas,
224 1747 283 1810 sed
298 1765 460 1832 spensam,
476 1749 503 1811 si
518 1750 679 1814 Graecum
695 1767 854 1812 canonem
871 1749 950 1812 velis
962 1749 1246 1832 interpretericem
1256 1750 1412 1833 Interpre-

105 1859 189 1922 tibus
204 1858 339 1920 Graecis
354 1858 558 1938 Balsamone,
572 1869 606 1922 et
620 1860 752 1922 Zeuma
762 1858 795 1920 iu
805 1860 890 1922 uotis
899 1859 942 1922 ad
951 1842 1093 1922 eundem
1110 1875 1278 1934 moenem,
1290 1858 1413 1941 quibus

105 1965 224 2030 addere
237 1975 331 2049 petes
345 1967 507 2032 Graecum
521 1965 611 2032 aliud
626 1965 782 2032 Scholion
797 1987 838 2030 ex
854 1967 974 2032 Codice
988 1969 1249 2033 Amerbsehiauo
1260 1967 1412 2051 desump-

104 2087 183 2156 tum,
198 2087 233 2140 et
247 2083 269 2142 a
283 2078 459 2160 Beveregio
474 2077 597 2142 editum
612 2079 646 2142 iu
662 2079 746 2142 uotis
759 2078 895 2144 metm
909 2097 1079 2164 canonem
1096 2082 1173 2146 item
1188 2079 1307 2146 addere
1321 2089 1414 2163 potes

105 2185 309 2252 Baltasaretn
323 2188 357 2251 iu
371 2188 586 2272 syntagmate
601 2188 815 2272 Alphabetieo
830 2190 922 2254 litera
946 2189 1062 2274 Yeap.
1080 2193 1129 2256 15.
1173 2191 1211 2255 ld
1224 2209 1302 2254 saue
1314 2189 1412 2254 Grae·

101 2295 131 2358 ci
145 2307 341 2380 receperunt,
358 2307 394 2362 ut
407 2297 505 2362 otiam
527 2298 653 2363 adrrltm
665 2298 842 2379 baberetur,
858 2300 916 2381 qui
930 2299 1072 2364 alienam
1088 2319 1243 2384 sponsam
1258 2301 1319 2365 sibi
1334 2319 1410 2393 ceu·

99 2403 190 2487 jugie
221 2406 365 2485 sociaret,
381 2406 459 2487 quia
487 2405 575 2490 apud
589 2407 730 2472 Gmeem
744 2407 887 2471 obtinere
908 2396 1063 2491 coeperat,
1080 2420 1117 2473 ut
1131 2409 1329 2476 sacerdotali
1345 2429 1413 2494 pre·

104 2510 365 2594 responsalibus
378 2511 627 2595 benediceretur,
642 2513 730 2596 qued
746 2515 825 2580 abiit
837 2515 955 2580 deiude
967 2518 1000 2580 iu
1011 2515 1196 2600 generalem
1206 2517 1414 2603 disciplinam

105 2623 304 2688 Gmecorum
318 2634 391 2707 pest
404 2626 666 2690 constitutionem
681 2626 788 2690 Alexii
798 2628 990 2709 Commerui,
1001 2647 1085 2712 quae
1096 2629 1267 2694 habatnrin
1279 2629 1344 2694 siue
1354 2631 1415 2694 Oo-

104 2728 182 2794 diois
193 2729 399 2796 Jusuntanei.
415 2729 541 2796 Interea
548 2743 660 2796 mmeu
671 2733 839 2798 observare
844 2735 946 2818 juvat,
958 2735 987 2798 oi
998 2735 1249 2819 iueasiugulari
1260 2738 1415 2802 coustitu-

105 2837 1416 2924 lionenibilGraecidixernutdeueteinureudaadulteriiineum,quiextracan·
1548 2869 1563 2900 ο

105 2949 685 3034 oamcenjugiiadelieuamspousom
692 2948 864 3030 accederet,
871 2951 1080 3034 supposuisse
1088 2949 1418 3035 ipsesjamveteribus

106 3055 232 3141 legibm
239 3057 274 3122 iu
280 3058 469 3124 violatorem
478 3058 622 3122 inustam
628 3055 729 3120 luisse
735 3055 812 3120 adul
817 3057 1010 3138 oeriiuotem,
1016 3075 1117 3140 quam
1129 3056 1256 3122 adeum
1264 3057 1422 3120 extende--

106 3177 188 3247 mut,
199 3163 574 3250 quialieuomspensam
590 3165 651 3230 sibi
660 3164 867 3229 matrimonio
873 3166 1033 3256 jungeret.
1063 3165 1195 3230 'l'autus
1209 3154 1313 3230 bonor
1327 3151 1416 3252 apud

106 3255 249 3318 Graecos
279 3267 483 3333 sponsaunus
499 3273 687 3323 nauseatur,
710 3259 901 3324 metumque
911 3260 966 3324 Jus
981 3257 1015 3303 ru
1031 3259 1188 3322 sponsum
1210 3251 1416 3308 uerereoatur

106 3363 207 3428 Juxta
222 3360 311 3424 banc
325 3355 531 3440 disciplinam
546 3353 688 3416 scribens
718 3351 854 3414 Photius
870 3348 904 3411 in
920 3345 1151 3411 Nomeeououe
1165 3346 1212 3410 tit.
1230 3346 1278 3410 13.
1295 3366 1364 3431 cap.
1382 3351 1411 3412 5.

107 3470 159 3548 ait,
175 3467 242 3530 diei
254 3466 288 3529 iu
300 3464 433 3548 legibus,
447 3463 533 3550 quod
541 3461 700 3527 adulterii
708 3459 891 3526 occussetie
897 3457 1077 3522 nonselum
1085 3457 1121 3520 eb
1128 3465 1322 3542 stupratum
1333 3459 1415 3542 legi-

108 3577 416 3661 timemcevgiugem,
422 3593 537 3636 oerum
543 3569 856 3648 etiemdeiustebili,
864 3569 1145 3654 atqueiilegu'time
1156 3569 1378 3648 matrimonio,
1386 3579 1417 3635 et

107 3689 330 3776 spurcalibus,
343 3695 374 3752 et
387 3686 428 3752 de
442 3684 659 3750 concubinatu
670 3682 876 3746 instituatur.
920 3679 972 3744 Ab
987 3679 1038 3742 his
1053 3679 1181 3762 regulis,
1194 3680 1250 3743 ubi
1265 3679 1306 3744 de
1321 3701 1415 3767 spou-

108 3819 146 3863 sa
159 3799 282 3863 uelata
296 3805 452 3880 ageretur,
468 3791 583 3858 nullibi
592 3801 726 3872 constat,
742 3788 916 3856 Pontifices
939 3789 1103 3854 Maximos
1118 3789 1299 3872 deflexisse,
1315 3793 1415 3856 imme

3 3929 4 3932 ¹
108 3917 140 3970 et
153 3907 181 3970 si
196 3905 240 3968 ad
256 3903 446 3988 rescriptum
460 3899 644 3992 iunocentii
655 3898 723 3978 111,
738 3896 828 3980 quod
843 3907 932 3962 extat
946 3895 980 3962 iu
995 3915 1065 3980 cap.
1081 3898 1132 3960 25.
1144 3895 1186 3960 de
1196 3897 1413 3982 jurejurando,

111 4011 330 4094 respiciamus,
358 4007 498 4091 liquebit,
515 4005 667 4072 eumdem
692 4004 884 4086 Pontificem
898 4001 1086 4066 distinxisse
1108 4003 1316 4068 violationem
1332 4005 1416 4068 selu-

3 4163 4 4200 ,
111 4131 161 4186 tae
174 4119 307 4205 puellae
332 4117 541 4183 ariolatione
565 4134 713 4202 sponsae,
738 4125 771 4177 et
785 4113 860 4177 licet
886 4111 1090 4178 violationem
1114 4115 1239 4178 alienae
1268 4133 1414 4198 sponsae,

109 4246 263 4312 expresse
277 4245 344 4290 uon
368 4223 514 4290 nominet
528 4223 732 4302 adulterium,
759 4221 855 4285 exiis
872 4232 988 4303 tamen,
1013 4241 1098 4304 quae
1112 4223 1232 4288 ibidem
1257 4221 1415 4301 definivit,

111 4357 167 4424 pro
180 4336 341 4402 adulterio
364 4335 517 4400 babuisse
540 4331 675 4396 videtur.
719 4331 945 4402 Quaerebatur
968 4329 1056 4414 apud
1078 4330 1194 4414 ipsum,
1219 4345 1418 4414 suspensus

110 4447 205 4533 quasi
219 4445 386 4512 dissolutis
401 4443 614 4530 sponsalibus,
629 4451 738 4527 posset
752 4439 910 4506 dimittere
919 4461 1080 4526 spensam,
1096 4459 1197 4526 quam
1212 4441 1336 4504 noverit
1350 4451 1417 4508 tnr-
