3146 4980
332 450 379 494 an
395 445 558 496 uruutnu
579 449 622 494 na
639 448 807 495 couruoro
824 449 1067 494 sannosoaurr.
1288 425 1350 492 315

83 569 264 656 superveniat,
280 571 476 634 matrimonii
495 571 661 634 vinculum
677 591 743 634 non
759 571 901 653 dissolvi;
928 581 1093 654 propterea
1108 588 1176 639 non
1190 569 1285 634 licere
1300 589 1349 632 sa-

80 699 114 756 no,
127 679 205 741 alteri
219 680 347 762 conjugi
363 681 483 758 sociari,
500 699 571 762 cap.
590 682 616 742 l.
632 699 713 742 vers.
730 681 771 744 st
786 703 859 744 vero
875 681 935 742 hoc
951 681 1005 756 tic,
1022 680 1108 762 quod
1121 699 1199 742 sane
1215 685 1350 743 con'son-

79 799 183 851 taneum
196 799 245 851 est
260 801 406 852 veterum
421 789 562 852 Petrum.
578 789 741 855 doctrinae
759 789 961 868 tradentium,
983 809 1024 850 ex
1039 809 1247 872 quacumque
1262 789 1349 852 intir-

30 959 32 992 ἱ
76 899 161 960 nitate
175 899 324 980 conjugia
350 899 407 960 rite
422 909 585 960 contracta
601 917 665 960 non
693 899 814 976 irritari,
841 915 912 959 can.
930 897 977 958 16.
998 897 1056 974 17.,
1072 907 1104 958 et
1127 897 1175 960 18.
1192 915 1279 960 catus.
1296 896 1347 958 32.

28 994 31 1096 l
75 1017 169 1088 quaest.
184 1009 221 1086 5,
236 1025 309 1069 can.
335 1007 387 1070 25.
401 1027 489 1070 catis.
506 1007 556 1070 32.
571 1018 696 1088 quaest.
720 1009 759 1088 7,
775 1026 845 1088 cap.
861 1007 911 1070 25.
929 1006 968 1068 de
980 1007 1121 1089 jurejur,
1144 1025 1213 1088 cap.
1243 1005 1290 1074 14.
1308 1005 1349 1069 de

27 1101 30 1162 l
73 1133 189 1177 convers.
204 1116 365 1199 conjugat.
409 1117 461 1178 An
478 1133 552 1177 vero
569 1115 676 1197 possit'
693 1133 794 1178 sanus
810 1115 851 1178 ab
866 1114 993 1178 infirmo
1008 1113 1173 1191 divertere,
1200 1133 1266 1177 non
1282 1135 1349 1178 urna

72 1203 254 1286 estomrlium
270 1223 437 1298 sententia,
461 1241 538 1286 eccm
554 1223 703 1304 rescripta
720 1221 918 1284 Pontificum
933 1221 967 1284 in
982 1241 1051 1303 cap.
1071 1223 1108 1300 1.,
1124 1233 1154 1284 et
1169 1221 1197 1284 2.
1214 1223 1275 1284 hoc
1291 1203 1348 1304 tit,

25 1321 26 1326 ’
71 1331 148 1393 variis
171 1331 483 1416 interpretationibus
509 1333 572 1394 sint
587 1331 736 1394 obnoxia.
781 1329 1001 1395 verosimilius
1016 1331 1143 1396 videtur
1165 1335 1350 1400 morbumd

68 1439 156 1502 norbo
168 1441 374 1524 distinguere,
402 1460 477 1504 eum
492 1441 655 1520 nimirum,
679 1461 721 1504 ex
736 1461 801 1522 quo
824 1443 1003 1525 perieulum
1029 1443 1061 1505 in
1078 1443 1215 1508 alterum
1230 1447 1348 1530 ‚conju-

67 1567 122 1629 genr
137 1549 260 1613 infirmo
285 1549 534 1629 cohabitantem,
562 1552 613 1613 vel
630 1551 666 1638 in¹
677 1551 798 1614 infirmi
813 1553 918 1615 officio
932 1556 1168 1633 consistentem,
1193 1556 1279 1618 vitae
1296 1557 1348 1620 vel

66 1661 160 1725 salutis
173 1664 401 1746 gravissimum
416 1675 566 1746 emergat,
583 1665 625 1726 ab
639 1683 685 1742 eo,
702 1685 743 1727 ex
754 1683 819 1746 quo
835 1665 916 1727 nihil
933 1665 996 1727 tale
1013 1667 1150 1747 timetur3
1168 1668 1257 1748 quod
1269 1687 1347 1750 qiro·

66 1769 143 1832 nodo
156 1773 327 1854 contingat,
345 1777 366 1836 a
382 1771 581 1836 Medicorum
597 1774 701 1856 potius
712 1773 834 1857 judicio
846 1775 1102 1856 exspectandum
1117 1786 1173 1839 cst.
1209 1779 1346 1856 Interea,

65 1877 293 1959 quiquamdarn
318 1880 417 1963 hujus
432 1880 477 1942 rei
503 1880 649 1943 notitiam
676 1879 843 1959 desiderat,
870 1882 983 1964 poterit
998 1881 1085 1944 adire
1113 1883 1346 1949 Gonzalezium

64 1983 221 2051 addietum
248 2008 318 2070 cap.
334 1989 363 2052 3.
406 1989 478 2052 Hoc
492 1989 661 2052 observato
687 1989 870 2054 morborum
896 1990 1089 2073 discrimine,
1117 2013 1182 2058 nou
1210 1993 1346 2059 dubiunr

65 2115 119 2158 esse
133 2097 230 2180 debet,
248 2102 347 2164 teneri
370 2121 488 2165 sanum
504 2101 631 2164 infirmo
647 2122 854 2186 quacumque
870 2103 1003 2168 demum
1026 2107 1210 2170 infirmitate
1225 2128 1347 2192 correp-

65 2217 88 2266 to
100 2209 283 2292 cohabitare,
308 2223 406 2294 atque
422 2211 456 2273 in
472 2211 541 2294 ejus
557 2209 660 2276 officio
676 2232 753 2290 csse,
771 2213 797 2274 si
814 2223 954 2294 tempore
976 2215 1131 2278 contracti
1147 2215 1346 2299 conjugiial·

64 2323 98 2374 ter
110 2327 170 2379 erat
183 2317 334 2386 conscius
360 2316 555 2381 infirmitatis
574 2317 713 2395 alterius,
738 2319 824 2382 dicto
838 2341 907 2403 cap.
924 2321 952 2382 2.
971 2339 1049 2383 vers.
1067 2321 1216 2406 Leprosc'.
1260 2323 1303 2386 At
1318 2323 1346 2384 si

61 2422 210 2489 infirmitas
235 2439 398 2490 contracto
413 2431 562 2513 conjugio
586 2439 812 2510 supervenerit,
838 2431 941 2512 sitque
968 2431 1146 2494 admodum
1172 2431 1345 2514 graviscas

60 2549 112 2610 qua
125 2534 239 2598 scilicet
255 2542 275 2600 a
291 2511 450 2598 colrsortio
475 2535 645 2599 hominum
661 2535 759 2598 libero
777 2535 976 2600 Medicorum
998 2537 1119 2622 judicio
1142 2549 1346 2603 semoveatur

59 2639 195 2724 infirmus,
210 2643 488 2727 quemadmodum
505 2631 680 2727 aliquando
696 2645 728 2707 in
747 2665 809 2710 usu
825 2646 923 2708 luisse
939 2647 1062 2709 dictum
1078 2657 1134 2724 est,
1151 2665 1221 2727 cap.
1239 2645 1297 2724 13,
1313 2656 1345 2710 et

62 2755 337 2841 latericiorum.
356 2757 403 2820 12.
421 2755 657 2838 Deuteronom,
674 2779 742 2842 cap.
759 2757 809 2822 26.
826 2757 894 2822 libr.
911 2757 940 2820 2.
968 2757 1211 2838 Paralipomen,
1227 2777 1296 2840 cap.
1313 2757 1342 2819 2.

58 2861 92 2924 de
105 2867 219 2931 Eccles.
236 2862 372 2950 aedific,
396 2889 465 2952 cap.
482 2867 511 2931 4.
527 2857 568 2931 ἀό
584 2867 665 2931 Cler.
683 2879 810 2952 aegrot,
837 2869 910 2932 licet
925 2868 1084 2950 optimum
1105 2867 1277 2930 consilium
1293 2867 1342 2946 sit,

59 2993 159 3043 sanum
172 2981 346 3064 conjugem
361 2978 529 3061 exhortari,
553 2989 589 3044 ut
604 2999 679 3042 curm
696 2979 823 3042 infirmo
838 2979 1006 3057 cohabitet,
1029 2989 1060 3039 et
1076 2978 1255 3040 necessaria
1270 2977 1344 3042 sub-

57 3089 125 3154 sidia
138 3105 282 3176 praestet,
309 3114 373 3158 uon
389 3105 436 3158 est
461 3105 566 3157 tumen
594 3095 722 3176 percitus
748 3091 937 3174 adigendus,
965 3089 1050 3154 dicto
1065 3109 1134 3166 cap.
1163 3091 1190 3154 1.
1206 3083 1268 3154 hoc
1294 3089 1341 3153 tit.

57 3197 263 3266 ernmobrem
280 3203 398 3286 potiore
419 3204 490 3286 jure
507 3221 569 3264 noir
599 3201 756 3262 tenebitur
780 3199 926 3262 debitunt
952 3197 1080 3262 infirmo
1096 3197 1234 3277 reddere,
1260 3198 1342 3279 quin

57 3311 233 3378 contrarium
249 3311 368 3376 deduci
393 3313 494 3396 possit
509 3332 549 3374 cx
566 3309 650 3374 dicto
665 3330 734 3392 cap.
751 3309 780 3372 2.
796 3307 877 3372 irers.
901 3309 1044 3382 Quodsi
1060 3311 1178 3422 viprcin,
1202 3308 1289 3389 quod
1307 3317 1342 3369 ut

56 3423 239 3498 praecedenti
265 3423 407 3508 capitulo
432 3423 610 3500 cohaereat,
637 3419 893 3503 interpretaberis
919 3418 960 3480 de
986 3419 1121 3500 conjuge
1144 3417 1281 3495 infirmo,
1298 3414 1340 3476 ad

55 3548 138 3609 quern
151 3557 250 3600 santis
266 3535 336 3598 sine
352 3535 443 3618 graui
459 3534 580 3614 salutis,
597 3533 648 3595 uel
664 3531 750 3594 vitae
766 3529 949 3592 discrimine
972 3529 1072 3610 possit
1087 3527 1245 3607 accedere;
1263 3543 1340 3608 que·

55 3637 249 3706 madmodum
267 3642 387 3725 passim
403 3640 544 3704 universi
561 3640 793 3722 propemodum
808 3639 1006 3719 interpretes,
1028 3655 1067 3699 ac
1083 3633 1277 3716 pragmatici
1294 3636 1340 3698 in·

54 3749 237 3816 telleserunt.
282 3751 396 3836 Neque
426 3747 541 3812 iterum
568 3747 793 3812 difficultatem
819 3747 917 3810 saciat
942 3747 1143 3811 rescribentis
1174 3746 1339 3810 Pontificis

52 3857 180 3938 subjecta
194 3849 280 3940 ratio,
306 3859 460 3924 nimirum
480 3859 572 3954 ,quod
590 3857 679 3922 nulla
696 3859 735 3923 sit
764 3859 797 3921 iu
814 3859 874 3921 hoc
891 3859 995 3942 speeie
1023 3857 1165 3941 Apostoli
1182 3859 1336 3938 exeeptiru

51 3981 139 4028 uerno
151 3971 232 4035 euim
248 3971 380 4056 ignorat,
397 3972 574 4056 aliquando
590 3973 748 4054 rescriptis
764 3972 929 4055 generales
946 3973 1084 4034 rationes
1106 3973 1246 4055 adjectas
1261 3970 1337 4034 suis-

50 4093 92 4152 se,
107 4093 183 4157 quac
198 4091 304 4146 tamen
320 4079 361 4144 ad
377 4082 570 4168 propositam
588 4083 726 4164 speciem
743 4093 818 4144 sunt
843 4081 1080 4163 restringendae
1101 4097 1164 4142 uon
1182 4077 1221 4140 ad
1239 4077 1337 4138 stabi-

48 4179 181 4250 liendam
196 4165 376 4272 generalem
392 4193 547 4276 regulam,
565 4203 594 4256 et
611 4189 651 4254 ad
668 4191 748 4256 alios
764 4211 859 4254 casus
875 4192 1024 4274 rescripto
1042 4208 1105 4252 uon
1127 4189 1338 4274 comprohen-

47 4311 98 4356 sos
113 4298 335 4380 producendae.
