3146 4980
276 451 323 500 us
338 451 470 512 sonno,
486 453 530 500 ac
552 451 870 500 consumeremus
889 449 1147 498 contuerentur.
1312 433 1376 496 aab

229 581 230 587 ’
319 575 397 642 Hoc
411 595 539 662 quaque
554 573 593 640 de
609 595 712 643 caroso
727 575 771 659 (ei
786 583 817 640 te
827 574 1004 658 proverbio
1019 573 1180 656 tortgunt)
1199 621 1203 626 .

359 683 485 752 Mense
498 683 608 750 molus
623 683 718 770 Majo
732 686 852 750 nubere
866 685 993 770 vulgus
1008 685 1073 765 ot‘t‚·

92 895 199 964 Potiore
213 917 291 962 sane
302 899 383 982 jure,
409 915 475 962 nou
491 895 720 979 superstitioso,
747 905 784 962 ut
798 897 884 962 male
908 896 1012 962 feriati
1038 897 1139 980 aliqui
1166 896 1377 962 tradiderunt

92 1001 220 1068 damnati
233 1005 268 1068 in
282 1004 431 1068 Concilio
455 1003 649 1070 Tridentino
664 1023 742 1068 sess.
768 1005 819 1069 2⁴1„
835 1005 876 1068 de
890 1006 979 1070 Sam.
995 1007 1134 1070 matrim.
1155 1023 1226 1070 can.
1245 1007 1304 1086 11.,
1320 1006 1379 1072 sed

92 1115 221 1200 religioso
234 1117 325 1182 cultu
339 1128 427 1182 certa
442 1126 586 1199 tempora
601 1117 750 1180 Ecclesia
765 1117 886 1195 statuit,
901 1118 1051 1198 quibusa
1067 1118 1190 1200 nuptiis
1204 1117 1379 1182 abstinere·

92 1231 140 1286 tur.
178 1225 266 1290 Olim
280 1245 321 1290 ea
335 1237 479 1308 tempora
492 1223 747 1308 designabantur
772 1229 792 1290 a
807 1225 1056 1308 septuagesima
1072 1245 1176 1308 usque
1198 1225 1230 1288 in
1246 1235 1379 1290 octavas

91 1325 251 1410 Paschatis,
267 1331 345 1394 item
370 1332 472 1394 tribus
486 1330 746 1398 hebdomadibus
771 1342 846 1394 ante
862 1331 981 1394 festum
997 1333 1030 1398 S.
1046 1333 1182 1398 Joannis
1204 1335 1379 1415 Baptistae,

92 1447 116 1498 et
128 1437 164 1504 ab
174 1437 326 1505 Adventu
340 1437 472 1502 Domini
488 1455 592 1520 usque
604 1447 677 1520 post
691 1437 920 1520 Epiphaniam,
936 1455 1009 1500 can.
1025 1439 1072 1502 10.
1089 1457 1178 1503 caus
1190 1439 1241 1502 33.
1255 1449 1379 1520 quaest.

91 1545 115 1609 1
133 1545 227 1620 Quod
241 1545 360 1612 dicitur
373 1545 414 1609 de
430 1546 530 1613 tribus
552 1545 810 1613 hebdomadibus
826 1558 900 1612 ante
915 1543 1035 1610 festum
1055 1545 1088 1608 S.
1104 1544 1248 1622 loannis,
1265 1543 1380 1606 intelll-

90 1659 216 1740 geudum
228 1669 280 1724 est
293 1659 335 1722 de
350 1659 451 1724 tribus
472 1657 839 1739 hebdomadibussquae
854 1657 1014 1740 incipiunt
1034 1655 1077 1718 ab
1091 1655 1297 1720 bebdomada
1313 1653 1378 1718 Do·

90 1771 211 1836 minicae
226 1768 446 1848 ascensionis,
471 1779 504 1832 et
517 1768 618 1834 finem
633 1769 755 1834 habent
778 1769 813 1832 in
827 1766 1043 1848 hebdomada,
1066 1785 1151 1848 quae
1166 1765 1310 1848 sequitur
1328 1783 1377 1828 so·

89 1877 213 1946 lemnam
227 1881 317 1948 diem
340 1881 555 1960 Pentecostes,
581 1877 859 1962 quemadmodum
874 1879 1047 1944 definitum
1071 1879 1198 1942 videtur
1212 1880 1247 1942 in
1260 1897 1331 1961 cap.
1346 1879 1377 1944 4.

88 1989 121 2054 de
132 1991 221 2074 feriis,
236 2011 360 2076 exque
386 2003 549 2078 praeterea
561 1991 741 2070 deducitur,
767 1991 802 2056 in
816 1991 914 2054 variis
928 1989 1085 2054 Ecclesiis
1106 1990 1210 2054 varios
1225 1989 1327 2054 fuisse
1340 1991 1380 2056 ri·

87 2109 138 2182 tus,
153 2121 189 2168 ao
202 2102 466 2168 consuetudines.
499 2099 606 2164 Hodie
621 2101 743 2164 utimur
753 2102 834 2184 Jure,
850 2100 939 2182 quod
953 2101 1169 2164 constitutum
1183 2111 1232 2164 est
1246 2101 1279 2162 in
1296 2100 1379 2164 Gon·

88 2207 150 2272 cilio
162 2208 354 2274 'Pridentino
368 2227 446 2272 sess.
472 2207 523 2272 24.
539 2205 581 2270 de
595 2206 665 2272 Res.
694 2206 833 2270 matrim.
859 2207 1006 2288 oap.10.,
1030 2225 1096 2289 quo
1118 2207 1321 2289 praecipitur,
1337 2207 1380 2270 ab

86 2319 224 2386 Adventu
239 2320 375 2386 Domini
396 2319 550 2402 usquein
565 2318 653 2384 diem
664 2317 891 2400 Epiphaniae,
911 2330 944 2384 et
958 2325 979 2386 a
993 2318 1072 2383 feria
1093 2331 1210 2402 quarta
1225 2320 1380 2384 Cincium

88 2447 176 2514 usque
190 2434 225 2498 in
238 2443 390 2498 octavam
411 2427 582 2496 Paschatis
597 2429 756 2494 inclusive
770 2431 924 2512 antiquas
937 2431 1127 2514 nuptiarum
1150 2429 1380 2514 prohibitiones

86 2535 242 2622 diligenter
255 2539 299 2604 ab
312 2537 465 2604 omuibus
490 2536 661 2616 observari,
688 2537 762 2600 aliis
776 2549 852 2600 reto
867 2537 1061 2619 temporibus
1085 2537 1215 2619 nuptias
1230 2536 1382 2600 solemni·

87 2651 127 2706 tar
138 2643 284 2710 celebrari
298 2645 501 2727 permissum.
544 2643 597 2708 Ad
612 2644 906 2726 interpretationem
921 2644 1106 2710 Tridentini
1122 2643 1249 2708 Decreti
1265 2645 1380 2726 vulga·

87 2752 125 2816 ris
137 2767 181 2819 est
192 2767 224 2820 et
238 2755 493 2839 Theologorum,
509 2765 542 2820 et
555 2755 807 2822 Canonistarum
820 2755 939 2838 opinio,
954 2755 1159 2836 tradentium,
1183 2757 1380 2838 temporibus

86 2877 248 2932 memorato
262 2867 400 2931 Decreto
414 2865 592 2949 designatis
607 2885 672 2932 non
689 2866 849 2950 prohiberi
864 2867 1106 2930 matrimonium
1128 2865 1314 2949 simpliciter
1328 2887 1379 2930 oo-

87 2991 147 3040 ttm
158 2975 304 3042 Parocho
318 2976 474 3053 cannam,
500 2977 558 3040 sad
573 2983 701 3040 tantum
717 2977 876 3058 prohiberi
890 2977 1078 3058 nuptiarum
1100 2977 1329 3058 solemnitates,
1345 2979 1380 3042 id

86 3095 136 3165 est,
148 3087 325 3152 solemnem
349 3098 381 3151 et
395 3087 560 3170 publicam
586 3087 823 3152 traductionem
839 3107 977 3171 sponsae
992 3089 1035 3152 ad
1050 3087 1185 3154 domum
1212 3093 1333 3173 sponsi,
1348 3102 1381 3154 et

87 3194 250 3261 solemnem
263 3193 522 3269 benedictionem
545 3195 626 3258 inter
641 3195 818 3260 Missurum
840 3195 999 3260 solemnia
1013 3195 1207 3260 faciendam.
1246 3197 1381 3278 Pagus·

86 3306 193 3370 amad
219 3305 374 3389 Oapitum
403 3305 634 3390 &appellantes
659 3303 699 3368 de
724 3302 821 3368 feriis.¹
865 3303 1016 3368 'Pantum
1041 3304 1188 3368 indicent
1202 3305 1380 3386 Scriptores

88 3407 184 3494 aliqui,
207 3411 242 3476 in
257 3411 402 3476 nonullis
417 3409 616 3476 dioecesibus
630 3411 672 3474 ob
685 3409 864 3491 singularia
875 3411 1083 3492 synodorum
1099 3419 1226 3488 statuta,
1242 3410 1296 3474 vel
1313 3430 1381 3492 pro·

87 3511 166 3580 batus
179 3517 362 3602 singulares
376 3517 637 3598 eonsuetudines,
655 3529 824 3601 ‚receptum
839 3537 920 3598 esse,
936 3528 972 3584 ut
987 3517 1124 3584 Paroohi
1145 3537 1211 3582 non
1225 3518 1380 3601 audeant,

88 3635 125 3682 ne
137 3621 240 3687 minus
254 3622 388 3707 quidem
403 3623 596 3706 solemniter,
612 3626 801 3690 benedicere
815 3627 1038 3706 matrimoniis,
1055 3627 1094 3690 iis
1108 3629 1315 3710 temporibus,
1333 3630 1381 3696 nl·

89 3725 115 3788 si
124 3729 245 3796 obtenta
259 3731 302 3796 ab
326 3723 490 3817 Episcopo
515 3735 763 3818 dispensatione.
807 3735 983 3818 vulgarem
999 3737 1094 3800 istam
1113 3737 1319 3808 traditionem
1332 3737 1379 3802 di·

89 3849 147 3900 cere
158 3840 291 3923 quidem
315 3859 449 3926 possum
464 3861 642 3910 consonare
666 3863 744 3908 cum
759 3845 901 3928 generali
916 3847 1060 3928 quadam
1075 3847 1210 3914 inducta
1225 3850 1379 3916 recentio-

91 3960 150 4010 rum
164 3950 365 4016 saeculorum
379 3949 623 4030 consuetudine,
637 3971 740 4034 qnam
753 3955 796 4018 ob
810 3955 942 4040 injurias
958 3965 1137 4036 tempomm
1163 3975 1230 4020 non
1247 3955 1380 4020 omniuo

92 4047 243 4121 damnarit
257 4055 441 4122 Concilium
467 4057 709 4139 Tridentinurn,
734 4059 868 4142 quando
883 4062 917 4124 in
932 4081 1010 4125 sess.
1025 4062 1077 4126 24.
1097 4062 1137 4126 do
1151 4063 1294 4128 Sacram.
1311 4079 1379 4126 ma-

92 4161 161 4226 ttim.
174 4183 244 4230 can.
259 4166 290 4230 2.
306 4165 386 4230 illud
409 4165 616 4235 interdictum
630 4169 737 4234 retulit
752 4168 795 4232 ad
817 4171 1058 4238 solemnitatem
1078 4173 1285 4256 scriptionum,
1301 4189 1380 4252 qua-

92 4281 154 4334 tutn
165 4272 259 4338 etiam
273 4274 471 4340 mentionem
496 4274 572 4340 fecit
586 4259 739 4361 incapite
766 4279 815 4342 10.
832 4278 979 4364 ejusdem
1001 4299 1079 4344 sess.
1096 4280 1135 4342 de
1150 4277 1222 4342 llas.
1239 4280 1377 4346 matrim.

94 4369 197 4440 Verum
210 4379 236 4442 si
250 4379 371 4463 priscos
396 4380 565 4448 Ecclesiae
579 4401 731 4464 canones,
746 4375 864 4470 quibus
880 4386 1011 4468 spiritns
1033 4385 1205 4449 Ecclesiae
1216 4383 1379 4466 panditur,

95 4481 159 4560 (11118
169 4483 345 4574 inrettiget,
359 4486 588 4576 agu'moatque,
603 4491 763 4560 interdicti
776 4513 912 4560 causam
926 4513 1002 4560 eam
1017 4512 1097 4576 esse,
1112 4503 1278 4578 pmpterea
1291 4491 1380 4578 quod
