3216 4988
196 429 258 490 258
428 448 516 494 erus
545 439 930 510 raram,n1ssterrvar'10
956 444 1103 511 aurave,
1120 453 1196 498 cnr.
1213 421 1267 498 lv.
1313 463 1323 492 r
1421 419 1427 430 ’

236 571 290 632 Sic
306 569 469 651 explicata
484 591 639 652 germana
662 591 779 634 usurae
795 583 919 653 natu-ra,
930 575 1001 657 jure
1016 573 1228 654 concluditur,
1253 575 1346 638 illam
1359 585 1389 638 et
1403 587 1480 640 natu·

193 681 258 760 rali,
276 693 307 744 et
323 683 441 760 divino,
469 695 501 745 et
516 683 740 761 ecclesiastico,
767 693 799 746 et
821 684 909 746 civili
920 687 992 767 jure
1015 685 1195 766 improbari.
1239 685 1285 749 Ut
1299 685 1481 749 demonstra·

191 804 270 870 rent,
282 795 337 876 jus
365 789 512 854 naturale
527 793 568 855 ab
584 793 690 854 usuris
706 793 880 873 abhorrere,
897 795 1047 857 nonnulli
1063 795 1270 874 tradiderunt,
1294 773 1431 858 maxime
1444 815 1482 858 re·

192 919 346 982 pugnare,
362 922 403 962 ex
421 901 558 982 pecunia
574 913 688 982 suapte
704 913 819 963 natura
836 893 1033 964 infructifera
1056 903 1199 964 fructum
1214 903 1344 984 percipi;
1361 903 1431 966 item
1445 925 1484 966 re·

191 1031 343 1093 pugnare,
370 1009 493 1073 fructus
509 1012 580 1092 capi
596 1030 685 1072 exre
701 1011 817 1089 aliona,
842 1009 950 1090 qualis
965 1022 1014 1071 est
1029 1011 1168 1092 pecunia
1183 1012 1312 1089 credita,
1335 1011 1484 1094 cujusda

191 1118 327 1180 minium
344 1137 409 1180 non
437 1117 599 1180 creditoris
615 1129 670 1196 est,
697 1119 753 1180 sed
770 1119 928 1196 debitoris,
956 1131 1032 1182 sunt
1047 1121 1108 1181 ista
1134 1120 1230 1182 nimis
1246 1120 1378 1182 subtilia
1401 1115 1496 1203 argu-'

192 1237 309 1302 monta,
327 1225 359 1284 in
376 1243 512 1303 quorum
529 1223 684 1305 adspectu
702 1237 827 1288 tantum
847 1227 954 1308 liquet,
971 1247 1033 1305 eos,
1049 1231 1106 1309 qui
1122 1247 1237 1290 usuras
1255 1242 1483 1311 oppugnarunt,

190 1335 271 1398 nihil
288 1335 436 1408 otuisisse
450 1334 557 1412 studii,
585 1345 621 1396 ut
637 1335 767 1397 easdem
783 1336 1024 1404 insectarentur.
1055 1337 1194 1408 ¹Interea
1210 1348 1320 1398 tarncn
1347 1338 1401 1400 illa
1415 1339 1481 1400 faci·

190 1444 212 1504 li
242 1444 368 1524 nogotio
394 1441 572 1520 diluuntur,
600 1453 631 1503 et
658 1444 797 1523 primum
824 1444 964 1524 quidem,
993 1445 1020 1504 sl
1035 1443 1169 1520 dicatur,
1191 1442 1316 1505 fructus
1331 1442 1485 1509 naturales

189 1549 332 1611 maxime
347 1549 504 1630 distingui
527 1560 671 1632 'oportere
687 1535 709 1613 a
723 1551 881 1628 civilibus,
908 1563 940 1613 et
955 1553 1128 1632 pacatulam
1153 1551 1250 1612 talem
1266 1552 1398 1632 quidem
1412 1573 1485 1630 esse,

190 1653 273 1740 quac
284 1671 399 1722 natura
412 1658 552 1722 fructum
566 1679 629 1722 non
640 1659 753 1741 pariat,
767 1660 854 1722 civili
866 1671 973 1721 tamen
988 1660 1107 1722 ratione
1117 1671 1148 1722 et
1157 1660 1262 1741 ipsam
1273 1655 1483 1724 frttcttrmeda

189 1789 230 1844 re,
245 1771 270 1832 si
283 1763 481 1846 exerceatur,
499 1769 645 1846 alterum,
663 1769 689 1829 si
700 1769 834 1846 dicatur,
852 1751 997 1832 usurasti
1012 1766 1165 1830 creditore
1177 1769 1242 1850 peti
1258 1787 1324 1832 non
1338 1783 1481 1851 tanquam

187 1875 311 1940 fructus
326 1877 367 1938 rei
379 1855 518 1938 creditae
530 1877 562 1937 in
576 1875 677 1937 aliurn
689 1876 872 1954 translatae,
886 1875 942 1936 sed
954 1887 1110 1956 tanquam
1123 1877 1304 1957 praemium
1316 1877 1432 1941 dilatae
1440 1897 1480 1940 so

187 1987 327 2064 lationis,
343 1990 409 2047 sive
420 1997 576 2067 tanquam
591 1988 769 2068 praemium
780 1983 950 2062 creditoris,
964 1986 1114 2066 patientis
1126 1975 1312 2066 percertum
1323 2003 1483 2070 tempusse

189 2097 325 2177 pecunia
337 2115 397 2159 sua
407 2115 522 2174 carere,
538 2115 622 2176 quac
634 2115 713 2156 sane
726 2100 744 2158 a
761 2093 903 2175 patronis
916 2112 1086 2158 usurarum
1101 2094 1222 2174 pasism
1234 2095 1349 2157 adferri
1363 2095 1395 2158 in
1406 2097 1480 2157 hanc

187 2223 253 2266 rern
267 2203 378 2265 solent.
408 2203 521 2283 itaque
538 2203 668 2283 aptiora,
685 2220 723 2262 ao
740 2199 891 2261 solidiora
906 2199 1112 2280 producenda
1128 2210 1202 2262 sunt
1219 2213 1419 2282 argumenta.
1444 2199 1479 2261 Et

188 2287 322 2396 quidem
334 2315 490 2396 imprimis
501 2313 645 2391 observa,
658 2327 711 2390 par
725 2327 841 2371 usuras
852 2307 1057 2388 aequitatem,
1069 2325 1154 2387 quae
1165 2307 1382 2368 contractibus
1392 2305 1480 2367 omni·

122 2393 127 2402 ⁸
188 2427 250 2489 bns
263 2427 366 2487 inesse
378 2423 481 2500 delict,
499 2422 592 2499 leodi,
606 2420 686 2482 dum
698 2438 754 2500 pro
770 2417 892 2480 minore
904 2414 1024 2478 credita
1040 2413 1219 2494 quantitate
1231 2413 1301 2474 sine
1316 2431 1415 2474 causa
1425 2427 1481 2471 ma·

182 2537 267 2620 jorin
280 2533 424 2598 debitum
438 2533 535 2610 venit,
551 2531 571 2593 l.
582 2530 658 2618 206.
668 2527 707 2588 tf.
721 2527 760 2588 de
772 2525 871 2606 regul.
884 2527 945 2608 jur.
969 2523 1014 2585 Et
1028 2523 1160 2603 quando
1175 2522 1281 2584 officia
1298 2521 1379 2584 inter
1392 2517 1481 2581 bomi-

185 2661 245 2706 nes
260 2652 377 2704 natura
392 2641 463 2722 ipsa
477 2639 538 2700 cict
554 2637 606 2714 itd,
631 2643 667 2697 ut
682 2633 770 2716 quod
785 2633 878 2694 nobis
895 2651 958 2693 nou
974 2631 1072 2708 obest,
1089 2629 1179 2690 alteri
1202 2629 1340 2709 gratiose
1356 2635 1481 2709 praesta

185 2761 269 2831 tuuc,
286 2749 392 2812 officia
406 2748 521 2811 eadem
531 2746 630 2828 hujus
643 2743 768 2826 genciis
783 2739 912 2803 incivile
927 2750 976 2801 est
987 2751 1072 2801 certo
1084 2738 1185 2820 pretio
1198 2737 1373 2798 aestimari.
1396 2735 1482 2796 Dein·

188 2861 228 2922 de
243 2859 384 2938 observ0,
402 2855 536 2939 receptis
552 2854 659 2917 usuris
674 2849 821 2912 fraudem
839 2849 907 2911 ficri
930 2847 1129 2910 commerciis
1146 2847 1280 2909 utilibus
1296 2846 1377 2908 inter
1391 2842 1481 2907 homi·

187 2965 421 3060 nesineundis,
450 2965 518 3026 sive
533 2959 621 3043 quod
636 2957 752 3036 divites
778 2975 950 3020 usurarum
977 2975 1033 3036 spe
1048 2955 1145 3018 illecti
1170 2955 1305 3017 caeteris
1329 2953 1481 3018 contracti·

187 3079 257 3154 bas,
274 3088 305 3138 et
330 3071 482 3157 proficuis
498 3071 619 3134 artibus
645 3069 718 3131 vale
734 3067 884 3147 dicerent,
913 3065 972 3126 soli
989 3076 1102 3128 mutuo
1117 3065 1159 3126 ad
1183 3065 1409 3145 patrimonium
1423 3081 1480 3124 am·

189 3187 404 3272 plilicandum
430 3185 553 3263 intenti,
579 3183 647 3246 sive
663 3180 785 3264 quod'
778 3199 889 3260 mopes
905 3179 946 3239 ad
971 3197 1141 3239 usurarum
1159 3178 1404 3276 praestationem
1421 3175 1478 3236 obs·
1537 3245 1543 3264 Α

188 3299 272 3362 tricti
297 3296 387 3360 brevi
413 3291 641 3357 facultatum'
629 3300 695 3372 Jact
699 3305 791 3350 uram
809 3287 954 3349 t'acerent
982 3285 1216 3358 universarum,
1243 3279 1362 3344 exinde
1384 3291 1476 3342 autem

188 3405 374 3492 proficisci,
383 3403 582 3468 uthumana
608 3397 750 3460 societas
766 3407 935 3472 evertatur,
961 3405 999 3472 ot,
1028 3393 1104 3455 solis
1130 3391 1269 3473 demptis
1291 3387 1479 3468 exactoribus

190 3533 373 3612 usurarum,
399 3510 516 3574 caeteri
532 3507 574 3570 ad
599 3518 779 3568 extremam
802 3515 977 3585 egestatem
1004 3501 1197 3582 redigantur
1242 3499 1389 3562 Observa
1405 3494 1480 3558 deui

190 3649 262 3712 que,
279 3635 431 3689 naturam
457 3623 561 3704 ipsam
577 3619 618 3681 ab
633 3607 853 3681 hominibus
846 3633 880 3676 m
895 3613 1045 3675 societate
1072 3613 1182 3693 positis
1190 3596 1371 3693 postulare,
1396 3621 1429 3673 ut
1442 3609 1480 3670 itt-

191 3737 316 3800 dustria
331 3753 392 3796 sua
407 3751 472 3794 non
486 3731 558 3808 otio,
574 3747 648 3790 non
663 3721 796 3802 desidia,
814 3743 873 3786 uec
889 3722 957 3783 sola
979 3722 1072 3783 inerti
1083 3715 1328 3802 exspectatione
1347 3715 1483 3800 temporis

193 3852 287 3914 rebus
303 3849 380 3924 suis,
408 3853 505 3924 atque
521 3837 651 3903 utilitati
675 3821 827 3899 lamiliari
851 3831 1033 3910 consulant,
1060 3831 1148 3892 uude
1163 3831 1302 3893 Romani
1328 3845 1481 3910 nunqnam

191 3979 279 4046 passi
271 3957 434 4032 'suerunt
459 3971 500 4014 ex
516 3949 741 4026 solotcmpore
766 3942 863 4004 oblat'
843 3952 963 4003 tionem
979 3938 1089 4020 induci
1113 3948 1169 4001 aut
1180 3939 1235 4034 jus
1257 3935 1394 4016 adquiri.
1429 3931 1481 3994 Ec·

193 4069 266 4152 quis
282 4085 374 4150 porro
389 4081 454 4125 uon
470 4059 587 4135 videat,
615 4055 659 4117 ita
675 4059 695 4116 a
711 4063 826 4114 natura
841 4025 1027 4129 comparata
1043 4065 1112 4107 esse
1129 4022 1268 4126 praedia,
1296 4056 1333 4105 ut
1351 4037 1481 4124 diligenti

193 4176 321 4240 cultura
336 4167 459 4234 fructus
483 4163 614 4227 domino
629 4159 764 4241 pariant,
791 4157 836 4217 ita
851 4165 1000 4216 naturam
1017 4153 1143 4213 acuisse
1169 4151 1364 4212 hominum
1357 4146 1480 4230 ingenia

196 4299 231 4351 ut
247 4284 386 4348 editione
400 4296 506 4364 rerum
522 4288 681 4341 novarum
698 4285 758 4328 sua
772 4263 883 4326 omnia
897 4271 1116 4344 promoveant,
1129 4277 1180 4320 nc
1195 4256 1276 4320 alias
1292 4279 1347 4339 per
1360 4257 1480 4318 otiosam

197 4397 298 4456 vitam
316 4390 392 4452 vitia
408 4398 557 4468 quaeque
573 4377 716 4440 foveantr
706 4381 804 4451 ur,et
772 4369 974 4432 etlatissime
991 4365 1137 4447 serpant?
1179 4363 1268 4426 Haec
1290 4359 1479 4443 Reipublicae

198 4494 417 4566 incommoda
415 4511 458 4554 ex
475 4483 620 4551 usurario
635 4477 765 4544 foenore
777 4477 919 4539 veluti
903 4497 921 4536 e
938 4473 1042 4535 radice
1058 4465 1215 4548 derivant,
1231 4467 1364 4550 quaudo
1378 4461 1479 4526 sortirer
