3146 4980
16 4858 157 4945 A

202 431 268 496 362
518 445 762 504 ursssurn'rr'o
784 415 965 513 ederunt(
978 447 1128 510 adress.
1152 442 1177 508 1.

203 555 533 660 telmemgmribus
560 579 749 659 pharisaeis,
766 601 807 645 an
819 582 928 647 liceret
941 585 1065 648 homint
1078 586 1238 650 dimittere
1255 605 1387 652 risorem
1401 604 1490 654 auam

200 703 407 768 quacumque
422 707 464 750 ex
486 707 595 767 cansa,
619 687 716 771 alque
736 691 775 752 ad
801 711 873 754 eam
897 699 962 755 rein
986 693 1227 776 subjicientibus
1249 695 1372 777 Moysis
1388 713 1486 758 ertem-

199 793 298 877 plum,
314 795 370 878 qui
387 795 531 859 libellum
549 797 670 880 repudii
686 797 769 878 darc,
796 811 826 862 et
841 801 998 863 dimittere
1015 803 1234 882 maudaverat,
1250 815 1416 886 postquam
1433 823 1485 866 res

196 906 317 990 pandit,
344 925 408 972 non
424 929 493 970 asse
509 910 550 971 ab
576 909 705 1007 homine
722 911 945 991 separandum,
972 913 1060 994 quod
1075 911 1167 978 fulta
1195 913 1264 977 Deo
1278 919 1483 998 conjunctum,

198 1013 252 1078 ait:
286 1016 454 1088 Quoniam
471 1016 604 1101 Moyses
628 1017 673 1082 nd
686 1019 849 1082 duritiam
873 1021 979 1083 cordis
993 1023 1094 1084 vestri
1107 1023 1262 1104 permisit
1283 1023 1372 1086 nodis
1386 1023 1486 1085 diruit·

197 1134 263 1188 tere
277 1146 395 1189 risores
420 1134 560 1188 vestros:
577 1127 617 1190 ub
644 1127 739 1190 initio
755 1137 866 1190 rrrrtem
891 1151 955 1192 uon
970 1129 1116 1212 snitsio.
1160 1127 1210 1190 Ad
1229 1129 1390 1190 llosoieae
1414 1127 1485 1209 legia

198 1235 488 1318 interpretationem
513 1235 578 1299 duo
605 1241 783 1301 necessario
809 1253 883 1301 suut
908 1239 1145 1322 distinguenda.
1191 1240 1337 1302 Primum
1363 1251 1417 1316 est,
1438 1255 1484 1321 po

197 1346 295 1407 tuisse
311 1345 441 1407 maritos
457 1365 590 1410 uxorem
606 1345 773 1428 dimittere;
791 1349 926 1411 alterurn
939 1361 994 1426 est,
1011 1351 1140 1412 maritos
1158 1369 1289 1412 uxorem
1307 1349 1484 1412 dimissuros

196 1451 340 1550 libellum
367 1455 490 1538 repudii
514 1455 590 1518 dare
616 1453 774 1521 debuisse.
819 1457 856 1520 ln
875 1477 976 1541 primu
1001 1460 1093 1522 uulla
1123 1461 1201 1542 legis
1217 1473 1357 1542 potestas
1382 1462 1482 1534 inerat,

196 1571 322 1624 tautum
338 1561 533 1644 dispensatio
548 1563 719 1644 quaedam,
736 1583 792 1626 seu
809 1563 1018 1644 indulgentia,
1035 1565 1169 1628 dixerim
1183 1567 1278 1629 etium
1295 1565 1482 1649 patientiam,

193 1671 379 1758 quatiebat,
409 1685 442 1738 ut
457 1661 626 1736 dimittens
649 1693 785 1756 poenam
814 1675 891 1756 legis
907 1673 1065 1736 evaderet.
1110 1675 1147 1737 Iu
1165 1673 1263 1738 altero
1287 1671 1484 1759 pracceptum

193 1785 421 1866 gravissimum
447 1783 679 1863 contirrebatur;
696 1795 829 1846 noverat
843 1767 934 1846 enim
953 1783 1091 1868 Moyses,
1107 1805 1145 1847 ea
1164 1779 1284 1848 ratione
1300 1782 1482 1850 difficiliores

193 1891 269 1973 fieri,
286 1904 316 1977 et
342 1894 472 1956 rariores
498 1893 706 1955 divortiorum
732 1913 856 1957 causas,
883 1893 968 1974 quud
986 1895 1128 1956 maximo
1154 1894 1268 1957 eratin
1288 1895 1481 1959 ludaeorum

192 1997 370 2082 Republica
379 1997 614 2084 ,exoptandum
641 2001 795 2081 quoniam
813 2001 867 2062 vix
883 2000 1014 2065 obtineri
1031 2015 1161 2085 poterat,
1189 1997 1224 2066 ut
1241 2005 1373 2086 repudia
1386 2001 1482 2067 abole-

192 2119 309 2192 rentur,
327 2110 403 2192 quin
432 2109 578 2192 graviora
603 2087 798 2191 emergerent
815 2109 1027 2174 incommoda.
1072 2111 1158 2181 Quis
1174 2113 1280 2174 statim
1304 2121 1369 2175 riou
1388 2105 1479 2190 videt,

190 2213 331 2282 iudaeos
347 2219 387 2281 ad
405 2197 670 2283 coriscrlbeudum
688 2211 832 2282 libellum
849 2219 969 2302 repudii
997 2205 1165 2282 adstrictos
1182 2201 1339 2301 imprimis
1354 2217 1485 2280 seriode

191 2325 382 2394 dimittenda
400 2312 670 2426 uxoracogita're,
695 2347 733 2391 ne
759 2329 932 2391 deliberare
953 2327 1118 2392 debuisset
1151 2329 1251 2392 'l'lrun
1275 2327 1358 2390 haee
1373 2323 1487 2391 delibe·‘

190 2437 269 2502 ratio
282 2426 523 2524 ficr·et,'spcrar·i
539 2431 728 2522 poterat-'ut'
744 2431 921 2520 quiesceret
946 2433 1098 2522 praeceps
1115 2421 1215 2500 a'lrlml
1234 2433 1376 2520 daginus
1389 2435 1481 2518 mpe-
1562 2435 1563 2477 l

189 2531 251 2624 lrrS,
266 2546 321 2627 qui
345 2543 422 2610 sorte
439 2542 591 2609 maritum
616 2544 825 2628 corripuisset,
853 2542 884 2608 et¹
899 2543 938 2608 ad
956 2541 1180 2608 dirui'ttor'rrlrinl
1197 2537 1330 2610 uxorein
1348 2533 1479 2608 adduce·

190 2665 244 2718 ret.
286 2655 415 2742 Deinde
431 2655 583 2740 quoniam
600 2667 672 2720 acta
687 2654 985 2740 publicariSciibis
1001 2655 1137 2739 publicis
1152 2647 1346 2740 pendebant,
1361 2667 1391 2720 et
1404 2651 1481 2721 Scri·
1515 2669 1518 2676 '
1561 2651 1562 2690 l

188 2747 248 2836 bae
265 2760 325 2824 viri
338 2773 444 2824 esseut
459 2761 492 2825 in
507 2763 627 2846 populo
649 2758 756 2824 selecti
772 2755 1132 2845 prudentissimi,facile
1148 2781 1278 2826 evenne
1298 2773 1425 2847 poterat,
1447 2753 1480 2824 ut

188 2868 526 2960 eoncitati'coujugum
552 2857 653 2934 animi
668 2864 860 2952 interpositis
884 2868 1070 2952 dmicorum,
1087 2883 1117 2934 et
1133 2871 1325 2957 prudentem
1347 2873 1481 2937 virorum
1560 2927 1561 2964 ,

186 2976 300 3042 officiis
316 2979 570 3059 conciliarentur,
597 2989 628 3040 et
642 2977 727 3062 quod
745 2970 921 3061 gerendum
938 2991 1004 3041 erat
1022 2981 1053 3042 in
1069 2979 1299 3044 conscribendo
1315 2981 1426 3057 libello,
1449 2977 1479 3041 iu
1560 2967 1561 2983 ,

188 3089 310 3152 irritum
325 3091 457 3150 omnino
481 3085 617 3151 caderet.
663 3085 809 3150 Prudens
825 3087 986 3150 haeserat
1015 3068 1210 3164 aecodomia,
1226 3104 1291 3168 qua
1307 3102 1384 3149 sana
1403 3101 1483 3167 opus

188 3175 252 3260 don
268 3197 328 3260 suit
344 3196 377 3260 in
404 3217 488 3260 novo
503 3188 723 3276 Testamenta,
751 3197 783 3260 in
799 3217 863 3280 quo
878 3197 961 3261 sicut
987 3198 1175 3282 conjrrgirun'
1190 3199 1341 3282 majorem
1363 3184 1485 3276 accepit'

188 3305 371 3370 firmitatem
386 3307 427 3369 ob
442 3305 579 3390 figuram
595 3299 828 3391 conjunctionis
844 3301 970 3385 Christi,
987 3320 1018 3369 et
1033 3307 1200 3370 Ecclesiae
1223 3310 1372 3391 majorem
1387 3307 1481 3366 etiam
1558 3377 1559 3388 2

188 3417 248 3483 Dei
264 3421 398 3506 gratiam
417 3419 565 3484 fidelibus
590 3415 774 3482 conciliavit
789 3418 829 3483 ob
844 3413 1033 3502 dignitatem
1049 3415 1248 3483 decrementi
1268 3414 1479 3491 accedentem,

185 3545 252 3612 qtra
267 3527 407 3590 sanctior
432 3525 574 3591 redditur
589 3537 704 3589 mutua
718 3512 893 3609 conjugum
908 3523 1056 3603 charitas,
1086 3527 1128 3588 ita
1144 3523 1272 3588 facilius
1286 3523 1479 3608 'sperandum

185 3646 260 3714 erat,
277 3634 430 3718 futurum,
457 3649 492 3699 ut
507 3633 598 3699 nulla
614 3625 1058 3714 suborirenturincommoda,
1075 3637 1191 3717 quibus
1207 3633 1249 3697 ad
1270 3633 1405 3698 similem
1420 3629 1481 3694 dis·

184 3743 407 3826 pausationem
422 3755 505 3805 esset
520 3741 696 3826 aliquando
712 3739 960 3805 deveniendum.

226 3855 298 3920 Nou
317 3855 424 3936 procul
450 3853 627 3919 amoribus
642 3855 840 3920 ludaeorum
857 3855 996 3918 distabat
1024 3855 1243 3918 Romanorum
1258 3862 1401 3919 veterum
1417 3853 1478 3916 dis·

183 3963 311 4049 uiplina‚
326 3961 412 4047 apud
428 3985 508 4046 quos
523 3975 554 4026 et
570 3961 710 4048 repudia,
737 3977 769 4026 et
782 3963 917 4027 divortia
933 3967 1094 4047 vigebunt.
1138 3963 1360 4047 Repudiorum
1382 3965 1480 4027 nomi·

182 4097 223 4141 ue
239 4079 361 4161 proprio
388 4076 607 4161 intelligebant
621 4095 861 4159 quamcumque
885 4073 1131 4157 revocationem,
1154 4097 1209 4141 seu
1235 4075 1478 4140 dissolutionem

182 4189 252 4254 sive
262 4191 330 4274 jam
346 4189 423 4266 initi,
440 4191 507 4251 sive
523 4183 621 4250 futuri
647 4185 778 4250 iueuudi
794 4185 943 4268 conjugii3
968 4183 1025 4247 sed
1041 4183 1170 4248 nomine
1185 4183 1393 4246 divortiorum
1412 4193 1480 4244 tan·

183 4308 254 4359 tum
280 4295 523 4359 dissolutionem
543 4298 613 4380 jam
629 4295 696 4358 iniri
723 4295 916 4357 matrimonii
942 4293 1179 4376 significabaut;
1204 4313 1342 4376 eamque
1358 4292 1397 4354 ob
1413 4309 1479 4353 rem

183 4399 368 4483 repudiatas
384 4401 435 4465 vel
451 4409 594 4486 sponsas,
611 4402 661 4466 vel
678 4421 794 4466 uxores
810 4401 966 4482 dicebaut,
993 4401 1159 4466 divertisse
1176 4421 1239 4466 nou
1255 4419 1397 4484 sponsas,
1423 4399 1480 4462 sed

186 4529 312 4594 uxores,
329 4513 349 4576 l.
364 4515 393 4577 2.
409 4511 441 4577 ff.
468 4513 509 4576 dc
524 4501 677 4594 divortiis,
693 4521 723 4576 et
738 4511 888 4596 repudiis,
913 4507 935 4576 l.
952 4511 1022 4575 101.
1040 4511 1061 4580 i.
1078 4511 1118 4592 1,
1134 4509 1200 4574 etl.
1218 4503 1297 4575 ret?
1309 4505 1343 4573 ff.
1358 4507 1398 4570 de
1414 4523 1484 4570 ver·
