3210 4990
204 377 269 452 ttt
558 399 801 450 ureraanarro
822 399 978 463 conara,
1000 401 1080 448 ono.
1100 379 1161 448 111.

204 538 277 592 mm
291 519 401 604 poenis
416 520 616 604 gravissimis
630 521 824 602 afflixerunt,
841 523 1006 606 generales
1020 522 1200 590 admodtun
1220 521 1292 604 tint,
1308 541 1369 587 nee
1382 531 1511 608 propte-

203 649 259 694 rea
272 628 366 694 ieoile
381 631 503 712 possint
517 631 560 694 ed
573 649 627 694 eoe
644 641 770 698 tantum
780 629 896 711 referri,
911 632 969 714 qui
982 651 1085 696 oenoe
1097 629 1232 696 ineundi
1246 629 1444 696 matrimonii
1459 649 1510 694 rar

204 748 352 822 puerunt
369 756 463 802 aeone
477 738 566 802 enim
579 736 725 804 futurum
739 749 831 820 earet,
847 751 883 803 ut
898 739 973 802 illae
989 739 1045 802 vix
1060 738 1168 802 looom
1183 736 1346 815 haberant,
1362 735 1513 817 allegan-

109 925 113 936 .
205 849 291 914 tibus
307 849 493 931 raptoribus,
508 868 552 928 ee,
567 849 647 914 dum
662 861 818 932 raperent,
846 851 994 916 animum
1009 850 1196 932 nuptiarum
1210 844 1511 912 contrahendanrru

204 976 271 1027 non
286 960 447 1039 habuisse,
472 960 529 1042 qui
543 979 622 1024 eane
646 961 680 1024 in
695 979 734 1024 ea
748 981 781 1024 re
803 961 913 1044 legum
935 960 1195 1044 praesumptione
1215 961 1413 1044 juvarentur,
1427 975 1511 1024 enm

206 1069 430 1150 unusquisque
454 1067 488 1132 in
503 1067 601 1132 dubio
626 1078 848 1150 praesumatur
872 1067 906 1132 id
920 1067 1185 1151 noluisenuuod
1208 1073 1275 1132 rien
1288 1068 1423 1150 ignor-nt,
1432 1069 1511 1151 jure

205 1179 377 1244 consistere
392 1198 457 1244 non
482 1183 584 1262 porse.
627 1178 729 1259 Adde,
745 1179 928 1244 istiusmodi
942 1190 1092 1263 raptores,
1106 1180 1135 1244 ei
1148 1182 1338 1262 punirentur
1351 1166 1417 1244 non
1432 1197 1511 1262 poa·

206 1307 252 1354 na
265 1299 383 1370 raptus,
400 1288 457 1352 sed
472 1307 575 1371 poena
589 1288 640 1354 vis
653 1288 771 1366 illatae,
786 1287 976 1372 obligandos
992 1299 1070 1354 tuno
1084 1287 1151 1352 lore
1164 1287 1207 1352 ad
1222 1289 1364 1372 puellam
1379 1299 1511 1371 raptem

206 1398 242 1466 in
256 1416 389 1464 uxorem
411 1380 606 1475 habendam,
621 1395 684 1460 nisi
707 1415 781 1462 eam
795 1396 905 1462 dotare
929 1397 1109 1478 maluerint,
1124 1418 1191 1482 oap
1225 1400 1253 1462 l.
1268 1409 1301 1462 et
1313 1400 1343 1462 2.
1359 1397 1401 1461 de
1413 1397 1515 1462 adul-

207 1519 272 1588 ter,
286 1506 374 1590 quod
396 1527 475 1572 aene
488 1513 509 1572 a
523 1525 678 1589 germana
695 1507 804 1587 legum
826 1506 986 1569 sententia
1000 1506 1122 1570 nemini
1146 1525 1210 1570 noo
1225 1507 1370 1570 alienum
1385 1505 1511 1570 videbi·

208 1625 268 1680 tur.
312 1611 417 1698 Vulgo
430 1614 528 1680 etiam
550 1615 731 1693 observant,
745 1633 822 1678 eum
846 1619 987 1697 tpoena
1011 1625 1123 1697 reptos
1148 1615 1330 1680 immunem
1353 1632 1432 1694 esre,
1448 1617 1512 1698 qni

207 1743 274 1795 non
288 1723 458 1793 hennum
472 1723 650 1802 mulierem,
675 1721 781 1805 qualia
796 1733 880 1786 earet
902 1723 1061 1802 meretrix,
1076 1731 1209 1805 raperetr
1225 1741 1331 1806 neque
1344 1723 1427 1788 haee
1441 1723 1513 1807 opi-

187 1877 191 1886 »
207 1841 262 1908 nio
276 1839 421 1904 disemet
435 1835 580 1916 elegum
594 1832 709 1896 verbis.
752 1831 914 1912 Imprimis
929 1831 1015 1894 enim
1041 1831 1244 1896 Jortiniaorte
1258 1831 1292 1896 in
1312 1831 1398 1896 dieta
1412 1831 1433 1896 ι.
1450 1849 1511 1897 ort.

207 1957 337 2014 tanturn
350 1941 498 2011 meminit
518 1939 682 2022 virginum
695 1937 914 2019 honestarum
941 1937 1060 2002 deinde
1083 1937 1245 2021 Ulpianus
1259 1957 1344 2020 enm,
1359 1940 1416 2022 qui
1431 1939 1513 2005 elie·

208 2073 289 2128 natu
302 2049 456 2118 ancillam
479 2046 676 2118 meretricem
689 2048 805 2129 rapuit,
830 2045 908 2112 lorti
920 2065 989 2112 non
1014 2045 1115 2110 teneri
1136 2047 1358 2130 nppertiraime
1371 2049 1513 2132 seripelt,

209 2163 295 2232 t3lt.
311 2160 343 2226 ff.
358 2159 400 2228 oe
411 2157 515 2225 furtis.
558 2157 664 2240 Finge
677 2175 774 2236 nuno,
797 2158 867 2240 rapi
880 2157 1135 2224 eonoentientem
1152 2159 1304 2244 puellam,
1318 2160 1514 2230 dissentien-

209 2267 453 2354 t'rbusejuedem
468 2265 661 2350 parentibus,
674 2265 734 2345 vel,
750 2267 805 2330 ubi
820 2277 968 2350 parentet
975 2267 1360 2350 deliniameuretoribua.
1383 2269 1516 2338 Etiam-

209 2397 291 2447 num
306 2389 392 2462 puto,
407 2387 517 2458 raptus
532 2394 653 2458 poenae
678 2375 787 2440 locum
800 2395 871 2440 esea
884 2376 926 2440 ob
940 2377 1142 2460 peropionero
1165 2377 1340 2444 iustiniani
1353 2382 1513 2448 oortetitu·

210 2490 341 2572 uorem,
355 2486 434 2569 quie
455 2483 701 2551 consereretur
726 2483 899 2548 mulierum
914 2486 958 2548 alr
976 2485 1102 2550 irreidiia
1119 2483 1390 2569 nequissimorum
1404 2489 1515 2555 homi·
1594 2503 1595 2510 ’

209 2621 299 2681 nom,
315 2600 372 2683 qui
386 2597 533 2681 rapinam
552 2591 763 2674 meditentur,
778 2596 959 2677 extorqueri
982 2599 1204 2678 praesumitur,
1221 2598 1307 2664 diota
1321 2600 1341 2663 l.
1358 2617 1411 2664 on.
1428 2603 1452 2668 ι.
1467 2601 1513 2684 2,

206 2713 319 2796 junoto
335 2709 358 2774 l.
374 2707 413 2784 1.,
428 2705 463 2770 in
476 2721 542 2785 qno
557 2721 622 2768 non
637 2711 763 2766 tantum
786 2712 958 2783 parentum
971 2703 1092 2766 mentio
1111 2703 1156 2783 fit,
1172 2703 1342 2769 sedetiam
1357 2716 1514 2789 tutorum,

210 2830 451 2896 etouratorum;
477 2813 565 2878 unde
580 2811 697 2876 eruent
721 2812 812 2876 alteri
836 2813 1025 2895 quaestioni,
1049 2831 1130 2879 nom
1156 2826 1266 2898 raptor
1288 2835 1359 2880 erae
1373 2817 1513 2900 dicatur,

210 2927 268 2994 ubi
282 2945 349 2990 non
362 2922 404 3002 ri,
418 2919 476 2986 eod
501 2919 691 3001 importunis
705 2919 860 3002 precibus,
883 2930 942 2982 ant
954 2920 1130 3002 proponitis,
1154 2920 1278 2986 drrtrre
1292 2923 1450 3006 praemiis,
1465 2921 1516 2988 ie·

211 3033 302 3098 mina
326 3027 514 3105 abdueatun
540 3024 701 3106 etquidem
720 3028 795 3109 jure
818 3029 852 3092 in
878 3027 1066 3092 memoratio
1083 3029 1196 3110 poenit
1218 3030 1419 3096 stabiliendis
1442 3049 1516 3098 non

212 3149 340 3206 tantum
365 3136 440 3214 vim,
456 3133 513 3198 sed
537 3144 569 3197 et
583 3133 671 3216 quod
686 3134 719 3196 vi
742 3133 847 3198 simile
860 3153 930 3198 esne
956 3135 1092 3215 videtur,
1108 3137 1309 3218 puniendum
1329 3139 1516 3226 voluerant,

212 3267 255 3314 ne
268 3244 377 3310 hostili
402 3242 545 3324 quodam
558 3261 646 3305 more
671 3243 707 3305 iu
720 3241 882 3326 republica
912 3242 1116 3306 matrimonio
1131 3243 1300 3322 moiuntur,
1315 3243 1403 3308 diota
1418 3245 1437 3308 l.
1453 3263 1516 3312 un.

214 3364 237 3432 l.
255 3363 282 3426 1.
326 3360 450 3424 Potiore
465 3357 585 3421 ratione
600 3366 709 3438 raptus
721 3373 843 3438 poenae
858 3353 948 3416 loeus
963 3353 1026 3432 liet,
1042 3353 1097 3418 nbi
1112 3354 1221 3436 puelle
1236 3357 1520 3422 eonsentientlbue

213 3469 407 3553 parentibus,
423 3465 475 3530 vel
489 3465 687 3528 curatoribus
702 3481 759 3545 per
772 3463 839 3526 rim
854 3462 925 3544 ipea
938 3461 1127 3540 obtineatur,
1141 3477 1218 3526 torn
1234 3461 1267 3526 in
1282 3463 1440 3547 conjugiis
1453 3463 1520 3530 dtt·

187 3651 189 3654 ¹
212 3573 389 3642 aendarum
412 3573 616 3656 potissimum
639 3569 820 3652 puellarum
844 3585 1021 3635 censentur
1043 3565 1123 3630 liber
1146 3568 1278 3635 omnino
1292 3585 1363 3632 eote
1387 3569 1518 3650 debeat,

212 3695 310 3766 atque
325 3683 366 3746 ob
380 3699 454 3745 earn
468 3683 638 3763 praeeipne
650 3695 787 3740 oauaem
802 3675 889 3757 teger
903 3676 938 3738 in
952 3685 1091 3754 raptatae
1102 3675 1395 3740 animadverterint
1417 3677 1519 3748 ttoin

214 3809 297 3869 nero,
313 3789 340 3854 ai
366 3808 432 3856 uon
446 3789 495 3852 ιιι·
509 3787 685 3863 mulierem,
711 3783 770 3846 aed
785 3783 901 3846 mrrlier
925 3784 1032 3848 rtrum
1054 3783 1208 3866 rapuerint
1249 3783 1359 3848 Solius
1373 3785 1521 3868 protecto

213 3897 365 3982 rapientis
380 3897 440 3962 viri
454 3895 573 3960 mentio
588 3893 633 3972 fit,
650 3891 718 3955 aive
734 3892 768 3955 in
790 3889 879 3954 diota
893 3890 912 3954 l.
928 3907 994 3970 un,
1019 3891 1091 3954 eive
1102 3894 1137 3953 in
1151 3888 1239 3954 dioto
1253 3889 1445 3954 Trident'mo
1460 3889 1521 3956 do·

211 4019 306 4088 orato,
332 4006 421 4091 qnod
435 4003 620 4086 infrequens
640 3999 821 4066 admodum
845 4001 894 4080 rit,
908 4011 941 4064 et
954 3999 1011 4062 vix
1034 3998 1193 4078 credibile,
1218 4009 1346 4062 tantum
1374 3997 1521 4064 feminae

213 4135 351 4183 ausuros
366 4130 445 4180 esea
490 4113 661 4177 Caeterum
684 4109 768 4174 milti
782 4109 908 4192 plaeere
923 4125 989 4170 non
1004 4115 1107 4188 potent
1119 4104 1227 4187 opinio
1241 4105 1463 4184 asserentium,
1480 4105 1522 4172 ln

213 4226 375 4310 proposita
399 4222 505 4308 speeie
518 4221 629 4303 poento
655 4229 765 4302 raptus
780 4219 887 4282 locum
911 4235 979 4280 non
991 4233 1063 4280 errae
1084 4213 1202 4278 suun
1222 4214 1257 4280 in
1269 4233 1311 4278 ae
1335 4224 1432 4296 parte,
1446 4231 1525 4296 qna

213 4333 302 4416 legor
314 4329 587 4415 nornrrptorpm,
603 4339 635 4392 at
657 4338 782 4410 raptant
796 4325 985 4410 eonjugium
1008 4323 1182 4388 mnaietere
1195 4341 1260 4387 noo
1291 4341 1384 4406 ponae
1398 4325 1526 4390 mortt-

213 4447 352 4524 tuatontr
368 4438 554 4522 aire-exeo,
577 4435 763 4520 qttodlegir
775 4433 939 4514 motuum
957 4445 1185 4516 quantumquo
1195 4431 1406 4512 matrimonia
1417 4431 1526 4500 hond.
