3120 4980
202 463 243 508 oa
258 463 313 521 ns,
329 460 392 510 aur
409 457 562 505 curarant
579 455 697 505 arnan
713 425 870 502 anninus
888 453 1139 500 annam-oa.
1276 425 1322 496 711

68 583 163 667 qnidam
176 583 328 663 llobbinis,
344 593 401 647 aut
416 581 610 658 Senioribus,
627 579 671 642 ita
686 589 723 642 nt
732 577 893 662 judicium
907 595 974 640 non
989 576 1096 640 solum
1111 575 1193 638 lotor
1208 573 1321 638 (linia¹

32 733 34 778 ,
69 697 159 760 tiannrn
180 703 208 758 et
227 691 392 773 Judaeum,
418 691 474 756 sed
499 704 532 755 ct
558 692 639 755 inter
664 689 827 753 Judaeum
852 699 884 750 et
909 687 1072 752 Judaeum
1093 687 1137 748 ab
1150 685 1321 748 ordinariis

30 875 32 900 1
67 803 213 866 Christianis
231 801 392 888 jndicibus
407 801 585 877 dirimatur,
613 800 632 862 l.
648 799 688 878 8,
704 807 736 862 et
762 799 810 860 15.
826 797 897 861 cod.
921 797 962 860 de
977 795 1121 876 tenuata
1148 805 1180 856 et
1205 811 1322 876 quam·

29 901 32 984 ἶ
65 925 135 988 quani
147 905 276 972 Judaens
301 909 334 972 io
349 927 449 972 eausa
464 909 484 972 J
487 907 663 971 udaeornm
689 906 767 970 olim
783 907 899 970 arbiter
921 904 997 987 eligi
1013 905 1178 987 potuisset,
1194 903 1281 968 dicte
1296 903 1322 967 l.

65 1013 90 1092 d,
102 1033 149 1077 usu
162 1017 420 1096 tarncn‘obtinnit,
445 1026 480 1080 ut
495 1033 588 1078 noea
603 1013 735 1096 quidem
751 1014 842 1076 notio
861 1024 1041 1095 competere
1056 1013 1197 1094 amplius
1212 1011 1322 1095 possit,

64 1125 102 1184 rix
112 1123 190 1186 hodie
202 1125 435 1206 explicantibus
450 1123 607 1188 Rabbinis
619 1123 798 1204 quamdam
814 1121 946 1184 inanem
961 1119 1128 1202 potestatis
1142 1118 1323 1200 imaginem,

63 1234 84 1296 in
95 1233 270 1303 moderandis
286 1236 406 1318 ritibus,
422 1245 455 1297 et
469 1235 679 1297 caeremoniis
694 1252 735 1296 ex
751 1251 829 1295 snae
845 1231 925 1314 legis
940 1231 1143 1314 praescripto.
1181 1229 1319 1311 Insuper

60 1351 171 1403 tuentur
183 1341 292 1406 ludaei
315 1341 538 1406 amnnenbns
556 1339 692 1432 publicis
714 1338 944 1416 advocationis,
962 1337 1202 1419 procurationis,
1216 1341 1258 1398 'et
1272 1347 1321 1400 tu*

61 1449 123 1528 telae,
136 1452 153 1513 l.
167 1453 217 1516 ult.
232 1454 329 1538 princ.
356 1452 425 1518 cod.
442 1453 482 1515 do
498 1453 639 1530 Judaets,
667 1451 686 1514 l.
703 1451 759 1514 ult.
776 1451 845 1514 eod.
862 1449 902 1512 de
919 1449 1121 1532 postolando,
1145 1449 1165 1512 l.
1184 1451 1235 1514 16.
1249 1449 1321 1514 ood-

58 1553 85 1616 de
98 1555 233 1641 Episcopo
247 1558 391 1622 audient.
425 1558 507 1623 Nor.
525 1557 594 1620 144.
610 1575 681 1639 cap.
706 1555 747 1634 2,,
763 1575 835 1618 can.
851 1557 890 1633 7.,
913 1569 945 1617 et
960 1555 989 1617 8.
1005 1554 1045 1618 de
1068 1555 1185 1638 poenit.
1201 1554 1274 1616 diet.
1291 1556 1324 1618 1.

56 1679 105 1725 can.
119 1666 158 1730 tt,
172 1666 238 1731 dist.
254 1667 315 1746 at,
331 1667 450 1750 quibus
465 1667 619 1747 abrogata
633 1677 682 1729 est
696 1677 792 1730 vatus
802 1664 1056 1748 jurisprudentia
1077 1665 1160 1746 legis
1173 1663 1203 1727 3.
1220 1667 1242 1731 l.
1259 1664 1317 1728 ult.

55 1767 117 1834 lida
129 1774 288 1856 decurion,
313 1787 344 1838 et
361 1777 441 1859 legis
459 1777 507 1839 15.
526 1780 548 1842 l.
568 1775 650 1845 o.·ff.
665 1775 706 1838 de
727 1787 871 1840 excusat.
889 1786 982 1839 tutor.
1027 1776 1112 1839 illud
1129 1787 1239 1839 tamen
1254 1777 1319 1840 sin·

52 1875 133 1954 gulare
146 1879 174 1944 in
189 1881 288 1945 tutela
313 1883 443 1958 obtinet,
460 1894 493 1949 ut
510 1883 646 1947 ludaeis
671 1881 804 1966 pupillis
819 1883 838 1946 J
842 1881 935 1946 udaai
961 1893 1083 1946 tutores
1098 1883 1225 1962 dentur,
1240 1884 1321 1964 quia

53 1983 94 2044 eni
104 2003 209 2052 nunus
224 1988 305 2052 illud
322 1989 511 2054 anctoritate
528 1989 694 2072 publicum
709 2004 779 2052 esse
794 1989 927 2070 dicatur,
951 2001 1061 2052 tamen
1075 2009 1118 2052 ex
1133 2003 1223 2072 parte
1239 2002 1322 2054 tuto·

52 2091 164 2174 deonas,
179 2117 242 2162 non
258 2099 362 2162 honor
376 2109 433 2179 est,
459 2111 491 2160 et
506 2107 651 2181 respectu
668 2098 782 2180 pupilli
796 2097 925 2178 directo,
946 2111 980 2162 ct
1002 2101 1173 2182 praecipue
1195 2111 1319 2183 spectat
1354 2101 1359 2112 '

50 2201 175 2278 privatam
197 2207 312 2289 pnpilli
338 2205 440 2290 ipsius
463 2205 643 2284 utilitatem,
670 2226 709 2269 ae
732 2203 886 2272 latorem.
923 2207 998 2272 ,visi
1022 2219 1133 2272 antem
1159 2227 1224 2274 non
1239 2223 1318 2277 sunt

48 2307 134 2376 ludaei
147 2317 333 2388 absolvendi
348 2326 368 2384 d
383 2319 474 2400 gran
489 2337 584 2381 onere
598 2335 674 2401 erga
689 2337 773 2396 snos,
791 2311 850 2382 nec
866 2331 979 2384 tantus
998 2321 1198 2402 Judaemnm
1213 2323 1317 2406 pnpil-

45 2413 123 2486 lomm
136 2423 303 2491 habendus
318 2426 416 2506 favor,
433 2439 468 2490 ut
483 2445 594 2490 eornm
610 2427 713 2508 gratia
728 2426 905 2488 Christiani
920 2427 1112 2508 obligentur.
1157 2427 1251 2491 Adde
1266 2428 1318 2492 iris

44 2525 208 2609 singularem
232 2535 437 2600 educationis
451 2553 597 2618 cansam,
622 2537 830 2618 nequeenim
846 2536 983 2617 dignum
1008 2537 1116 2601 vistim
1133 2537 1195 2602 luit
1209 2539 1318 2602 Cirris·

42 2633 138 2704 timum
153 2653 288 2708 tutorem
314 2643 452 2709 Judaieo
476 2646 510 2708 in
525 2645 587 2707 ritu
602 2643 741 2730 educare
767 2641 928 2726 pupillum
954 2660 1035 2706 snae
1055 2663 1153 2706 curae
1168 2645 1317 2708 cornutis·
1377 2719 1380 2724 Ι

40 2761 103 2829 sum;
127 2751 201 2815 alias
227 2763 339 2816 cirtem
354 2754 471 2838 injuria
496 2753 665 2816 inferretur
680 2753 712 2816 in
729 2753 879 2832 Jnoaeos,
906 2751 933 2814 ei
949 2771 1061 2817 eorum
1076 2753 1191 2836 pupilli
1206 2755 1316 2816 Chris·

38 2853 105 2918 tiano
118 2879 199 2925 more
213 2863 438 2927 edrroarentur.
482 2861 651 2925 Praeterea
665 2877 867 2943 quamquam
884 2862 916 2924 in
934 2863 1159 2941 corruentibus,
1176 2873 1207 2923 et
1222 2873 1318 2924 testa·

36 2969 287 3054 mentisdndaeus
312 2971 478 3039 asercndo
504 2972 686 3036 testimonio
713 2989 776 3034 non
795 2971 975 3054 repellatur,
1004 2971 1192 3048 uolsellam
1207 2971 1316 3034 curis·

36 3071 96 3137 tiani
110 3082 193 3144 testis
217 3083 313 3165 copia
338 3079 429 3161 desit,
455 3099 558 3144 exeo
584 3091 701 3160 temen,
728 3081 814 3162 quod
841 3099 977 3163 persona
992 3080 1109 3144 Judaei
1131 3081 1317 3146 Christiano

34 3195 136 3264 temper
158 3188 288 3252 infensa
310 3199 546 3272 praesumatur,
574 3209 637 3254 non
655 3190 805 3272 recipitur
827 3191 859 3253 in
871 3190 1005 3272 judiciis
1025 3191 1246 3254 testimoninm
1260 3191 1317 3254 Ju-

34 3287 89 3353 deai
102 3295 255 3363 adversus
282 3301 513 3379 Christianum,
541 3301 558 3362 l.
575 3301 625 3363 21.
642 3301 710 3364 cod.
728 3299 768 3363 de
783 3302 961 3380 haereticia,
988 3303 1042 3366 cui
1058 3322 1137 3366 sane
1151 3303 1314 3368 traditioni

32 3409 80 3460 non
93 3399 273 3487 refragatur.
289 3405 446 3471 Summus
461 3407 611 3472 Pontifex
627 3409 659 3472 in
675 3427 745 3492 cap,
762 3409 812 3473 21.
829 3407 869 3472 de
892 3411 1035 3490 testibus,
1052 3424 1161 3495 utpote
1175 3414 1231 3494 qni
1248 3431 1313 3476 non

30 3511 90 3588 quid
99 3517 176 3598 Juris
190 3521 288 3584 frrerit
303 3521 430 3600 indicet,
453 3521 509 3585 setl
524 3523 603 3606 quid
618 3523 638 3587 J
641 3523 735 3587 udaei
750 3525 835 3588 sacto
851 3545 910 3590 sno
932 3523 1110 3608 aliquando
1125 3545 1313 3612 praesump-

27 3618 114 3684 serint.
154 3625 303 3692 Proiecto
318 3627 435 3692 Judaci
460 3627 617 3695 adversus
642 3633 806 3699 Judaeum
832 3636 1062 3712 testimonium,
1087 3647 1197 3719 utpote
1218 3639 1312 3702 nullo

28 3729 105 3792 nono
119 3749 315 3819 suspectum,
341 3739 439 3802 etiam
455 3739 487 3802 in
509 3740 641 3822 judiciis
667 3741 824 3826 recipitur.
869 3745 1019 3826 Denique
1034 3755 1168 3811 cautum
1194 3759 1251 3826 est,
1275 3757 1312 3812 ut
1342 3733 1345 3740 Δ

26 3829 180 3906 Christiani
207 3845 408 3911 ludaeorum
433 3847 633 3916 Medicorum
658 3870 753 3934 opera
769 3871 834 3916 non
850 3863 990 3932 utantur,
1017 3842 1078 3918 nisi
1094 3855 1175 3920 forte
1191 3875 1311 3940 urgens

23 3945 178 4010 necesitas
193 3949 228 4012 id
245 3953 390 4032 postulet,
417 3955 516 4019 veluti
533 3957 560 4020 si
575 3977 672 4054 casus
686 3971 838 4042 emergat,
864 3981 930 4044 qno
946 3963 1096 4028 infirmus
1110 3965 1143 4029 in
1158 3967 1249 4047 gravi
1266 3967 1310 4030 vi·

22 4047 60 4103 lae
74 4046 255 4120 discrimino
278 4061 472 4126 constitutus
487 4065 529 4128 ab
543 4065 607 4129 alio
616 4063 724 4151 juvail
740 4082 888 4152 nequeat,
911 4089 1011 4154 quum
1028 4074 1070 4136 ab
1084 4073 1219 4153 Judaeo,
1234 4095 1306 4139 can.

21 4147 57 4268 ld.
71 4173 154 4223 calta.
171 4161 215 4226 28
240 4159 362 4246 quaest.
380 4169 407 4230 l.
452 4167 490 4232 Id
507 4175 734 4238 recentioribus
749 4177 887 4240 saeculis
902 4197 940 4241 co
954 4181 1143 4261 oportunius
1158 4181 1307 4247 observa·

21 4269 156 4348 ucoepit,
171 4289 240 4354 quo
254 4275 384 4340 cautius
405 4281 631 4360 pracatitutnm
654 4295 711 4364 est,
739 4297 774 4348 ut
791 4285 910 4352 Medici
937 4287 967 4350 id
994 4300 1197 4372 aegrotantes
1212 4291 1311 4356 advo·

19 4371 71 4434 cati
84 4395 215 4444 monere
230 4401 285 4445 eoa
299 4383 446 4467 debeant,
461 4399 493 4451 et
508 4389 625 4453 hortari
640 4392 680 4455 ad
698 4395 912 4478 receptionem
927 4397 1219 4479 Sacramentornm,
1240 4419 1311 4485 cap.

29 4478 68 4543 1³.
82 4483 121 4546 de
134 4491 264 4573 poenit,
290 4503 322 4556 et
337 4495 468 4577 remiss,
494 4497 582 4580 qnod
597 4519 677 4565 sane
703 4503 746 4568 ab
759 4503 885 4572 Judaeo
901 4507 1030 4574 ldedieo
1055 4526 1174 4594 sperari
1189 4529 1249 4576 noc
1264 4531 1314 4597 po
