3210 4990
313 392 447 440 corsus
468 391 519 438 ux
541 387 666 436 cleers
688 386 885 438 suonsnnrn
907 391 1190 441 »rseonvsuuun
1364 373 1404 438 st

7 525 8 556 l
108 509 281 596 plurimum
295 513 401 578 facere
415 522 551 598 possunt
565 513 771 598 quaestiones
785 511 916 598 aliquot,
929 533 1012 601 quus
1024 515 1195 600 separatim
1210 513 1244 580 in
1258 513 1348 580 huuc
1362 515 1407 580 lo·

7 703 9 750 l

108 639 178 685 cum
193 623 347 687 transtuli
362 621 571 686 dirimendas.

611 848 848 920 QUAESTIO
871 849 896 916 1.

289 1095 343 1160 An
359 1095 543 1181 Sponscliu
562 1097 776 1181 subsequente
788 1098 906 1182 copula
921 1098 1128 1162 matrimonii
1133 1100 1217 1184 jure

651 1229 844 1294 habeantur.

101 1481 345 1692 Mutuum
370 1603 502 1688 interest
529 1621 571 1688 ad
598 1621 817 1688 definiendam
844 1623 1039 1706 propositam
1054 1625 1278 1704 quaestionem
1293 1623 1408 1694 distin·

101 1753 201 1815 guere,
218 1751 263 1795 an
279 1731 394 1795 eadem
409 1731 570 1816 exigenda
583 1733 625 1796 sit
640 1732 683 1796 ed
694 1733 776 1816 juris
802 1733 986 1796 eommunis
1008 1744 1084 1796 ante
1105 1733 1290 1800 Tridentini
1311 1733 1404 1814 disci·

99 1841 231 1925 plicam,
246 1859 290 1902 an
306 1840 413 1921 potins
428 1839 470 1902 ad
486 1851 628 1906 recentes
651 1840 837 1904 Tridentini
863 1839 988 1906 Concili
1013 1839 1267 1904 constitutiones.
1311 1839 1404 1909 Quo·

98 1951 152 2014 ties
163 1949 411 2012 consistendum
426 1950 518 2012 sitin
529 1950 692 2031 veteribus
707 1947 929 2014 Maximorum
952 1949 1148 2018 Pontificum
1163 1947 1405 2032 ¹decretalibus,

96 2075 164 2119 eam
174 2057 249 2139 jam
264 2054 451 2120 definivisse
475 2057 627 2122 videntur
648 2058 715 2123 suis
738 2058 934 2138 temporibus
955 2057 1165 2122 Innocentius
1188 2057 1261 2138 111,
1282 2067 1313 2120 et
1329 2059 1404 2122 Gre-

96 2164 200 2243 gorius
229 2161 292 2226 tx.
317 2161 351 2224 in
376 2182 444 2245 cap.
471 2164 518 2226 15.
545 2164 605 2242 30,
632 2175 663 2226 et
688 2163 739 2226 32.
755 2161 797 2226 de
811 2163 993 2246 sponsalib,
1009 2165 1130 2246 quibus
1143 2165 1336 2244 decernitur,
1353 2183 1401 2231 se»

95 2286 166 2338 enta
189 2275 312 2358 copula
337 2276 418 2338 inter
443 2291 587 2356 sponsos,
614 2291 679 2338 non
700 2277 769 2359 Jsm
794 2293 918 2342 meram
944 2275 1146 2357 sponsalium
1168 2279 1400 2362 obligationem

95 2384 235 2461 subesse,
263 2381 322 2446 sed
343 2401 461 2446 ¹rerum
482 2393 684 2450 contractum
709 2383 953 2448 matrimonium
975 2383 1119 2466 intelligi,
1145 2385 1323 2454 dummodo
1344 2407 1398 2454 re·

94 2511 125 2554 ra
148 2491 279 2576 copula,
306 2511 373 2556 non
398 2501 526 2556 tantum
551 2493 642 2557 nisus
668 2491 703 2558 in
728 2492 880 2574 copulam
904 2493 1125 2574 intercesserit,
1152 2495 1238 2560 dicto
1258 2517 1329 2580 cap.
1343 2497 1400 2564 32

94 2597 198 2664 Nolim
226 2609 338 2664 temen
361 2602 604 2684 nequisquam
626 2601 707 2664 haec
733 2601 900 2683 intelligat,
924 2603 1020 2684 qussi
1043 2621 1088 2674 ex
1112 2607 1337 2689 conjunctione
1360 2605 1398 2670 il·

94 2705 177 2770 licita
191 2708 337 2772 dirorum
361 2709 396 2772 vi
421 2728 481 2772 sue
506 2709 749 2776 matrimonium
771 2720 922 2792 emergat,
948 2711 1044 2792 qnod,
1068 2713 1116 2778 uti
1140 2733 1199 2778 suo
1225 2714 1294 2778 loco
1319 2713 1401 2796 dixi,

94 2833 155 2882 non
169 2828 242 2880 tem
268 2817 303 2880 in
329 2817 555 2902 conjunctione
579 2835 756 2899 corporum,
782 2835 882 2898 quarn
897 2818 931 2882 in
952 2820 1106 2900 praestita
1120 2819 1195 2899 fide,
1211 2838 1269 2886 seu
1284 2829 1400 2886 mutue

92 2927 268 3012 conjugum
292 2925 504 2990 consensione
528 2925 682 2990 consistit.
727 2925 837 2988 Potius
863 2925 908 2992 ita
930 2945 980 2992 res
1005 2947 1075 2992 sese
1101 2927 1240 3008 habebit,
1256 2937 1292 2994 ut
1306 2947 1401 3012 prae·

90 3047 240 3098 sumetur
264 3051 362 3098 uerus
387 3035 469 3098 inter
493 3053 631 3117 sponsus
653 3032 836 3101 intermisse
849 3053 1027 3102 consensus
1042 3037 1083 3102 de
1098 3037 1266 3122 praesenti,
1283 3039 1397 3106 statim

89 3162 123 3206 ac
132 3144 176 3207 arl
190 3143 345 3207 ulteriora
354 3143 495 3227 conjugii
507 3142 613 3208 officie
630 3144 788 3226 progressi
803 3156 888 3228 sunt;
906 3155 1003 3228 atque
1015 3147 1111 3232 hujus
1125 3149 1399 3232 praesumptionis

89 3249 150 3316 duo
174 3265 259 3316 sunt
284 3251 477 3334 gravissima
502 3262 702 3333 argumente,
728 3271 868 3334 quorum
888 3256 1030 3338 primum
1044 3268 1093 3322 est
1102 3267 1286 3322 contractus
1301 3277 1399 3342 spou-

89 3363 206 3428 selium
221 3363 429 3448 praecedens,
444 3363 583 3428 alterurn
604 3363 723 3446 copule
747 3365 959 3448 subsequens,
986 3387 1092 3450 neque
1112 3369 1201 3434 enirn
1216 3367 1306 3433 aliud
1321 3387 1396 3434 cen·
1413 3407 1417 3414 -

90 3481 197 3534 sentus
212 3471 326 3552 sponsi
341 3471 375 3536 in
391 3471 606 3553 subsequente
631 3472 749 3554 copula
771 3473 921 3555 volmme,
946 3492 1048 3557 quam
1062 3477 1246 3546 executioni
1261 3478 1397 3548 demun·

90 3575 169 3657 dare,
184 3577 328 3660 quodie
351 3581 553 3662 sponsalium
578 3591 745 3646 contractu
770 3583 848 3646 date
870 3581 935 3646 fido
950 3585 1197 3668 spoponderunt,
1211 3607 1296 3668 quae
1311 3607 1393 3659 sens

90 3695 297 3768 praesumpte
321 3686 526 3752 matrimonia
552 3699 628 3754 ante
654 3689 838 3756 Concilium
861 3687 1089 3756 Tridentinum
1116 3691 1396 3758 substinebantur.

90 3791 211 3860 nevere
225 3795 307 3860 date
332 3794 414 3861 fides
438 3798 641 3880 sponsalium
665 3799 707 3864 sd
723 3798 908 3883 conjugium
925 3797 1065 3878 refertur,
1080 3801 1160 3880 etin
1176 3803 1297 3886 sejam
1312 3799 1398 3864 inest

93 3904 228 3988 conjugii
243 3904 458 3970 contrahendi
481 3906 643 3972 voluntas.
686 3907 777 3972 Haec
804 3918 912 3972 temen
935 3907 1083 3976 nondum
1106 3908 1180 3974 ideo
1205 3908 1396 3994 conjugium

91 4005 211 4089 dicitur,
236 4010 318 4096 quia
340 4010 375 4076 in
400 4009 547 4079 futurum
572 4023 682 4080 actum
707 4011 876 4093 confertur,
902 4013 1036 4096 quando
1061 4015 1251 4100 eonjugium
1265 4024 1395 4080 rantum

93 4110 203 4180 licitur
217 4115 260 4178 de
281 4120 451 4198 praesenti.
495 4120 716 4187 intercedente
741 4139 932 4205 sponsorum
957 4122 1087 4208 copula,
1114 4125 1245 4190 sublate
1268 4123 1397 4192 videtur

7 4293 8 4304 ,
92 4217 168 4286 leuc
181 4225 446 4292 contrahentium
459 4229 566 4293 omnis
581 4229 698 4313 adjecti
712 4230 791 4296 olim
803 4233 1060 4316 temporiemore.
1084 4235 1178 4306 Quid
1189 4236 1286 4318 igitur
1294 4235 1393 4316 obest,

7 4405 9 4440 Ι
93 4333 261 4410 quominus
276 4352 316 4398 ea
329 4333 420 4415 fides,
435 4337 616 4432 conjugalis
629 4338 707 4404 fidei
715 4340 789 4426 jure
802 4347 987 4411 censeatur!
1031 4343 1145 4433 Neque
1166 4345 1246 4413 forte
1260 4341 1393 4412 audien-

7 4529 9 4580 ,
94 4435 246 4507 biremes
260 4445 452 4526 sponsussi
475 4446 647 4531 exciperet,
670 4467 708 4516 se
727 4467 797 4520 uon
820 4453 954 4522 omnino
979 4455 1126 4541 conjugis
1152 4471 1192 4523 so
1212 4453 1391 4538 deuenisse,
