3120 4980
638 462 714 512 osu
731 443 888 504 enarras
906 431 1155 492 eremannos.
1230 469 1233 476 ,
1290 397 1333 464 79

765 597 820 642 um
834 572 922 637 enim
937 569 1085 650 parentes
1100 543 1277 618 Christiani
1292 553 1335 604 te·

794 687 884 751 smus
899 677 992 744 nulla
1006 675 1084 754 ipsus
1100 665 1145 742 fir,
1168 659 1225 724 ubi
1238 657 1336 718 etiam

769 799 813 862 At
828 794 855 856 si
870 790 910 852 de
936 779 1115 866 infantibus
1138 789 1183 836 ex
1204 766 1223 833 J
1227 761 1343 830 udaeis

1028 906 1070 950 cn
1085 884 1180 946 licere
1194 895 1249 940 eos
1264 874 1340 953 bap

1030 993 1170 1058 inientes
1195 981 1341 1068 propriae

1016 1113 1104 1168 utate
1118 1095 1251 1160 omniuo
1267 1109 1341 1173 peu·

1020 1207 1214 1296 parentibus,
1237 1219 1276 1286 ac
1292 1217 1346 1281 pa·

1038 1333 1070 1384 ta
1094 1316 1268 1389 tradentur,
1288 1307 1347 1372 for·

200 499 255 556 ,ore
273 497 331 552 ns,
348 487 410 541 our
426 473 579 528 cuntem
596 469 633 516 rr

79 626 154 694 inritis
172 617 353 712 parentibus
379 606 464 671 licite
481 595 691 680 baptizentur.
734 581 762 645 C

77 749 175 804 reantur
186 733 270 795 filios
284 743 360 790 suos
376 717 419 781 ad
434 711 633 794 baptismum
647 695 767 769 offerre,

76 843 228 906 riucecrum
253 843 415 895 consensu
441 819 500 882 filii
514 811 726 894 baptizentur.

76 947 219 1032 parentibus
234 933 409 1023 progenitis
435 941 539 988 sermo
556 921 604 996 sit,
634 906 791 995 generalis
805 897 917 982 reguis
932 903 989 970 est,
1004 909 1025 954 u

76 1053 148 1116 turre.
185 1044 332 1129 Ragrrlae
346 1051 482 1100 cerream
507 1025 602 1092 multi
618 1025 651 1086 iu
666 1037 705 1082 eo
729 1012 899 1082 collocant,
926 997 1014 1082 quod

21 1173 22 1176 ’
75 1155 212 1226 ,ιοΙιιιιιιιιίε
228 1157 375 1232 exportes
391 1136 530 1206 naturali
547 1135 615 1215 ipso
626 1131 696 1213 jure
712 1129 732 1188 a
748 1125 920 1202 parentum
936 1107 1012 1170 volu

75 1261 124 1324 iere
135 1253 441 1335 debeant,idemque
456 1265 527 1308 esse
541 1239 704 1322 baptizare
721 1229 878 1293 insontem
893 1216 1004 1284 inritis

75 1380 147 1430 nutes
159 1368 245 1450 ipsos
267 1357 407 1424 rmturali
418 1357 489 1440 jure
502 1367 632 1412 ¹cruere.
675 1341 711 1405 st
726 1339 808 1402 haec
824 1327 1010 1410 simpliciter
1025 1323 1034 1384 i

75 1476 182 1536 turrinis
197 1487 312 1552 aspera
338 1463 543 1534 videbuntur,
567 1467 597 1518 et
613 1472 650 1516 eo
666 1451 877 1512 disserentem
892 1435 1063 1508 adducent,
1088 1439 1124 1490 nt
1139 1421 1275 1498 tradant,
1292 1437 1347 1482 ua-

73 1583 176 1644 trulem
194 1587 363 1662 parentum
389 1579 582 1654 potestatem
597 1565 629 1624 in
645 1558 722 1622 titiis
737 1553 836 1616 etiam
851 1541 1031 1629 perdendis,
1058 1545 1089 1596 et
1104 1535 1138 1596 iu
1154 1523 1348 1609 negligenda

22 1717 23 1722 ¹
73 1691 229 1778 eorumdem
244 1685 348 1748 salute
363 1671 557 1744 consistere'
590 1665 790 1734 Moderatius
801 1659 951 1730 dicerem,
968 1665 1041 1710 eam
1056 1639 1262 1722 disciplinam
1278 1634 1351 1696 ideo

74 1802 238 1866 serrandum
250 1814 329 1871 esse,
343 1791 458 1874 partim
470 1806 511 1849 ex
523 1803 569 1862 eo,
585 1779 672 1863 quod
686 1775 774 1838 iraus
787 1769 855 1832 fieri
866 1759 1052 1848 parentibus
1068 1771 1134 1815 uon
1146 1749 1268 1820 debeat,
1280 1761 1350 1826 par·

74 1909 112 1972 tin
123 1931 160 1973 ex
174 1929 219 1987 eo,
232 1903 319 1988 qood
331 1899 484 1982 baptizari
499 1891 636 1956 inientes
649 1887 740 1950 salvo
753 1888 922 1965 pareutum
931 1873 1002 1956 J‘ure
1017 1861 1198 1947 apostasiae
1210 1849 1352 1938 periculo

73 2023 237 2101 gravissimo
252 2013 382 2076 obnoxii
399 2009 498 2072 futuri
515 2006 588 2066 siut.
612 2001 716 2080 Finge
731 1995 817 2056 enim
831 2005 916 2064 uero,
932 1980 1090 2046 infantem
1102 1971 1263 2038 Judaeum
1275 1967 1353 2044 bap·

73 2129 146 2194 thari.
182 2127 240 2194 Vel
257 2139 305 2189 est
318 2126 350 2187 in
365 2128 519 2203 potestate
535 2121 704 2196 parentum
717 2098 921 2166 educationis
932 2110 1033 2162 causa
1046 2079 1285 2166 relinquendus:
1302 2071 1354 2137 vei

73 2240 215 2304 abeodem
231 2217 360 2320 penitus
374 2225 576 2292 eximendus.
604 2219 639 2284 Si
656 2219 807 2297 primum,
823 2209 896 2290 quis
911 2202 1079 2284 fidejussor
1093 2193 1160 2270 erit,
1178 2208 1217 2252 ue
1233 2185 1355 2248 adoles·

72 2355 169 2414 acutior
189 2349 295 2410 sactus
310 2345 409 2426 ejuret
423 2336 684 2402 Sacramentum,
706 2319 793 2402 quod
810 2313 960 2394 suscepit,
975 2321 1007 2372 ct
1031 2301 1235 2384 blasphemet
1249 2293 1357 2359 Chris·

73 2466 129 2536 tatu,
141 2459 192 2522 cui
207 2449 388 2532 caeteroqui
406 2461 525 2530 nomen
537 2435 634 2513 dedit,
652 2441 724 2494 utut
740 2423 907 2510 ignorans?
934 2420 969 2482 δί
982 2393 1128 2489 alterum,
1145 2409 1234 2472 fraus
1247 2419 1357 2486 paren·

73 2562 137 2628 tibus
153 2563 206 2626 fiet
220 2561 262 2624 ab
277 2577 323 2636 eo,
340 2557 395 2637 qui
413 2547 598 2634 baptizavit,
612 2545 693 2605 dunt
715 2527 819 2621 patria
842 2539 982 2614 potestas
1002 2527 1036 2586 in
1051 2533 1155 2584 toturn
1177 2517 1358 2579 irritaretur.

72 2669 95 2732 st
108 2677 165 2734 iste
178 2657 257 2734 ratio
268 2669 403 2750 placeat,
417 2659 513 2723 facile
528 2653 705 2736 recipietur,
722 2649 816 2708 licere
833 2639 973 2704 infantes
984 2635 1002 2698 J
1007 2631 1184 2694 udacorum
1201 2625 1361 2706 baptizare

1007 2761 1065 2805 noc
1082 2757 1155 2822 spes
1170 2735 1239 2798 ulla
1255 2750 1361 2814 super-

71 2784 176 2860 quoties
191 2779 330 2842 inientes
347 2775 378 2836 iu
395 2783 539 2834 extremo
554 2759 697 2847 periculo
712 2751 878 2818 constituti
906 2749 979 2823 siut,

72 2888 101 2950 sit
113 2891 202 2967 ritae,
214 2889 293 2970 quia
309 2886 339 2946 in
355 2883 419 2946 huo
432 2877 536 2959 speeie
549 2885 580 2934 et
592 2869 721 2934 nulium
734 2863 844 2926 subest
857 2855 1029 2940 probabitis
1041 2849 1169 2914 suttune
1183 2841 1363 2927 apostasiae

72 2999 242 3076 periculum,
255 3007 287 3056 ct
303 2991 393 3055 uuila
409 2985 526 3070 injuria
542 2983 573 3044 in
591 2987 739 3061 parentes
755 2971 898 3034 insertur.
942 2967 1113 3028 Caeterum
1129 2957 1238 3042 plures
1250 2959 1365 3015 extant
1537 2959 1538 2978 ι

72 3108 213 3186 getremiis
239 3105 326 3166 iliius
344 3097 473 3180 regulae
495 3091 710 3170 exceptiones,
734 3099 873 3163 quarum
890 3076 993 3159 prima
1008 3081 1065 3149 est,
1081 3069 1108 3130 si
1124 3075 1271 3150 parentes
1287 3057 1364 3122 fucii

70 3209 174 3276 suerint
189 3207 374 3284 Christiana
392 3199 545 3274 secanda,
563 3196 589 3258 si
606 3201 761 3276 parentes,
779 3187 851 3248 iicet
867 3200 931 3246 non
948 3176 1135 3252 Christiani,
1155 3149 1239 3235 iiiios
1254 3167 1367 3232 Eccle-

73 3323 129 3384 siae
142 3319 322 3395 obtulerint3
337 3312 441 3388 tertia,
457 3309 482 3370 si
501 3305 683 3389 parentoso
700 3317 733 3358 sc
750 3295 834 3357 iiiios
850 3287 1082 3354 abdicaverint

105 3429 136 3490 Si
152 3439 285 3507 uterque
314 3423 465 3503 paronea
489 3413 667 3496 Synagoga
693 3403 877 3468 recedentes
904 3399 946 3462 ad
961 3396 1081 3460 Christi
1105 3391 1205 3456 iidem
1220 3388 1367 3452 conversi

72 3531 136 3608 tint,
151 3531 240 3593 nulia
255 3525 415 3590 dubitatio
430 3533 488 3602 cst,
503 3521 583 3602 quin
600 3518 656 3580 rite
673 3513 876 3596 baptizentur
891 3505 1032 3570 inientes
1047 3503 1175 3566 iliorum
1192 3499 1249 3562 iiiii
1266 3501 1367 3581 impu-

71 3639 143 3702 beris
158 3639 275 3716 huberi,
294 3636 339 3698 uti
356 3631 514 3716 contingit
530 3631 562 3690 in
579 3623 806 3688 substitutione
822 3611 982 3700 pupiliari.
1016 3609 1109 3682 Quid
1124 3619 1243 3686 tamen,
1260 3605 1287 3666 si
1303 3623 1369 3666 ma-

72 3757 119 3822 ter,
135 3765 196 3808 non
212 3757 310 3828 pater,
337 3739 379 3802 ad
396 3739 494 3800 sidem
511 3735 632 3800 Christi
655 3731 787 3806 venerit,
810 3739 843 3790 et
856 3725 950 3788 fuerit
966 3717 1142 3806 baptizata?
1191 3717 1370 3798 Receptum

71 3862 121 3928 est,
137 3864 169 3914 nt
183 3853 281 3914 ctiam
297 3849 330 3910 in
346 3845 408 3909 hac
424 3846 530 3926 specie
553 3843 641 3905 fitius
657 3837 765 3902 infans
781 3837 839 3900 rite
855 3837 1042 3915 baptizetur,
1065 3842 1131 3892 ram
1146 3827 1369 3898 Romanorum

75 3961 296 4044 Imperatorum
309 3955 602 4032 constitutionibus,
619 3951 639 4012 i.
657 3951 707 4014 12.
724 3953 746 4018 i.
771 3949 810 4026 1.,
827 3957 859 4008 et
873 3943 891 4007 l.
911 3944 951 4006 18
968 3945 989 4008 i.
1007 3942 1034 4004 1.
1050 3937 1120 4002 cod.
1137 3938 1177 4001 de
1192 3932 1369 4009 haereticis,

74 4073 162 4146 quam
178 4069 277 4132 sacris
302 4064 491 4140 canonibus
507 4081 579 4124 ean.
609 4061 657 4122 10.
680 4060 726 4120 tl.
754 4057 802 4120 12.
819 4073 908 4118 caus.
935 4052 988 4116 28.
1003 4059 1127 4132 quaest.
1159 4049 1182 4108 1.
1199 4063 1269 4126 cap.
1285 4041 1314 4104 2.
1331 4039 1372 4104 de

75 4189 207 4238 convers.
235 4171 325 4236 infid.
370 4170 444 4235 Non
461 4180 518 4248 est,
543 4187 601 4231 cur
627 4167 709 4230 haec
733 4163 907 4246 disciplina
932 4159 1080 4223 videatur
1105 4161 1227 4222 erecta
1252 4152 1374 4216 ratione

75 4279 180 4398 elisua,
195 4283 289 4366 quasi
302 4283 336 4344 in
347 4301 386 4344 ea
398 4277 592 4343 stabilienda
604 4276 784 4340 maximam
800 4281 922 4356 partem
938 4269 998 4333 sibi
1011 4266 1152 4331 vindicet
1163 4263 1255 4328 favor
1267 4259 1375 4324 Chris·

76 4397 174 4454 uanae
190 4391 360 4475 religionis,
383 4387 543 4452 etodium
569 4385 806 4469 superstitionis
820 4379 978 4445 iudaicae
1003 4398 1042 4442 eo
1056 4393 1160 4460 usque
1178 4383 1375 4458 provectum,

80 4505 114 4564 ιιι
127 4517 291 4568 summum
311 4500 367 4584 jus
381 4507 552 4598 evertatur,
596 4495 669 4584 Ego
683 4493 772 4560 enirn
787 4493 945 4578 imprimis
970 4491 1114 4570 observo,
1132 4483 1264 4560 attentis
1278 4483 1377 4548 etiam
