3146 4980
208 335 274 411 ’Μ
477 337 480 342 ’
756 363 961 414 concanora
1043 373 1047 380 ·

204 479 347 570 familiae
372 479 577 565 dirigendum
591 481 748 568 singulari
763 485 895 568 ratione,
919 484 1143 556 coelementia
1155 485 1341 572 attemperet,
1357 498 1425 554 ture
1436 507 1491 553 cer·

207 593 247 678 tis
259 577 485 678 conjugiorum
501 592 626 680 legibus
642 596 830 666 institueret
865 597 920 664 Ad
933 597 1021 664 banc
1035 598 1207 664 hominum
1222 600 1392 666 universos
1404 620 1494 666 mores

206 697 337 767 redusit
363 700 512 768 Christus
537 702 705 770 Dominus.
713 703 749 768 in
773 701 966 790 Euangelio,
991 705 1126 788 quando
1139 723 1205 770 non
1220 705 1328 774 solunt
1352 706 1497 790 quidquid

205 813 243 894 in,
255 813 376 898 nuptiis
390 814 434 880 ab
446 833 486 879 ea
499 813 855 896 alienuminduxeraot
870 827 1049 900 temporum
1064 817 1272 902 corruptelae,
1296 817 1328 882 id
1347 829 1445 884 totum
1458 837 1496 882 re·

206 920 336 1006 novatis
349 921 487 989 vetustis
510 919 788 1006 praeceptionibus
810 923 1030 1007 improbatum
1047 925 1156 1007 voluit,
1182 936 1280 1010 atque
1301 925 1493 1010 damnamm3

205 1029 432 1119 verumetiam
448 1043 483 1096 ut
497 1031 613 1096 eadem
626 1027 769 1110 charites
781 1052 858 1098 curn
873 1032 1012 1113 solidior,
1038 1045 1108 1098 tum
1124 1034 1222 1098 etiam
1238 1036 1345 1118 purior
1358 1034 1445 1115 ieret,
1455 1036 1496 1120 ip·

206 1157 279 1210 sam
293 1140 396 1206 erexit
410 1139 444 1207 in
457 1125 647 1224 symbolum
659 1139 826 1206 charitatis
840 1151 873 1206 et
887 1141 1061 1221 Christum,
1080 1152 1113 1206 et
1126 1141 1310 1206 Ecclesiam
1325 1141 1496 1228 devincien·
1558 1197 1559 1204 ,

207 1248 256 1329 tis,
272 1247 360 1315 unde
374 1249 563 1335 conjugium
577 1249 619 1316 ad
634 1251 835 1330 Sacramenti
850 1251 1041 1336 dignitatem
1055 1255 1166 1316 erexit
1209 1253 1303 1324 erid
1317 1252 1407 1318 aliud
1423 1255 1497 1318 insu

205 1375 267 1444 per.
277 1359 433 1448 exhibent
455 1359 621 1424 humanae
635 1357 733 1444 leges,
761 1359 957 1424 sive‘sacrae
970 1359 1044 1440 sint,
1067 1359 1136 1423 sive
1151 1357 1272 1440 civiles,
1288 1361 1321 1424 in
1337 1357 1497 1424 excluden-

206 1463 259 1558 dis
272 1471 296 1532 a
307 1465 456 1555 conjugio
470 1463 534 1556 illis
549 1467 743 1555 praesertim,
768 1468 824 1552 qui
839 1477 927 1544 arcto
935 1469 1006 1553 Jam
1019 1463 1280 1544 necessitudinis
1293 1466 1424 1532 vinculo
1434 1469 1499 1550 Jun-

206 1587 336 1662 guntur,
350 1597 578 1664 quaecumque
593 1578 635 1644 sit
648 1578 896 1644 necessitudinis
910 1599 1019 1660 causa,
1036 1579 1248 1662 nonsanguis
1262 1579 1368 1658 modo,
1384 1591 1440 1643 aut
1450 1575 1497 1660 ad7

187 1677 189 1682 ’
206 1682 325 1770 linitas,
337 1683 398 1774 sed
411 1685 512 1780 etiarn
525 1705 612 1770 quae
624 1687 942 1772 consanguinitatem
951 1687 1094 1752 imitatur
1104 1688 1245 1772 adoptio,
1255 1687 1499 1772 autquaeadop

205 1795 326 1862 tionem
341 1793 461 1859 imitari
474 1789 546 1858 visa
559 1793 622 1862 suit
634 1797 784 1880 cognatis
798 1795 983 1883 spiritualia
1000 1805 1037 1859 ut
1050 1793 1114 1876 bae
1129 1795 1251 1858 ratione
1274 1793 1320 1858 ibi
1334 1813 1390 1877 per
1403 1793 1498 1876 conju-

205 1905 261 1988 gia
275 1903 417 1988 plurium
432 1903 632 1970 familiarum
645 1895 781 1970 claretur
794 1923 893 1985 amor,
920 1905 975 1970 ubi
990 1923 1046 1988 per
1060 1913 1198 1976 remotas
1215 1903 1417 1986 propagines,
1431 1897 1499 1964 obli

204 2003 301 2072 'vione
325 2009 469 2092 quadam
494 2021 665 2095 parentum
689 2011 915 2078 communium
939 2009 1109 2096 tepuisset
1151 2008 1253 2084 Quod
1269 2011 1296 2076 si
1311 2011 1410 2076 etiarn
1426 2012 1498 2074 inter

205 2118 402 2214 propinquos
424 2119 649 2204 instauranda,
676 2131 734 2186 aut
746 2117 974 2191 confirmanda
988 2119 1221 2208 benevolentia
1234 2119 1331 2184 certis
1346 2117 1496 2184 decausis

206 2227 255 2308 sit,
272 2227 360 2312 leges
374 2229 463 2312 ipsae
478 2227 567 2296 emm
588 2229 722 2296 minime
736 2227 942 2294 secluserunt
956 2227 1110 2314 providae
1132 2227 1376 2322 dispensationi.
1416 2225 1497 2292 Haec

206 2349 301 2418 erant
323 2339 439 2406 intima
462 2339 561 2426 hujrrs
588 2341 757 2406 universae
781 2341 827 2406 rei
851 2339 1016 2424 principia,
1042 2336 1160 2424 quibus
1169 2339 1266 2425 jactis
1291 2337 1397 2405 multa
1410 2334 1499 2407 veluti

206 2450 405 2542 eonsectapia
419 2449 564 2539 fluerent,
579 2459 612 2519 et
625 2469 710 2540 quaa
723 2449 924 2516 consectaria
936 2467 1003 2514 non
1017 2459 1134 2532 essent,
1159 2459 1245 2513 certe
1259 2448 1362 2514 veluti
1375 2442 1502 2512 adrnini·

206 2559 282 2638 ,cula
296 2553 458 2645 quaedam
472 2561 608 2629 eantare
622 2569 836 2626 cernerentur.
872 2559 988 2641 Itaque
1002 2556 1084 2623 dum
1094 2558 1149 2622 bis
1162 2557 1285 2624 finibus
1297 2575 1381 2642 opus
1391 2571 1499 2632 meum,

206 2668 414 2756 laboremque
429 2680 531 2736 totum
543 2663 805 2734 concludendum
819 2667 941 2746 censui,
956 2665 1039 2730 mibi
1051 2664 1144 2728 visus
1159 2681 1235 2730 sum
1246 2673 1278 2727 et
1289 2662 1418 2746 nemine
1430 2659 1499 2723 iuis

206 2783 377 2870 septaris,
388 2799 456 2848 una
470 2781 570 2854 etiam
584 2779 663 2844 satis
684 2777 844 2866 proposito
859 2795 931 2865 mco
945 2771 1069 2856 secisse,
1083 2771 1215 2858 quando
1234 2771 1269 2836 in
1284 2765 1500 2835 lucubrationi·

195 2893 269 2970 'bus
283 2893 381 2976 hujus
395 2890 521 2976 generis
535 2888 655 2970 curavi,
670 2895 708 2952 ut
722 2885 956 2958 altissimarum
970 2901 1145 2949 causarum
1160 2878 1339 2968 adjactione
1353 2877 1499 2942 lectorum

206 3003 374 3077 fastidium
388 3002 416 3068 si
430 3019 495 3069 non
521 2998 654 3064 omnino
668 2997 847 3082 abjicerem,
873 2993 990 3060 saltem
1013 2991 1165 3072 levarem,
1185 2999 1216 3054 et
1231 3000 1315 3056 certe
1329 2987 1501 3072 ingenitam

130 3127 133 3136 ’
206 3108 299 3198 illam
312 3109 515 3180 aversionem
529 3107 718 3186 minuerem,
733 3123 833 3188 quam
848 3103 916 3188 pati
930 3099 1035 3167 solent
1051 3099 1112 3164 viri
1126 3098 1166 3164 de
1180 3097 1346 3182 pudicitia,
1369 3095 1410 3160 de
1423 3111 1501 3158 vere

206 3201 337 3299 cundia,
362 3217 449 3284 etde
463 3215 654 3284 castimonia
668 3215 840 3280 universae
856 3213 949 3292 vitae,
975 3209 1022 3276 uti
1037 3209 1210 3272 honestum
1229 3217 1393 3289 quemque
1407 3202 1500 3277 decet,

207 3299 344 3406 solliciti,
369 3323 450 3388 dnm
465 3321 598 3406 agentes
614 3319 695 3383 inter
719 3318 868 3382 homines
882 3333 949 3382 uon
965 3323 1099 3398 possunt
1113 3329 1179 3376 non
1198 3309 1383 3393 impendere
1397 3321 1499 3390 quam·

206 3427 284 3500 darn
308 3417 488 3520 operantia
513 3429 622 3494 studia
637 3429 773 3492 istamm
798 3443 913 3506 rerum,
940 3425 1133 3508 regularum,
1157 3421 1333 3508 etjuriunu
1362 3419 1499 3484 imrnoet

170 3611 173 3618 ,
207 3548 290 3618 mibi
307 3541 416 3610 videor
429 3563 495 3608 non
511 3543 580 3606 sine
595 3539 740 3626 quadarn
750 3537 955 3624 jucunditate
970 3537 1113 3600 imitatus
1133 3552 1190 3617 pro
1205 3531 1327 3597 viribus
1342 3529 1420 3594 meis
1434 3542 1498 3610 pru·

208 3659 353 3730 donnum
367 3654 644 3739 Legumlatorum,
669 3669 807 3735 quorum
821 3669 899 3714 cum
924 3649 958 3714 in
972 3647 1035 3712 bac
1046 3656 1140 3736 parte
1154 3663 1319 3710 recensere
1345 3640 1447 3718 debui,
1459 3645 1502 3700 at·

207 3787 272 3868 pue
286 3766 467 3852 expendere
481 3763 733 3841 constitutiones,
748 3769 780 3824 et
794 3757 1060 3824 constitutionum
1081 3753 1237 3818 formulas
1252 3752 1286 3817 in
1295 3741 1423 3835 juribus
1435 3763 1499 3810 oon·

201 3879 366 3965 jngiorum
381 3873 499 3958 palam,
525 3884 558 3938 ct
571 3871 699 3958 publice
724 3866 946 3956 proponendis,
972 3876 1043 3930 turn
1056 3863 1226 3928 observare
1240 3860 1340 3944 potui,
1366 3859 1500 3922 immoet

208 3967 322 4073 privari
342 3983 539 4066 singularem
565 3981 798 4058 dexteritatem,
823 3987 855 4042 et
880 3986 982 4040 artem
1004 3993 1082 4040 cum
1107 3971 1283 4056 sagacitate
1297 3969 1501 4054 conjunctam.

211 4101 248 4186 Si
262 4117 409 4181 eousque.
431 4115 474 4160 ex
488 4091 706 4184 imbellicitate
729 4089 850 4174 ingenii
864 4087 927 4157 mei
954 4085 1118 4178 pervenire
1132 4103 1198 4148 non
1213 4081 1312 4167 potui,
1334 4089 1370 4146 ut
1384 4078 1503 4142 lectores

13 4233 14 4272 r
208 4205 357 4286 benevoli
384 4203 499 4276 saltem
522 4212 659 4268 conatus
683 4219 781 4280 meos,
807 4197 1071 4280 voluntatemque
1096 4192 1230 4258 enixam
1254 4189 1351 4274 aequi
1371 4185 1443 4253 boni
1460 4178 1503 4243 sa·

211 4317 309 4410 ciant,
324 4323 408 4398 opto,
424 4330 543 4396 precor.
599 4359 601 4368 .
1558 4315 1559 4410 l
