3210 4990
227 370 292 434 176
387 433 391 440 ,
582 387 824 444 mesols-usuro
846 391 1001 453 nunnus,
1024 393 1100 438 osu.
1124 373 1179 442 IV.
1241 442 1247 452 ,
1289 439 1293 456 ,
1328 419 1429 460 ;„„,t

224 512 378 578 niurirum
392 509 445 574 vel
459 531 502 574 ex
517 513 805 593 consanguinitate,
822 513 874 576 vel
900 534 942 578 ex
956 518 1253 598 consanguinitate,
1278 517 1331 582 vel
1352 539 1395 586 err
1408 516 1514 589 adfini·

223 635 296 703 tete,
313 635 442 704 atquae
456 623 601 712 proxime
616 623 659 688 od
672 623 875 700 adfinitatem
900 625 1030 706 accedit,
1050 629 1183 710 justitia,
1208 639 1256 692 ut¹
1269 641 1395 710 vocant,
1407 674 1409 682 ι
1421 630 1515 716 nubli-

221 747 280 792 oae
295 731 479 808 honestatis,
497 731 604 794 velex
619 733 809 813 cognatione
824 733 929 814 legali,
945 735 1123 815 sive-civili,
1140 737 1210 802 sive
1223 737 1436 812 ecclesiastico
1450 741 1520 804 ebs*

217 841 290 923 jure
306 838 545 922 proficiscatur„
1124 903 1127 910 ,

264 947 538 1033 Consangninitas
555 947 635 1010 inter
660 965 715 1008 eos
741 947 902 1026 intercedi,
925 949 982 1028 qui
995 968 1038 1012 err
1052 949 1170 1014 eodem
1181 952 1287 1034 stipite
1300 954 1352 1018 vel
1367 955 1514 1037 proximo,

220 1059 273 1121 val
289 1071 409 1126 remoto
424 1057 633 1146 descendunt:
656 1059 788 1141 ejusque
805 1059 935 1141 'duplex
961 1069 1008 1126 est
1035 1060 1129 1141 linea,
1155 1073 1249 1143 recte,
1276 1075 1308 1127 et
1333 1077 1515 1147 transverse,

219 1187 320 1249 quam
335 1167 634 1246 attransversalem,
650 1177 681 1229 et
708 1151 874 1247 obliduam
898 1179 1042 1242 vocant„
1064 1171 1171 1236 'Recta
1195 1173 1311 1240 dicitur
1336 1194 1517 1260 nauusper.

219 1295 387 1356 sonarum,
412 1297 497 1359 quae
526 1295 595 1338 sese
625 1287 738 1338 mutuo
767 1276 942 1357 respiciunt
970 1278 1102 1342 nomina
1131 1291 1317 1364 petentum,
1346 1293 1396 1344 et,
1414 1281 1517 1346 libero·

218 1405 300 1465 nrm,
317 1387 362 1468 uti
380 1397 476 1468 peter,
498 1383 596 1463 iilius,
620 1403 712 1460 avus,
739 1401 846 1466 nepos,
874 1395 978 1465 atque,
1007 1395 1043 1448 ut
1069 1386 1182 1467 paucis
1205 1385 1321 1465 dicam,
1346 1386 1517 1450 esueudeu·

220 1507 266 1559 tes
283 1497 424 1579 majores,
440 1507 472 1558 et
493 1492 724 1558 descendentes
753 1494 786 1556 in
812 1492 986 1556 infinitum.
1030 1491 1235 1558 Transverso
1259 1495 1383 1574 dicitur,
1410 1497 1442 1558 in
1457 1513 1518 1576 que

216 1605 366 1688 quisunt
389 1589 562 1681 constituti}
579 1620 643 1670 non
672 1619 742 1664 sese
767 1611 879 1666 mutuo
902 1599 1077 1682 respiciunt
1099 1601 1228 1664 nomine
1243 1609 1425 1683 pareutum,
1441 1611 1471 1663 et
1485 1599 1520 1664 ii·

217 1715 374 1792 bctorum,
390 1711 447 1776 sed
460 1727 657 1776 communen
672 1709 793 1772 habent
807 1709 957 1791 stipitem,
974 1709 1074 1774 veluti
1089 1709 1156 1772 duo
1170 1707 1281 1773 iratres
1305 1709 1447 1775 duorum
1461 1707 1518 1772 fra·

215 1831 312 1896 trum,
327 1815 379 1882 vel
394 1835 537 1906 morum
552 1815 620 1894 filii,
636 1826 668 1878 et
682 1817 738 1880 alii
748 1817 850 1906 'hujus
877 1819 1013 1898 generis.
1057 1817 1097 1883 In
1112 1815 1199 1880 linea
1223 1833 1309 1880 rente
1334 1819 1450 1884 nullus
1464 1837 1519 1882 un·

214 1947 315 2011 quatu
332 1924 698 2005 est.⁷corrsanguinitatis
728 1925 892 2004 terminas,
922 1943 1061 2008 eamque
1089 1927 1131 1990 ob
1160 1946 1226 1990 rem
1257 1927 1304 2007 iis,
1333 1929 1390 2009 qui
1422 1931 1454 1994 in
1482 1947 1519 1990 ea

214 2037 301 2101 linea
314 2035 479 2100 constituti
502 2044 586 2112 sunt,
611 2049 817 2116 quocumque
842 2034 947 2115 gradu
972 2035 1176 2101 remotissimi
1199 2035 1273 2115 sint,
1298 2038 1451 2122 conjugio
1475 2037 1517 2102 in·

214 2146 400 2212 terdicitur..
431 2143 477 2206 Et
497 2141 635 2224 quidem
658 2143 721 2210 hoc
747 2143 955 2208 interdictum
980 2162 1047 2206 non
1073 2142 1211 2227 alicujus
1225 2141 1520 2225 civitatissingule·

127 2302 130 2314 .
214 2259 322 2342 rijure
338 2254 499 2338 proditum
523 2265 582 2332 est,
607 2252 674 2332 ssd,
700 2263 738 2320 ut
760 2253 885 2318 Penius
911 2254 1069 2320 scribebat
1092 2255 1129 2318 in
1155 2254 1212 2318 ult.
1238 2255 1271 2318 ff.
1297 2255 1521 2337 detritu-nup·
1577 2285 1578 2304 2

213 2366 283 2430 tier.
296 2364 377 2448 jure
399 2362 556 2446 gentium
574 2355 736 2423 iriensium
765 2363 946 2441 ammittit,
976 2363 1034 2446 qui
1057 2383 1097 2426 eu
1117 2361 1235 2444 gradu
1263 2362 1517 2438 nstmsdeutium,
1577 2429 1578 2452 ἶ

213 2475 265 2539 oei
293 2471 557 2537 descendentium
585 2489 723 2533 onorem
745 2469 892 2533 duxerit:
915 2468 1056 2533 addatur
1079 2469 1141 2533 lex.
1172 2470 1222 2533 53.
1247 2469 1278 2534 ff.
1305 2471 1384 2549 eod,
1412 2483 1445 2534 et
1467 2471 1517 2534 lex
1577 2457 1578 2504 ¹

210 2583 262 2648 38,
274 2586 300 2650 l.
316 2583 346 2644 2.
362 2578 394 2642 ff.
409 2579 453 2642 ad
467 2585 529 2660 leg.
545 2577 565 2641 J
567 2575 611 2640 ul.
626 2577 667 2639 de
682 2576 782 2640 adult
805 2577 904 2660 Quod
916 2579 971 2662 jus
996 2579 1143 2660 gentium
1168 2597 1272 2660 quum
1288 2597 1523 2644 commemora·

212 2703 271 2772 tur,
287 2709 353 2755 non
368 2675 556 2771 intelligitur
570 2705 649 2750 sane
663 2685 754 2765 illud,
770 2685 856 2768 quod
872 2695 984 2769 gentes
1008 2705 1050 2750 ex
1072 2687 1216 2768 quadam
1244 2689 1435 2752 necessitate
1461 2706 1517 2772 pu-

212 2805 305 2884 blica,
330 2801 382 2864 vel
408 2800 544 2864 utilitate
569 2798 811 2876 constituerunt,
837 2809 869 2860 et
895 2796 983 2879 qnod
1008 2798 1235 2864 secundarium
1262 2801 1436 2884 appellant,
1462 2797 1517 2864 sed

209 2907 299 2994 quod
314 2927 356 2970 ex
369 2905 536 2971 communi
549 2903 721 2968 hominum
734 2904 770 2971 in
784 2903 873 2968 idem
885 2905 1097 2976 consensione
1118 2906 1301 2980 naturalem
1327 2907 1449 2984 clarius
1464 2925 1516 2972 ex·

210 3023 310 3108 plicat
330 3019 540 3094 honestatem,
566 3026 598 3078 et
622 3015 810 3098 primarium
836 3026 963 3079 vocant.
1007 3017 1298 3086 Quemadmodum
1324 3019 1411 3082 enim
1438 3031 1517 3082 trac·

209 3126 339 3192 tationis
355 3123 444 3187 initio
466 3121 672 3218 adnotabam,
699 3141 763 3186 non
789 3123 877 3188 solus
903 3125 994 3188 Deus
1018 3125 1092 3207 Opt.
1119 3125 1286 3190 Maximus
1312 3127 1522 3212 Judeeisve

209 3238 270 3300 tuit
282 3231 440 3316 singulari
455 3241 631 3314 praecepto,
649 3241 684 3294 ut
699 3231 741 3294 ab
754 3231 842 3296 hisce
857 3233 979 3313 nuptiis
994 3233 1184 3314 obtinerent,
1205 3233 1342 3298 Levitioi
1367 3257 1438 3319 cap.
1458 3237 1515 3316 18,

209 3345 388 3413 sedetiam
413 3343 493 3406 dum
517 3354 653 3406 naturae
678 3344 894 3407 institutiones
920 3343 1107 3408 homiuibus
1132 3343 1292 3408 universis
1318 3345 1458 3412 traderet
1482 3349 1516 3412 in

208 3475 278 3539 cap.
294 3455 323 3518 2.
339 3454 510 3532 Geneseos,
526 3471 568 3514 ex
583 3451 672 3534 quod
696 3453 816 3530 statuit,
845 3451 1071 3534 relinquendos
1086 3473 1156 3516 esse
1171 3465 1304 3537 petrem,
1321 3466 1352 3518 et
1366 3467 1515 3535 matrem,

208 3571 246 3625 ut
272 3557 494 3636 adhaereatur,
526 3560 625 3638 uxori,
656 3561 823 3641 perspicue
852 3559 1016 3638 indicauit,
1037 3561 1145 3624 uliam
1175 3579 1245 3624 esse
1274 3575 1450 3646 parentum
1483 3575 1515 3628 et

207 3665 385 3744 libemrum,
403 3664 509 3744 aliam,
526 3683 585 3728 nec
611 3665 692 3730 bene
712 3663 915 3748 jungendam
939 3685 1015 3730 oum
1030 3658 1139 3749 priore,
1157 3667 1215 3732 riri
1230 3679 1263 3730 et
1277 3671 1387 3734 uxoris
1404 3689 1518 3736 neces·

205 3773 408 3842 &didicens
433 3773 559 3836 Revera
587 3791 663 3836 cum
700 3773 781 3836 iuter
816 3773 963 3840 homines
999 3778 1185 3860 conjugium
1214 3796 1295 3842 non
1311 3789 1439 3844 tentum
1470 3779 1513 3844 ad

206 3883 436 3965 perennitatem
452 3883 576 3963 generis
593 3879 752 3960 reseratur,
776 3881 834 3946 sed
858 3882 913 3950 ad
928 3885 1106 3966 quamdam
1130 3887 1449 3966 arctissimumrritae
1463 3907 1514 3952 sn

202 3994 373 4074 clauum,
389 3993 424 4058 in
446 4013 511 4076 quo
536 3999 559 4058 n
582 3993 756 4059 brutomm·
771 3993 1058 4077 conojuntionibus,
1083 3995 1301 4078 distinguitur,
1329 3997 1513 4083 debeatque

207 4123 289 4170 uxor
302 4122 374 4170 esse
388 4105 488 4170 veluti
501 4105 590 4188 'socia
606 4105 719 4184 meriti,
746 4106 779 4170 in
803 4105 947 4190 ejusdem
968 4107 1169 4190 ¹adjutorium
1194 4108 1291 4188 data,
1305 4111 1523 4193 quanquam·

204 4214 380 4279 constituta
400 4213 465 4276 sub
490 4213 603 4276 marito
633 4221 790 4294 mttqmim
818 4213 960 4278 familiae
989 4217 1102 4299 capite
1133 4236 1200 4284 nott
1227 4219 1306 4293 satis
1320 4226 1513 4292 consonare

205 4325 341 4407 videtur,
356 4326 567 4389 sansucium
582 4323 701 4405 haberi,
716 4325 839 4408 quaesi
865 4326 943 4406 filie,
966 4328 1008 4390 sit
1033 4345 1098 4390 non
1122 4327 1198 4390 alia«
1212 4330 1512 4412 praesumpsisti,

203 4449 308 4520 qum
319 4435 516 4516 numantiae
540 4434 655 4516 officia,
676 4433 716 4500 at
741 4439 850 4517 meter,
875 4433 946 4519 ipsa
970 4435 1181 4502 reuerentiam
1209 4443 1232 4504 t
1258 4437 1338 4504 iiiior
1354 4439 1511 4526 postulet,
