3210 4990
232 437 280 484 n:
303 437 469 485 Poenicis
490 438 627 486 renuat
649 437 882 486 mercimonii
906 399 1303 484 ΠΕΠῙΙΝἸἹΔἸῚΟΙἪΒΠΕ.Ι
1345 411 1407 478 121

9 631 10 656 ἶ
108 557 144 624 Id
156 557 290 642 quidem
306 561 415 626 venire
439 561 473 626 in
487 561 739 646 disputationem
752 561 857 646 potuit
885 569 996 624 statun
1009 557 1167 638 absoluto,
1181 557 1411 654 publicatoque

9 671 10 728 ζ
108 666 299 734 Tridentino
313 671 467 749 Concilio,
483 671 668 754 praesertim
683 669 771 754 apud
796 689 860 751 eos,
875 671 932 752 qui
947 666 1137 753 generditer
1151 666 1277 731 tradere
1291 666 1414 730 voluis-

107 787 182 856 sent,
197 777 326 842 irritum
340 797 419 858 essa
434 777 523 860 quod
537 777 608 861 lege
630 779 817 862 prohibente
832 777 898 858 fiat,
909 779 1005 860 juxta
1028 775 1133 859 legem
1148 777 1179 840 ὅ.
1194 773 1265 836 cod.
1280 771 1321 836 de
1336 772 1414 854 legi-

107 888 174 954 bus
218 889 341 954 Verum
355 889 452 954 hodie
476 889 594 954 frustra
608 888 835 980 disputaretur,
851 890 893 952 ob
918 897 1089 970 receptam,
1105 904 1190 968 quae
1209 883 1333 948 nemini
1347 901 1417 948 am·
1472 955 1475 960 ,

106 997 189 1082 plius
203 999 441 1064 dubitationem
464 997 550 1078 iacit,
564 997 750 1062 Tridentini
774 997 892 1062 decreti
907 993 1200 1078 interpretationem
1224 989 1416 1072 quotidiana

107 1107 201 1172 etiam
215 1109 314 1191 praxi
326 1107 496 1188 firmatam,
512 1127 596 1190 quaa
610 1106 799 1190 conjugium
813 1106 858 1169 ita
868 1115 1070 1168 contractum
1087 1112 1251 1182 tanquam
1266 1097 1417 1162 illicitum

108 1215 251 1297 damam,
266 1236 334 1282 non
359 1227 516 1300 tanquam
530 1216 654 1280 irritum
680 1213 837 1278 dissolvit:
860 1231 966 1295 nequa
993 1210 1153 1294 generalis
1179 1207 1292 1292 regula
1305 1205 1418 1270 lauda·

108 1335 157 1390 tae
171 1326 254 1409 legis
281 1329 311 1391 5.
326 1327 361 1390 iu
375 1327 599 1410 conjugiorum
621 1325 754 1390 materie
774 1324 891 1406 injure
916 1320 1104 1404 praesertim
1127 1315 1344 1382 ecclesiastico
1359 1331 1420 1378 un·

108 1455 206 1520 quam
221 1438 372 1520 obtinuit;
387 1448 458 1502 tum
472 1437 606 1501 demum
620 1436 709 1501 eninr
724 1433 931 1498 matrimonia
952 1441 1064 1496 contra
1081 1431 1170 1512 leges
1184 1425 1419 1492 ecclesiasticas

108 1553 273 1608 manacta
288 1563 344 1627 pro
369 1543 463 1608 irritis
477 1545 712 1624 existimantur,
736 1541 870 1626 quando
885 1540 1064 1624 prohibero
1090 1539 1155 1622 legi
1169 1535 1335 1602 decretum
1350 1535 1419 1598 irri-

110 1663 178 1717 tans
192 1652 364 1718 adnexum
378 1663 435 1717 est.
479 1652 612 1718 iamdiu
634 1653 775 1718 Romani
790 1662 913 1716 veteres
937 1661 1118 1716 statuerant
1133 1651 1167 1714 in
1181 1648 1342 1731 conjugiis
1355 1665 1420 1710 ser·

110 1761 256 1826 mudum
271 1781 355 1843 ease,
366 1791 369 1798 ¹
382 1781 448 1827 non
464 1772 593 1828 tuntum
609 1761 696 1845 quod
723 1761 841 1841 liceret,
857 1760 1084 1825 verumetiam
1105 1757 1198 1842 ¹quod
1213 1756 1292 1820 forst
1305 1756 1422 1820 hones·

110 1875 184 1946 turn,
200 1867 222 1930 l
238 1867 292 1930 42
308 1867 476 1934 noenu
496 1871 695 1953 nuptiarnm3
712 1887 851 1951 eamque
869 1869 910 1932 ob
929 1885 999 1932 rem
1011 1867 1138 1932 licitum
1153 1867 1194 1930 ab
1208 1865 1344 1928 honesto
1357 1863 1422 1928 dis·

9 2055 10 2062 ¹
109 1976 254 2058 tirrgnare
279 1979 378 2040 etiam
393 1976 427 2041 iu
452 1994 491 2042 eo
516 1994 700 2060 possumus,
726 1977 813 2060 quod
838 1976 988 2042 dicamne
1014 1975 1164 2040 illicitum
1190 1971 1422 2054 quodcumque

9 2111 10 2116 ¹
108 2081 333 2166 conjugiumd
362 2082 434 2166 lege
447 2085 576 2167 penitus
591 2085 759 2148 irritatum.
785 2083 843 2148 sed
868 2081 1094 2148 indecoruma
1123 2079 1249 2161 legibus
1264 2077 1421 2155 habitum,

108 2196 387 2283 quemadmodum
396 2197 467 2280 jam
491 2195 570 2260 olim
584 2206 676 2260 eraut
690 2195 825 2278 nuptiae
839 2195 923 2258 intra
951 2193 1060 2258 luctus
1075 2203 1220 2276 tempora
1235 2191 1420 2268 celebratae,

9 2357 10 2362 ι
109 2316 299 2392 argumento
314 2305 334 2368 l.
352 2305 380 2368 1.
406 2302 476 2368 cod.
492 2302 532 2368 de
560 2302 692 2368 mcund.
708 2313 798 2386 nupt.
841 2302 917 2368 Non
931 2311 984 2366 est
999 2300 1071 2364 heic
1097 2300 1187 2366 locus
1202 2297 1345 2383 generali
1360 2295 1424 2360 dis·

109 2415 284 2499 quisitioni,
314 2423 352 2478 ut
379 2413 578 2492 observetur,
607 2411 820 2494 quandonam
851 2412 938 2496 leges
968 2411 1212 2476 matrimonium
1240 2408 1423 2488 irritavisse,

9 2563 10 2596 r
108 2525 322 2610 quandonam
336 2521 567 2606 improbavissa
589 2520 731 2603 quidam,
748 2539 815 2586 non
840 2520 1019 2602 irritavisse
1040 2519 1221 2584 credantur.
1264 2518 1424 2600 Opportu-

9 2609 10 2696 ἷ
109 2635 181 2699 nius
191 2633 280 2698 haec
302 2631 490 2696 tractabitur
504 2631 538 2694 in
563 2639 718 2712 sequente
745 2629 982 2694 dissertatione.
1026 2628 1175 2692 Tantum
1189 2635 1266 2690 noto
1279 2624 1322 2688 ad
1336 2623 1425 2688 hanc

110 2757 182 2820 rem,
197 2739 314 2803 Patres
339 2737 550 2802 Tridentinos
564 2737 696 2802 irritum,
714 2755 779 2801 non
801 2735 990 2800 declarasse
1015 2735 1204 2818 conjugium
1228 2731 1357 2796 omissis
1371 2730 1425 2796 de-

9 2827 10 2850 *
110 2847 370 2912 nuntiationibus
396 2854 608 2923 contractum,
635 2843 724 2925 quod
750 2841 879 2922 srrfficit,
910 2853 948 2906 ut
973 2839 1219 2918 concludamus,
1245 2837 1426 2920 improbata

111 2957 244 3041 qmdem
258 2955 359 3020 fuisse
374 2973 413 3018 ea
426 2954 587 3038 conjugia,
602 2971 670 3016 non
684 2953 813 3016 irritata.
857 2953 985 3016 Revera
1000 2951 1033 3015 iu
1058 2949 1171 3014 eodem
1188 2951 1260 3032 ipso
1273 2949 1380 3032 capita
1396 2951 1425 3014 1.

9 3119 10 3132 ι
111 3067 306 3134 Tridentino
319 3075 453 3130 cautum
468 3073 632 3147 praeterea
644 3063 715 3144 fuit,
734 3073 770 3127 ut
784 3063 978 3148 conjugium
993 3061 1170 3126 celebretur
1184 3071 1351 3144 praesente
1364 3061 1427 3125 Pa·

9 3153 10 3184 ³
111 3175 216 3254 mulio,
232 3183 265 3236 ct
278 3171 406 3236 dnobus
420 3170 538 3234 saltem
552 3169 697 3251 testibus;
713 3187 818 3251 quum
831 3187 908 3232 vero
923 3167 1107 3234 voluissent
1119 3167 1304 3231 Tridentini
1319 3166 1426 3230 Antis-

9 3317 10 3320 *
112 3283 190 3362 cres,
206 3281 300 3345 aliter
321 3278 497 3344 celebratus
513 3277 644 3361 nuptias
667 3277 772 3342 irrites
786 3275 861 3356 iore,
887 3275 1051 3340 decretum
1078 3276 1204 3340 irritans
1232 3273 1426 3359 adjecerunt,

9 3381 10 3388 ἵ
113 3389 163 3456 rbi:
192 3391 267 3464 Qut
281 3389 388 3466 alito,
415 3409 517 3474 quam
527 3394 703 3472 praesente
725 3385 887 3451 Pcrocbo.
905 3431 913 3448 .
930 3431 939 3449 .
955 3433 962 3450 .
980 3395 1013 3450 et
1028 3386 1165 3464 duabu,
1180 3385 1232 3449 cel
1247 3383 1427 3449 tribrrstns·

9 3491 10 3528 ³
113 3499 207 3576 meo,
223 3495 478 3562 marmium
491 3493 918 3572 monasteriensium,
948 3501 1133 3558 cassaneto
1148 3491 1305 3575 Qudne
1320 3492 1427 3557 adsis

9 3649 10 3676 ι
113 3605 371 3672 muniendum
384 3605 516 3670 omuino
530 3601 692 3666 irritabiles
705 3601 822 3681 reddit,
839 3610 870 3666 et
891 3603 1085 3688 hujumodi
1101 3609 1288 3668 munacius
1301 3603 1424 3682 irritos,

9 3709 10 3712 ’
115 3721 143 3778 et
165 3713 277 3778 nullos
293 3731 363 3776 esse
387 3711 538 3787 decurrit,
555 3709 615 3793 dc.
631 3726 731 3790 quam
746 3706 874 3787 decreti,
902 3717 939 3772 ut
953 3709 1055 3792 ajunt,
1070 3708 1223 3773 irritantis
1243 3707 1427 3774 clausulam

9 3859 10 3864 κ
113 3841 187 3888 cum
202 3821 360 3886 omissam
383 3819 538 3899 viderent,
554 3819 610 3884 ubi
635 3817 676 3882 de
700 3817 1003 3884 denuntiationibus
1029 3829 1186 3902 ageretur,
1208 3821 1281 3903 jure
1306 3819 1427 3902 optimo
1460 3883 1465 3890 ,

110 3929 176 4015 J'aru
190 3928 392 4010 collegerunt
405 3935 528 3990 ventes
555 3923 693 3990 concilii
707 3923 856 4010 ejusdem
881 3925 1081 4009 interpretes,
1097 3925 1208 3990 adhuc
1229 3926 1357 3990 omissis
1372 3923 1430 3988 de·

115 4033 372 4100 nuntiationibus
398 4030 642 4098 matrimonium
656 4041 729 4096 utut
753 4031 862 4100 illicite
877 4041 1078 4096 contractum
1103 4032 1303 4096 consistere:
1329 4028 1426 4094 Addo
1538 4041 1540 4046 ’

114 4141 171 4223 bis,
198 4143 313 4206 Patres
338 4139 548 4206 Tridentinus
569 4137 672 4204 itudo
696 4138 998 4208 denuntiationibus
1028 4140 1152 4209 locutos
1175 4139 1284 4220 inisse,
1299 4149 1336 4204 nt
1360 4155 1427 4203 non

115 4249 220 4314 solum
234 4247 367 4312 illarum
390 4265 573 4328 numerum,
589 4246 646 4312 sed
661 4258 693 4310 et
707 4247 781 4312 illas
806 4249 975 4314 universas
990 4267 1048 4332 pro
1080 4249 1298 4332 maenarum,
1313 4265 1426 4312 causa·

115 4375 250 4441 rumque
275 4354 438 4440 adjunctis
464 4355 624 4420 volueriut
647 4355 690 4420 ab
717 4355 962 4428 ¹ordinariorum
985 4355 1158 4440 prudentia
1182 4355 1330 4440 pendere
1374 4355 1426 4420 ltu

115 4465 254 4555 proiecto
277 4465 402 4534 iactum
416 4475 599 4550 noussset,
614 4465 740 4553 quoties
763 4463 1024 4617 denmmtiffnes
1044 4483 1109 4617 pllol
1116 4465 1227 4615 ἰοιίιόι,
1243 4475 1282 4532 ut
1293 4473 1425 4542 vocant,

977 4563 1048 4616 oue
1110 4587 1162 4615 .-
1205 4596 1213 4616 .
