3276 4984
202 401 244 465 st
424 447 427 453 -
544 419 787 464 nraaaarrrro
810 417 982 476 secunus,
1005 417 1081 460 cae.
1104 394 1158 460 ut.

243 543 352 608 Altera
366 562 466 616 causa
480 543 578 606 sacris
605 543 792 604 canonibus
815 541 1029 620 comprobate,
1058 557 1125 619 qua
1144 535 1317 620 sponsalia
1345 533 1501 601 dirimim-

200 665 259 729 tur,
275 652 472 714 est'mutatio
487 649 677 716 conditionis
706 650 757 712 vel
774 651 806 712 in
824 659 957 731 utroque
977 663 1104 732 sponso,
1134 647 1186 710 vel
1202 648 1235 710 iu
1265 646 1416 710 alterutro
1430 655 1503 706 tan·

201 773 271 824 tum
300 763 498 843 contingens,
522 781 587 843 qua
603 759 668 838 fiat,
684 770 721 824 ut
735 761 985 823 matrimonium
1005 759 1146 842 amplius
1173 757 1322 822 contrahi
1349 766 1500 838 nequeat,

201 881 249 932 est
264 871 351 934 enirn
366 870 522 952 generalis
541 870 622 953 juris
647 869 767 952 regula,
783 887 867 950 qttae
896 867 1000 947 tradit,
1016 869 1183 932 universos
1211 867 1384 932 homiuum
1399 875 1501 945 actus,

201 997 256 1042 eos
286 981 479 1063 praesertim,
509 975 566 1062 qni
596 979 741 1042 nondum
772 977 909 1040 absoluti
939 979 1118 1059 suntquis
1136 989 1308 1040 sanasunt
1337 975 1503 1058 sponsalia

200 1083 243 1148 ad
257 1082 404 1148 futunrm
418 1072 603 1169 conjugium
622 1085 794 1165 referenda,
809 1085 931 1166 irritari,
955 1107 1030 1150 cum
1047 1087 1079 1150 in
1095 1105 1172 1152 eum
1200 1105 1315 1150 casnm
1345 1085 1503 1164 incidunt,

199 1199 300 1275 aquo
312 1194 452 1276 incipere
466 1196 642 1276 neqrreunt.
686 1193 822 1277 Triplex
851 1205 899 1257 est
927 1195 960 1258 io
990 1195 1150 1278 proposito
1178 1193 1372 1258 conditionis
1396 1205 1503 1256 muta·

199 1302 253 1366 tio:
304 1303 411 1366 Prima
426 1313 482 1382 est,
498 1323 574 1368 cum
589 1305 739 1368 alteruter
753 1325 795 1367 ex
818 1305 945 1388 sponsis
971 1305 1154 1370 Monachus
1169 1305 1237 1384 fiat,
1252 1317 1310 1368 eut
1340 1305 1504 1370 Sautimo·

199 1411 305 1476 uialis:
320 1413 571 1494 Secundacum
600 1433 739 1498 sponsus
754 1415 977 1478 ecelesiasticis
997 1414 1164 1478 ordinibus
1179 1416 1330 1479 initietur:
1375 1415 1499 1496 Tertia,

198 1543 274 1590 cum
290 1526 438 1588 alteruter
452 1543 527 1589 cum
542 1526 613 1605 alio,
632 1535 853 1608 praeterquam
867 1545 944 1588 cum
958 1543 1005 1606 eo,
1022 1545 1164 1607 quocum
1192 1523 1358 1607 sponsalia
1370 1535 1498 1588 coutra-

198 1637 255 1713 xit,
271 1637 512 1701 matrimonium
527 1637 705 1700 contrahat.

239 1747 443 1810 Dirimunuu
470 1765 549 1808 sane
578 1745 741 1827 sponsalia
781 1746 971 1808 transitione
1004 1745 1057 1809 vel
1099 1746 1274 1827 utriusque,
1312 1743 1364 1818 tel
1399 1747 1500 1810 unius

197 1863 324 1916 tautum
340 1871 381 1916 ex
397 1853 521 1934 sponsis
551 1852 794 1930 Monasterium‚
809 1871 879 1914 can.
901 1853 952 1915 27.
978 1862 1010 1914 et
1038 1853 1088 1916 28.
1119 1871 1207 1915 caus.
1237 1851 1290 1914 27.
1319 1863 1444 1934 quaest.
1459 1851 1501 1932 2,

104 1947 106 1956 ¹
197 1981 266 2044 cap.
285 1961 333 2024 lt.
349 1961 389 2025 de
404 1979 547 2024 convers.
572 1962 744 2044 conjugat,
774 1961 801 2024 si
830 1961 918 2023 euim
938 1961 1000 2024 ista
1014 1961 1121 2044 ipsum
1136 1959 1332 2026 matrimonii
1351 1963 1407 2025 rati
1425 1981 1501 2026 nec·

198 2071 278 2134 dum
314 2071 531 2136 consummati
560 2071 731 2138 vinculum
760 2070 915 2150 dissolvit,
945 2068 1073 2133 facilins
1115 2069 1270 2134 dissolvet
1298 2071 1503 2154 sponsalium

196 2183 374 2246 vinculum.
418 2181 463 2244 Et
491 2179 623 2263 quidem
639 2180 671 2243 id
686 2178 876 2262 generaliter
904 2181 1064 2260 probaton
1079 2177 1236 2262 disputari
1265 2189 1375 2244 tanum
1406 2179 1498 2256 solet,

197 2307 277 2352 num
306 2307 347 2351 ex
375 2288 445 2369 ipso
474 2288 621 2372 ingressu
651 2289 685 2352 in
700 2289 939 2365 monasterium,
961 2305 1075 2350 senex
1091 2289 1294 2370 susceptione
1323 2287 1499 2352 monastici

197 2399 336 2476 habitus,
353 2417 395 2460 an
410 2396 542 2462 demum
571 2407 643 2479 post
670 2397 824 2460 omissam
853 2395 1084 2479 pmiessiouem
1100 2395 1257 2458 dissoluta
1272 2393 1437 2476 sponsalia
1452 2395 1501 2458 in·

197 2507 390 2592 telligautur.
434 2507 507 2590 Ego
521 2517 607 2590 puto,
636 2506 799 2588 sponsalia
829 2503 970 2568 necdum
998 2503 1194 2586 professione
1218 2515 1330 2566 secuta
1343 2505 1498 2568 consiste-

197 2639 230 2683 re
244 2617 376 2701 quidem
392 2617 494 2698 gratia
509 2614 604 2694 illius,
620 2615 722 2696 quiin
738 2613 877 2691 saeculo,
889 2624 924 2677 ut
936 2614 1034 2696 ajunt,
1047 2620 1164 2690 manet,
1178 2609 1235 2673 sed
1246 2623 1391 2691 respectu
1401 2608 1501 2690 illius,

196 2725 253 2806 qui
270 2723 494 2788 monachalem
510 2693 651 2806 susdepit
673 2721 830 2801 habitum,
846 2741 903 2804 pro
917 2721 1031 2784 solutis
1059 2717 1181 2799 habeti3
1198 2717 1244 2780 ita
1273 2717 1436 2796 nimirum,
1454 2731 1501 2799 nt,

195 2829 355 2914 pendente
370 2829 532 2912 tyrocinio,
559 2831 666 2910 possit,
682 2831 736 2911 qui
763 2831 920 2894 manetis
937 2827 1076 2906 saecule,
1093 2825 1175 2890 alias
1190 2825 1250 2890 sibi
1266 2828 1398 2908 nuptias
1424 2827 1501 2892 libe·

195 2959 229 3002 re
243 2939 595 3021 quaererc,autetiam,
626 2939 652 3000 si
667 2951 852 3020 exspectare
883 2937 1032 3000 maluerit
1058 2935 1254 3018 professione
1282 2953 1348 3000 non
1378 2947 1501 3018 secreta,

196 3046 295 3130 possit
308 3045 479 3132 postulare,
491 3042 531 3120 'pt
545 3044 708 3126 sponsalia
737 3063 835 3119 suum
865 3041 1017 3105 effectum
1034 3043 1216 3130 sortiantur;
1248 3053 1283 3104 at
1312 3041 1368 3132 qui
1385 3043 1503 3124 tyroci-

196 3150 287 3214 nium
317 3151 480 3234 iugrcssus
495 3161 551 3228 est,
581 3152 679 3214 etiam
695 3151 722 3213 si
746 3170 896 3233 expresse
925 3149 1016 3212 iuitio
1039 3159 1236 3231 protestetur,
1261 3169 1295 3212 se
1311 3151 1395 3214 uelle
1411 3151 1503 3217 initis

196 3259 402 3344 sponsalibus
416 3259 606 3338 renuntiare,
622 3275 822 3340 quamquam
838 3258 947 3322 adhuc
962 3257 1132 3322 obstrictus
1147 3269 1294 3322 teneatur
1309 3259 1371 3322 sub
1385 3259 1500 3323 condi-

196 3371 289 3448 tione,
316 3370 343 3431 si
359 3367 586 3450 professionem
611 3368 824 3432 monasticam
840 3387 905 3434 nou
932 3367 1079 3445 emiserit,
1099 3369 1170 3450 jam
1186 3379 1293 3428 tamen
1320 3363 1503 3431 satisfacto

197 3495 265 3558 suo,
281 3491 391 3554 contra
406 3481 493 3560 qnod
515 3481 624 3547 inanis
637 3499 677 3543 ea
692 3477 876 3562 pmtestatio
891 3475 978 3555 foret,
1006 3483 1026 3541 a
1042 3496 1076 3540 se
1090 3475 1277 3539 liberavisse
1291 3493 1448 3559 sponsum
1464 3475 1502 3538 in

197 3584 327 3648 saeculo
352 3586 498 3649 relictum
512 3585 669 3669 videatne
696 3586 900 3668 nequeenim
928 3585 1009 3648 alias
1024 3595 1189 3667 repugnat,
1216 3595 1425 3662 contractum,
1441 3585 1502 3666 qui

197 3711 238 3754 ex
253 3703 367 3756 muttto
390 3693 652 3758 conueheutium
677 3713 838 3758 consensu
863 3694 997 3757 dissolvi
1021 3705 1123 3775 potest
1145 3711 1187 3756 ex
1209 3701 1297 3774 parte
1312 3693 1411 3754 unius
1434 3691 1503 3756 dis·

197 3799 288 3878 solui,
313 3790 483 3864 consistere
499 3821 552 3865 ex·
565 3813 654 3886 parte
668 3803 810 3882 alterius,
836 3801 1111 3884 quemadmodum
1136 3801 1302 3884 contingit·
1317 3801 1351 3864 in
1366 3803 1503 3896 societa-

196 3913 235 3986 te,
253 3904 272 3966 l.
288 3907 338 3970 65.
356 3909 377 3974 l.
393 3907 422 3972 6.
437 3907 469 3973 ff.
485 3929 541 3990 pro
556 3909 649 3988 socio,
675 3929 740 3991 quo
754 3909 904 3991 exemplo
931 3929 1010 3974 usus
1025 3919 1074 3971 est
1087 3907 1273 3972 Alexander
1288 3909 1346 3972 lll.
1362 3909 1396 3970 in
1410 3909 1503 3974 dicto

194 4031 265 4096 cap.
280 4015 310 4076 2.
326 4013 366 4076 de
380 4016 585 4096 sponsalibus
610 4028 767 4099 tauquam
783 4037 829 4098 ec,
851 4020 948 4100 ¹cujus
963 4017 1093 4099 regulae
1107 4017 1205 4080 etiarn
1228 4017 1432 4098 sponsalibus
1445 4037 1500 4082 ac-

197 4121 484 4190 commodarentur.
528 4125 618 4190 Haec
643 4125 740 4192 etiam
755 4147 832 4190 vera
857 4137 942 4206 sunt,
965 4125 1038 4188 licet
1061 4125 1226 4208 sponsalia
1251 4125 1369 4190 fuerint
1377 4128 1500 4212 jureju-

194 4231 297 4296 rando
313 4231 448 4312 firmata,
473 4235 550 4316 quia
561 4235 791 4319 jusjurandum
816 4243 967 4298 naturam
992 4233 1097 4298 induit
1111 4244 1304 4313 contractus,
1330 4245 1362 4298 et
1375 4235 1501 4318 obliga.

195 4341 299 4420 tionis,
314 4346 367 4406 cui
389 4343 525 4427 acceditp
537 4362 676 4426 eamque
691 4345 733 4413 ob
748 4363 814 4408 rem
838 4363 876 4408 eo
892 4344 969 4425 ipso,
985 4361 1050 4424 quo
1065 4343 1274 4424 sponsalium,
1284 4346 1502 4428 jurisjurandi

193 4463 322 4528 quoque
345 4431 497 4532 obligatio
511 4451 713 4518 dissolvetun
755 4451 816 4519 His
831 4449 963 4530 accedit,
974 4451 1184 4554 jurisjurandi
1213 4453 1399 4539 religionem
1413 4475 1505 4561 eern-
