3216 4988
399 703 571 822 .er
631 643 1019 822 rtruuos

260 975 319 1042 De
332 999 378 1054 eo,
393 975 590 1063 quisnrtioe
605 974 753 1044 ordinem
767 973 921 1056 marcenii.
942 971 1013 1038 ttbr.
1029 976 1058 1040 ὅ.
1075 975 1120 1038 tit.
1136 976 1189 1040 30.

260 1086 317 1150 m
336 1087 462 1152 Cierico
476 1105 536 1169 per
552 1085 857 1166 soltumprromoto.
881 1129 888 1144 .
912 1129 919 1144 .
942 1083 1010 1150 libr.
1032 1085 1061 1148 d.
1079 1085 1123 1150 tit.
1138 1086 1190 1149 29.

264 1197 318 1260 De
333 1197 458 1262 Clariae
469 1216 534 1258 nou
546 1193 698 1256 ordinato
709 1193 932 1254 ministrante.
949 1189 1017 1260 libr.
1033 1193 1063 1256 δ.
1080 1191 1126 1256 tit.
1142 1193 1194 1256 28.

261 1305 318 1370 rDr
336 1305 461 1371 Cierico
476 1301 762 1374 recommunicare,
778 1301 932 1384 deposito,
959 1353 961 1360 .

301 1414 357 1476 arei
372 1411 545 1476 interdicto
560 1410 782 1474 ministrante.
799 1455 806 1472 .
830 1452 838 1471 .
860 1453 868 1472 .
892 1455 900 1470 .
924 1455 931 1472 .
949 1409 1016 1474 libr.
1033 1411 1062 1474 t.
1079 1412 1124 1474 tit.
1141 1411 1191 1474 27.

94 1634 232 1884 otton
256 1781 289 1846 in
307 1781 517 1846 Sacramenta
532 1779 664 1844 Ordinis
680 1779 821 1864 dignitas
837 1782 1001 1862 consistat,
1025 1793 1056 1846 et
1066 1793 1212 1866 potestas
1236 1785 1380 1850 maxima

89 1889 313 1954 ecclesiasticae
329 1891 546 1969 Hierorchiae,
562 1887 746 1952 carendum
763 1891 862 1952 sacris
878 1889 1059 1954 canonibus
1075 1891 1135 1956 furt
1152 1893 1231 1954 iuter
1246 1905 1381 1970 caetera,

89 1997 231 2079 imprimis
248 2021 289 2064 uc
316 2002 462 2082 quisunt
488 1999 613 2078 furtivo,
639 2011 695 2062 aut
713 2019 767 2080 per
792 2001 912 2062 snitum
940 2011 1184 2082 promoveretur
1209 1997 1325 2060 deiude
1342 2017 1382 2060 uo

87 2109 193 2188 quista
210 2111 325 2175 ordine
341 2109 450 2192 aiiqun
474 2109 675 2185 ministraret,
692 2109 754 2172 uisi
770 2109 881 2172 ordine
897 2129 952 2192 per
967 2125 1075 2170 sacros
1096 2105 1264 2169 Antistitcs
1280 2105 1384 2167 initia-

88 2222 139 2294 tus;
156 2217 228 2282 item
256 2237 300 2282 ne
315 2208 452 2281 ordinati
480 2217 539 2301 ipsi
556 2217 597 2280 ad
622 2215 873 2280 ministrandum
899 2215 1097 2294 accederent,
1124 2218 1149 2278 si
1173 2235 1309 2278 censura
1326 2213 1382 2277 ali-

86 2348 150 2424 qptn,
166 2333 523 2406 excommunicationis
540 2333 770 2414 suspensionis,
788 2343 845 2396 aut
860 2331 1020 2394 interdicti
1036 2329 1136 2393 notati
1149 2329 1298 2415 fuissent.

117 2443 250 2508 ¹Furtive
266 2445 386 2509 dicitur
411 2445 586 2527 ordinatus,
612 2445 760 2527 quicum
788 2465 828 2508 ue
844 2446 885 2507 ad
901 2445 1029 2508 ordines
1055 2445 1230 2521 accederet,
1257 2445 1325 2506 sive
1341 2463 1383 2508 cx

72 2556 228 2644 ‚singulari
246 2561 412 2624 Antistius
428 2571 596 2642 praecepto
613 2559 837 2640 prohiberetur,
865 2557 1077 2620 nibilominus
1093 2555 1134 2618 ad
1150 2555 1384 2622 ordinationem

83 2671 233 2732 aceeserit
282 2669 405 2733 Mirum
421 2669 560 2751 proiecto
586 2681 641 2745 est,
669 2687 767 2748 quarn
793 2669 902 2729 variae
926 2668 958 2730 iu
976 2667 1036 2729 bac
1064 2687 1095 2729 re
1119 2685 1189 2728 esse
1216 2656 1386 2732 debuerint

83 2790 217 2842 vetorum
237 2779 429 2843 Antistitum
446 2798 541 2840 curae
558 2779 599 2840 ab
615 2778 661 2856 iis,
678 2797 761 2858 qrrac
777 2777 818 2839 ab
835 2777 1062 2838 recentioribus
1078 2775 1302 2858 suscipiendae
1318 2773 1387 2838 sue·

81 2899 155 2948 runt.
185 2889 381 2972 Fugiebant
406 2889 483 2950 oiim
499 2887 669 2949 ordinandi
697 2886 811 2949 Clerici
838 2886 1082 2968 Episcoporum,
1109 2887 1262 2968 aquibus
1278 2887 1384 2951 vocati

81 2993 206 3079 irrorent,
224 3021 355 3077 manus,
382 3011 413 3060 et
431 2999 654 3081 tutusquisque
679 3019 760 3081 pauc
775 2999 985 3062 ordinabatur
1001 3001 1130 3072 invitus,
1160 2993 1205 3060 uti
1228 3010 1386 3062 testantur

79 3103 288 3188 Imperatores
302 3109 383 3187 Leo,
398 3120 429 3171 ct
444 3109 616 3172 Antemius
634 3107 663 3170 iu
683 3107 701 3170 Ι.
718 3107 768 3170 31.
786 3107 856 3168 cod.
884 3105 924 3169 da
941 3105 1059 3186 Episc,
1074 3117 1106 3167 et
1121 3085 1213 3180 Cion,
1231 3105 1312 3168 adeo
1328 3107 1386 3178 inr-

80 3229 181 3292 pressa
208 3235 279 3279 erat
306 3217 406 3279 menti
436 3215 689 3300 uniuscujusque
716 3235 871 3296 germana
901 3233 1011 3276 sar-rac
1040 3213 1249 3276 ordinationis
1269 3214 1384 3294 imago,

79 3339 138 3402 qua
152 3325 335 3398 crederent,
361 3325 588 3406 gravissimum
606 3343 726 3387 munus
742 3324 909 3407 publicum
931 3324 973 3386 ab
990 3325 1028 3386 iis
1042 3324 1171 3406 suscipi,
1188 3325 1243 3406 qui
1259 3325 1386 3387 ordina·

45 3454 50 3462 ·
78 3445 188 3497 rentur.
224 3433 294 3500 Sed
312 3413 482 3517 postquam
499 3433 622 3514 irrepsit
648 3433 788 3506 ambitio,
815 3444 847 3494 et
862 3433 998 3495 avaritia
1014 3431 1047 3494 in
1076 3429 1269 3508 Ecclesiam,
1283 3443 1314 3492 et
1330 3449 1386 3494 no·
1447 3455 1463 3484 t

78 3557 147 3607 men
164 3543 318 3608 beneficii
330 3543 473 3606 'inditum
489 3553 538 3604 est
552 3541 779 3604 ecclesiasticis
794 3542 917 3620 officiis,
934 3563 998 3605 uon
1015 3531 1195 3616 defuerunt,
1215 3542 1270 3622 qui
1287 3543 1386 3605 etiam

77 3669 136 3716 uon
155 3656 274 3733 vocati,
294 3653 393 3718 immo
409 3666 439 3714 et
454 3653 587 3730 exclusi,
605 3673 669 3715 non
684 3672 836 3734 quaerere
853 3663 981 3715 tautum
999 3671 1124 3713 sacram
1140 3649 1384 3729 ordinationem,

77 3761 126 3824 scd
144 3775 175 3828 et
202 3765 366 3848 surripere
383 3763 562 3827 voluerunt.
607 3759 803 3844 Hujusmodi
821 3761 949 3823 suerunt
966 3773 1023 3823 aut
1048 3761 1153 3823 mariti
1169 3761 1238 3824 sinc
1253 3779 1387 3824 consen-

71 3890 110 3934 su
128 3893 267 3938 uxorem
278 3871 432 3952 ordinati,
448 3871 499 3935 rel
516 3869 603 3954 quod
619 3891 653 3934 se
668 3871 817 3953 conjugio
832 3869 998 3932 obstrictos
1014 3886 1084 3930 csse
1099 3863 1385 3946 dissimulaverint,

76 3977 120 4040 rei
137 3980 225 4062 quod
245 3999 444 4044 consensum
462 3999 600 4044 uxorum
616 3980 794 4043 obtinuisse
809 3977 893 4042 saiso
908 3974 1128 4062 adlegarerint,
1145 3993 1313 4058 extravag.
1330 3975 1385 4039 un'.

75 4087 111 4150 dc
127 4105 212 4168 vnto,
230 4107 265 4154 et
282 4091 349 4153 voti
365 4089 517 4174 redempt,
533 4089 620 4173 apud
636 4091 796 4154 Joannem
812 4087 925 4153 ΧΧΠ.
969 4087 1051 4151 Item
1069 4085 1151 4149 servi
1167 4087 1236 4147 sino
1252 4101 1387 4146 conscu-

74 4220 109 4263 su
126 4202 255 4271 domini
273 4197 421 4279 ordinati,
445 4211 609 4284 praetcrea
618 4195 770 4272 curiales,
792 4219 830 4260 ac
846 4197 1022 4261 rationibus
1039 4195 1175 4279 publicis
1190 4193 1331 4274 obnoxii;
1355 4201 1387 4256 et
1451 4227 1459 4236 -
1580 4267 1581 4276 ἵ

74 4309 213 4394 denique
229 4311 292 4394 qui
307 4323 363 4374 aut
379 4289 442 4373 uon
456 4311 592 4393 probati,
617 4321 647 4373 st
665 4295 792 4392 prorsus
808 4309 908 4392 ignoti
924 4305 1064 4391 temporo
1079 4325 1190 4368 sacrae
1212 4305 1386 4394 ordipratip-
1580 4335 1581 4398 p

72 4421 120 4482 nis
135 4421 223 4485 iutcr
240 4419 386 4484 Ciericos
411 4417 596 4502 designatos
612 4439 682 4484 sese
697 4402 893 4482 clanculum
911 4415 1237 4482 immitunt'ordinem
1263 4435 1386 4499 surrap-
1580 4429 1581 4459 t

73 4529 142 4612 turi,
163 4529 215 4594 rei
246 4529 306 4612 qui
322 4527 457 4593 admissi
482 4525 524 4592 ad
541 4549 646 4593 unum
668 4512 816 4593 ¹ordinarit
844 4525 1097 4612 suscipiendum,
1124 4527 1262 4597 alterurn
1277 4507 1394 4606 eriam,

418 4679 438 4708 Ὗ
