3134 4984
317 455 365 506 ne
380 451 587 513 arcanum,
602 445 845 510 rra-mussas,
857 445 902 492 an
916 441 1186 492 murreus.
1343 421 1407 488 125

115 590 175 648 tam
188 593 292 646 eornm
302 581 497 664 insererent,-
506 573 683 658 tni'potius
697 571 917 639 aduenerant
938 567 1034 642 neit
1046 569 1165 634 mirram
1175 566 1280 650 igitur,
1296 564 1407 631 sittim

115 693 240 758 damian
250 689 609 757 excommunicarentur
617 682 826 762 schismatici,
841 689 900 746 aut
913 677 1194 763 suspenderentur,
1203 693 1283 740 curn
1295 680 1408 740 munr-

100 814 210 864 vnraaes
221 789 408 863 existemriti
429 795 605 873 statutum,
615 792 707 876 quod
722 790 881 874 legitorin
892 787 1060 880 dictgcap.
1075 787 1112 867 1.,
1127 785 1252 868 editam
1265 783 1406 867 primtrm
1525 795 1528 800 '

113 903 206 970 ioltin
216 923 288 970 can.
298 903 327 970 9.
341 903 478 968 Oouciiii
490 900 694 966 Turonensis
704 897 861 962 adraanus
870 895 1102 972 schismaticos,
1116 899 1173 976 qut
1183 891 1406 956 adhaerebant

114 1011 249 1080 electioni
261 1012 314 1076 uel
329 1009 509 1088 Octaviani,
526 1007 581 1090 qui
594 1023 713 1070 nornen
730 1003 865 1068 Victoris
881 1001 945 1084 iti,
961 1001 1014 1066 val
1030 1000 1198 1078 Gnidonis,
1214 999 1271 1082 qui
1285 1017 1406 1064 nomen

113 1115 269 1182 Paschalis
284 1117 324 1182 11.
342 1119 596 1198 assumpsershrt;
612 1113 730 1178 deinde
744 1109 975 1176 confirmatum
991 1121 1040 1174 est
1054 1109 1088 1174 in
1115 1108 1260 1172 Concilio
1275 1108 1405 1172 Latera-
1457 1183 1461 1190 Ι

112 1225 202 1290 nansi.
245 1226 371 1292 ibidem
386 1233 497 1288 autem
521 1223 669 1306 legimus,
685 1243 748 1304 ecs,
770 1223 831 1308 ‘qui
847 1222 1011 1286 ematrorie
1031 1221 1328 1306 praesumpserim,
1352 1239 1406 1284 ea·

81 1393 83 1399 .
112 1335 387 1399 comminationi
401 1334 577 1418 subjacere.
619 1332 667 1396 Ac
684 1342 794 1398 revera
809 1339 881 1414 post
894 1339 1016 1418 statuta
1030 1329 1248 1407 Turonensis,
1265 1339 1297 1390 et
1311 1313 1406 1392 Late-

112 1440 250 1504 rsnensia
265 1443 379 1523 agnita
394 1438 455 1502 suit
471 1441 504 1502 in
521 1439 670 1503 Ecclesia
687 1450 843 1521 tanquam
861 1437 1004 1520 legitima
1016 1437 1197 1502 Alexandri
1210 1439 1267 1501 lll.
1278 1437 1405 1520 electio,

110 1556 217 1630 etpost
230 1550 317 1613 hanc
333 1549 542 1634 agnitionem,
559 1559 717 1630 tanquam
731 1548 1034 1614 excommunicatus
1057 1547 1158 1612 reluti
1172 1547 1261 1610 omni
1277 1546 1405 1612 dubita·

109 1657 185 1754 tinne
198 1635 347 1724 cessante
371 1659 542 1726 habendus
557 1670 632 1737 erat,
659 1657 716 1740 qui
732 1656 919 1721 Alexandro
945 1675 1012 1720 non
1039 1657 1209 1739 paruisset.
1251 1656 1404 1727 Quodsi

108 1765 272 1850 subjicitur,
286 1787 346 1846 cm³
356 1789 489 1834 munere
503 1764 688 1853 sampsaeos,
712 1770 770 1854 qui
776 1770 1016 1854 juramentum
1029 1767 1207 1859 deterrendo
1228 1767 1407 1832 scirisntote

104 1875 342 1954 praestiterunt,
358 1871 401 1938 ad
423 1895 477 1940 cos
493 1877 637 1958 pertinet,
654 1877 709 1958 qui
720 1875 928 1960 jurejurando
943 1893 979 1938 se
999 1875 1237 1940 obstrinxerant
1252 1876 1404 1940 Octavia·

72 1993 78 2008 '
106 1995 150 2058 no,
163 1985 361 2065 et-Guidoni,
377 1995 554 2067 autequam
565 1994 766 2067 compertum
779 1985 971 2050 habuissent
980 1985 1035 2070 jus
1050 1985 1228 2052 Alexandri
1233 2008 1241 2069 ;
1257 1996 1290 2050 ot
1301 2005 1407 2069 quan-

105 2087 141 2152 do
162 2090 308 2158 futurum
334 2093 530 2178 sperabatur,
561 2103 597 2158 ut
624 2092 812 2158 Alexandro
840 2105 996 2178 parerent,
1026 2095 1247 2180 suspensionis
1276 2105 1405 2163 tantum

104 2211 184 2266 eraut
196 2223 337 2269 censura
353 2201 499 2284 terrendi,
527 2212 563 2266 nt
577 2203 771 2286 quantacun
790 2201 837 2266 ad
852 2202 1011 2268 unitatem
1025 2213 1267 2270 reverterentur.
1304 2203 1407 2268 Addi-

100 2309 146 2377 dit
156 2311 342 2378 Alexander
357 2313 427 2392 lit,
449 2331 485 2378 se
500 2314 534 2379 in
551 2331 590 2376 ea
606 2331 638 2374 re
664 2313 872 2379 innovavisse
884 2312 1054 2380 decretum
1074 2313 1126 2378 sui
1148 2309 1404 2398 praedecessoris

103 2414 285 2504 innocentih
302 2409 391 2504 quod
416 2419 547 2484 retertur
560 2417 605 2484 ad
619 2419 847 2504 Innocentnnn
870 2419 923 2498 ΙΙ,
950 2429 1062 2506 contra
1077 2439 1174 2504 quern
1189 2419 1275 2486 iacto
1290 2421 1324 2484 in
1339 2421 1403 2486 Ro·

90 2537 192 2602 ⁴trasna
207 2503 359 2596 Ecclesia
384 2527 559 2597 schismata
573 2526 694 2592 eleetos
719 2533 824 2592 erata
845 2527 1013 2625 nonnqllis
1027 2528 1069 2592 in·
1085 2528 1278 2594 Pontificem
1293 2531 1401 2596 Maxi·

100 2647 183 2703 mirra
198 2633 316 2698 Petrus
339 2633 481 2704 Lacum,
511 2635 679 2712 statutum
703 2643 814 2701 entem
836 2633 944 2698 fueret
959 2634 993 2700 in
1018 2635 1235 2728 Letemnensi
1254 2633 1401 2704 Concilio

99 2745 172 2811 mut
188 2745 290 2824 1139,
306 2757 342 2810 nt
356 2742 574 2812 ordinationes
589 2750 610 2810 a
625 2743 718 2838 Petro
735 2743 854 2810 Leonis
869 2743 1035 2826 Antipnpa
1048 2742 1153 2808 iactae
1171 2753 1329 2826 unquam
1344 2763 1402 2810 va·

99 2865 231 2933 cuaqet
244 2855 352 2920 irritae
364 2853 572 2922 haberentur.
594 2852 697 2944 lenio
711 2871 800 2918 nunc
816 2852 861 2918 ad
874 2853 1057 2938 capitulum
1069 2853 1101 2920 2.
1116 2851 1158 2918 de
1173 2853 1400 2918 schismaticis.

98 2959 159 3026 nei
173 2963 293 3030 ibidem
315 2981 380 3032 uon
397 2962 437 3029 de
462 2981 568 3046 poena
580 2959 785 3027 schismatici
798 2961 919 3046 agitur,
945 2961 1059 3042 sedda
1074 2981 1180 3046 poena
1201 2962 1400 3046 illiusquie

98 3067 303 3134 schismatico
320 3070 481 3154 Episcopo
495 3069 663 3138 ordinatus
676 3069 800 3136 inisset.
845 3071 878 3136 Is
893 3087 973 3142 sans
987 3071 1105 3136 dicitnr
1128 3070 1340 3164 deponendus
1355 3071 1399 3140 ab

98 3173 204 3256 officio,
221 3195 394 3261 quousque
408 3197 485 3242 cum
499 3195 537 3242 co
561 3195 627 3242 non
642 3176 736 3244 luerit
750 3197 792 3244 ex
807 3177 1011 3260 indulgentia
1038 3178 1285 3276 dispensatum..
1315 3177 1401 3246 Mul·

97 3295 164 3364 tunt
177 3300 290 3355 autern
304 3289 439 3360 interest
454 3289 536 3357 inter
551 3307 688 3372 poenam
704 3289 910 3356 schismatico
924 3290 1136 3372 inserendam,
1152 3301 1184 3359 et
1196 3309 1337 3376 poenam
1354 3294 1402 3358 in·

96 3388 259 3461 lesendam
275 3396 332 3476 illi,
347 3397 403 3478 qui
418 3403 440 3464 a
454 3397 662 3466 schismatico
674 3395 771 3464 fauerit
785 3398 962 3467 ordinatus.
1005 3399 1085 3478 Non
1095 3401 1183 3466 enim
1203 3411 1326 3467 certum
1341 3413 1399 3488 est,

96 3498 279 3572 ordinatum
304 3510 325 3570 n
340 3489 547 3571 schismatico
562 3506 729 3584 schismati
744 3507 927 3590 adhaerere,
944 3520 1072 3601 tpntum
1087 3509 1229 3596 suspicio
1244 3511 1401 3580 schisma·

94 3611 132 3674 tis
146 3614 282 3680 suboriri
296 3623 410 3698 potest.
455 3616 568 3698 ltaque
590 3615 789 3682 schismatici
815 3619 885 3701 ipso
903 3620 975 3704 inre
997 3617 1199 3687 anathemari
1225 3620 1402 3705 snbjiciun-

96 3731 153 3805 tur3
169 3737 262 3790 extra
273 3725 419 3790 ordinem
435 3715 606 3808 etiam'pro
617 3724 714 3793 modo
725 3726 891 3794 seditionis
906 3727 1043 3793 coerceri
1054 3737 1198 3810 possunt,
1211 3747 1277 3794 non
1290 3741 1399 3795 tamen

94 3837 224 3906 caeteris
239 3837 361 3920 poeuis,
376 3835 495 3918 qtribus
512 3833 696 3917 plectuntur
709 3836 871 3916 haeretici,
887 3837 1076 3921 ptrnhmtnr.
1111 3839 1258 3912 Quando
1273 3857 1348 3904 vero
1363 3839 1398 3902 in

95 3957 288 4029 unoquoque
310 3944 487 4010 damnabili
505 3946 680 4013 schismate
695 3948 830 4014 suboriri
845 3948 925 4014 solet
940 3927 1082 4034 aruspicio
1096 3949 1274 4032 haereseos,
1290 3969 1400 4036 recep·

95 4061 161 4126 turn
176 4067 235 4134 est,
249 4067 295 4142 ,ut
317 4055 515 4120 schismatici
530 4056 628 4122 etiam
651 4057 764 4140 poeuis
786 4058 1022 4128 haereticorum
1047 4061 1245 4146 subjaceant,
1269 4060 1296 4124 si
1313 4072 1396 4144 post·

92 4175 191 4242 quam
216 4159 258 4225 ad
281 4163 440 4228 unitatem
466 4162 608 4246 legitime
631 4167 737 4230 vocati
757 4151 884 4250 luerint,
911 4169 1014 4234 redire
1039 4169 1300 4254 contempserint,
1323 4189 1396 4254 cap.

92 4282 145 4331 un.
161 4269 203 4334 de
218 4271 433 4336 schismaticis
449 4271 481 4334 iu
498 4273 526 4336 6.
571 4273 716 4344 Quodsi
730 4277 926 4358 poenitentia
940 4278 1030 4344 ducti
1047 4289 1247 4344 revertantur
1266 4279 1310 4344 ad
1325 4279 1399 4348 nni·

93 4381 201 4456 tatem,
223 4397 288 4442 non
304 4390 399 4444 erunt
422 4377 493 4442 sine
507 4380 706 4465 abjuratione
731 4385 781 4448 sui
801 4385 988 4454 schismatis
1013 4385 1196 4472 recipiendi,
1222 4387 1396 4456 haeretieo-

93 4501 164 4552 rum
188 4489 348 4576 exemplo,
369 4490 462 4578 cujus
487 4491 695 4578 abjurationis
717 4493 858 4562 formula
871 4497 1043 4567 exhibetur
1064 4497 1099 4569 in
1114 4515 1187 4570 san.
1213 4499 1395 4583 honuni.
