3120 4980
198 401 242 470 ttt
461 423 551 472 enas
568 425 694 487 earnis,
709 421 1096 488 mssnrmrsranrr,
1112 427 1189 474 cnr.
1205 399 1231 474 L

196 545 379 610 madversio
391 557 614 630 contemptum
627 549 696 633 ejus
711 549 824 632 pariet,
839 559 871 614 ct
884 550 1038 616 hormrcrn
1055 548 1148 616 levet:
1170 549 1284 616 'Portis
1296 550 1377 616 ratio
1390 549 1481 616 vindl-
1550 597 1551 604 ι

195 655 292 720 candi
306 667 364 737 cst,
389 677 493 740 quum
506 657 634 742 punitio
658 658 988 741 propterexemplum
1011 671 1061 724 est
1076 660 1267 739 neccesaris,
1292 671 1328 723 nt
1341 661 1479 726 emant

195 765 356 832 similibus
371 767 505 845 delictis,
527 783 611 851 quae
627 768 786 851 prohiberi
802 770 930 852 publice
945 770 1084 849 interest,
1108 781 1196 834 rnatu
1211 772 1362 853 cognitae
1374 789 1483 854 peenas

195 873 423 960 deterreantur,
450 878 569 942 idcirco
582 888 705 942 vetares
720 880 872 963 exempla
888 897 943 961 pro
956 879 1119 958 maximis,
1146 881 1408 962 gravissimisque
1421 895 1482 962 poe

196 985 247 1050 nis
262 985 420 1051 dicebant.
448 973 611 1057 'Quando
636 986 740 1068 igitur,
767 999 825 1050 aut
851 1005 927 1070 spes
950 997 1194 1069 magnamini
1216 989 1252 1065 is,
1268 988 1326 1069 qui
1346 987 1484 1070 peccavit,

195 1092 275 1156 citra
286 1111 427 1176 poenam
442 1093 510 1176 ipse
524 1111 595 1156 sese
610 1093 692 1158 ultro
706 1095 853 1174 corriget
870 1103 927 1156 eut
941 1113 1015 1174 spes
1021 1103 1141 1156 contra
1156 1093 1249 1158 nulls
1262 1107 1320 1172 est,
1345 1091 1484 1156 masnit-

196 1199 222 1263 rt'
235 1215 312 1262 oum
329 1217 430 1281 posse,
445 1209 478 1262 et
491 1201 616 1282 corrigit
632 1212 691 1264 ant
700 1201 861 1284 jacturam
875 1201 1051 1282 dignitatis,
1078 1199 1112 1263 in
1127 1219 1227 1281 quam
1243 1214 1409 1284 peceatum
1423 1199 1483 1280 init,

196 1306 298 1370 metui
313 1323 380 1370 uon
391 1321 565 1372 accessum
579 1318 637 1388 est;
654 1313 791 1374 autnon
807 1305 840 1370 id
855 1315 1026 1389 peceatum
1039 1313 1096 1382 est,
1111 1307 1205 1388 cujus
1218 1307 1370 1390 exemplo
1390 1325 1486 1372 neces·

196 1411 281 1476 eurio
302 1421 393 1476 metu
407 1412 645 1478 sucurrendum
668 1413 721 1493 sit,
734 1425 806 1478 tum
828 1411 990 1494 quidquid
1016 1411 1061 1474 ita
1075 1409 1231 1477 delictum
1255 1425 1314 1490 est,
1335 1431 1403 1478 non
1416 1429 1486 1476 sane

195 1517 333 1604 dignum
348 1539 419 1588 esee
445 1521 660 1606 imponendae
682 1539 806 1605 poenae
821 1521 968 1588 studium
993 1521 1101 1586 vienni
1123 1531 1181 1584 set.
1224 1522 1403 1606 Hucusque
1424 1522 1488 1586 Gel·
1551 1541 1552 1616 ι

196 1627 272 1708 lius,
287 1627 344 1710 qui
358 1637 390 1692 et
404 1627 622 1714 philosophos,
638 1629 808 1712 praecipue
823 1629 983 1713 uinum,
1002 1647 1035 1696 ot
1049 1632 1227 1713 Pitanem,
1253 1632 1298 1696 its
1309 1629 1488 1698 disseruisse

194 1751 433 1808 commeruerat.
476 1739 564 1806 rttnc
577 1740 683 1824 primo
695 1740 837 1821 iniertm,
862 1743 961 1810 etiarn
976 1754 1100 1810 stante
1114 1743 1412 1841 Jurecousulterum
1428 1743 1488 1827 piri·

195 1849 352 1935 lusophia,
376 1851 482 1918 multo
495 1871 567 1916 esse
581 1851 708 1934 delicte,
733 1871 820 1936 quae
834 1853 880 1918 uti
896 1854 974 1920 talia
998 1855 1032 1920 ia
1046 1854 1116 1922 soro
1130 1876 1196 1922 nun
1220 1853 1487 1937 attendentium

195 1971 254 2038 ert,
268 1978 353 2042 quae
368 1977 434 2024 nou
449 1960 636 2043 puniuntur,
649 1979 716 2044 qno
729 1961 864 2046 pertinet
878 1963 1039 2028 sententie
1053 1963 1148 2028 Pauli
1163 1963 1197 2028 iu
1213 1961 1317 2030 titt
1332 1962 1368 2028 rt
1379 1961 1488 2043 dereg.

188 2070 282 2156 juris
308 2069 385 2136 aaa
398 2091 498 2151 emac,
524 2073 707 2159 quodlicet,
733 2075 905 2138 tumim
918 2087 978 2155 est,
1002 2075 1097 2156 quati
1123 2073 1259 2140 dimna
1284 2074 1393 2140 multa
1413 2081 1490 2150 scut,

195 2197 281 2264 quae
296 2178 402 2260 licem,
417 2179 523 2261 idest,
546 2197 714 2262 quaenou
728 2181 918 2264 puniuntur,
943 2199 1028 2264 qnae
1042 2191 1153 2248 tameo
1165 2194 1244 2246 'ann
1258 2191 1337 2249 stret
1354 2179 1488 2246 bmettt·

195 2275 394 2372 Huiusmodi
408 2299 486 2354 strat
500 2289 618 2356 delicte
628 2289 763 2367 leviora,
776 2307 862 2372 quea
877 2287 1110 2372 rempublicam
1131 2299 1190 2354 aut
1203 2288 1295 2367 nibil,
1311 2299 1371 2354 aut
1384 2303 1490 2372 petunt

194 2397 336 2479 turbant
362 2398 570 2480 nequeenim
583 2397 743 2482 coagruit,
768 2399 811 2464 ob
823 2417 876 2464 ree
890 2397 1045 2466 minimas
1069 2397 1303 2482 rempublicam
1317 2393 1489 2480 inquieteti.

195 2519 386 2592 tegumento
401 2508 421 2572 i.
436 2508 466 2573 4.
492 2508 525 2573 ff.
542 2509 585 2574 do
599 2509 712 2592 integi
727 2519 800 2574 rest.
844 2507 932 2573 Hirro
945 2498 1162 2576 Jueecometti
1186 2507 1349 2574 estimem
1370 2501 1493 2572 dedolo

195 2617 448 2702 denegsveruut,
463 2620 520 2686 ubi
532 2619 576 2684 de
590 2637 624 2685 rc
639 2619 767 2685 mosas
780 2631 937 2704 ageretur,
953 2618 1059 2698 idest,
1074 2637 1160 2702 quas
1174 2619 1304 2686 duobus
1321 2619 1429 2686 aurem
1441 2614 1492 2682 rui·
1552 2597 1553 2640 ³

195 2745 254 2793 nor
268 2737 360 2806 essct,
376 2725 397 2791 l.
413 2728 445 2792 9.
460 2728 495 2792 iu
510 2726 585 2806 fine,
601 2727 621 2790 l.
639 2729 696 2807 10,
710 2737 744 2790 et
760 2729 807 2791 ll.
820 2727 978 2811 principio
990 2725 1027 2790 ff.
1040 2727 1081 2790 de
1095 2725 1170 2792 dolo
1185 2725 1279 2792 malm
1323 2725 1492 2810 fluitem
1552 2797 1553 2806 ,

195 2837 230 2904 di
242 2840 342 2902 etiem
356 2849 433 2904 sunt
446 2838 504 2904 illa
519 2837 645 2920 delicte,
660 2855 746 2924 quse
761 2839 957 2904 humanitati
971 2837 1114 2923 quidem,
1135 2851 1167 2902 st
1181 2837 1374 2920 benignitati
1388 2853 1494 2920 repug-

195 2956 286 3023 nent,
302 2963 367 3008 nou
394 2956 504 3010 temen
513 2945 673 3030 justitiam
689 2943 831 3040 laedunt,
856 2946 1013 3028 equibus
1026 2945 1055 3008 si
1068 2945 1143 3027 quia
1168 2944 1338 3023 ebstmest,
1365 2943 1494 3008 lotrdtrt·

196 3051 260 3116 dits
272 3063 331 3132 est,
345 3063 495 3136 quaeque
520 3055 548 3116 si
563 3054 723 3133 admittat,
739 3073 804 3117 non
818 3053 1001 3133 damastrin,
1018 3065 1057 3118 ut
1068 3055 1104 3118 iu
1120 3055 1226 3136 specie
1244 3053 1263 3116 l.
1282 3055 1309 3115 1.
1326 3055 1352 3121 i.
1366 3054 1397 3116 3.
1412 3051 1444 3116 ff.
1459 3049 1496 3114 de

195 3161 290 3246 peric.
305 3171 338 3226 et
351 3140 467 3226 corum
483 3163 528 3225 rei
542 3161 638 3226 vend.
680 3161 876 3246 Hujusrnodi
891 3179 1020 3244 quoqne
1034 3171 1114 3224 sient
1127 3160 1174 3222 illi
1189 3171 1290 3239 actus,
1305 3158 1349 3224 dc
1362 3173 1495 3242 qaorum

195 3270 354 3353 pravitate
367 3271 446 3334 satis
460 3289 527 3336 uun
541 3277 676 3349 constat,
697 3279 730 3333 et
744 3269 853 3351 gravis
867 3267 1043 3333 difficultas
1057 3277 1144 3332 esset
1158 3269 1192 3332 in
1213 3268 1379 3346 sumenda
1391 3269 1494 3351 cogni

196 3383 291 3464 tione,
317 3384 420 3447 veluti
434 3383 462 3446 si
486 3385 656 3466 quiscitre
681 3391 813 3460 metum,
839 3391 896 3444 aut
910 3381 1174 3444 dolum-curaret
1200 3391 1434 3445 testamentum
1449 3377 1496 3441 eni

196 3494 298 3576 gretia
312 3493 417 3572 cundi,
438 3493 535 3576 juxte
550 3491 569 3554 l.
588 3491 644 3556 ult.
660 3489 693 3554 ff.
708 3491 739 3554 si
763 3491 836 3572 quis
850 3489 991 3571 aliquem
1009 3487 1128 3566 testari,
1156 3487 1222 3550 etl.
1238 3485 1267 3549 3.
1283 3486 1355 3549 cod.
1368 3485 1440 3550 eod.
1456 3483 1498 3554 tit

195 3603 347 3670 Secundo
362 3603 504 3684 infertur,
531 3619 595 3667 non
612 3603 723 3666 omnia
749 3601 868 3666 delicta
884 3601 1002 3685 gravia,
1028 3611 1060 3668 et
1075 3617 1160 3682 qum
1183 3597 1419 3680 rempublicam
1440 3607 1500 3660 tur·

195 3713 282 3791 bant,
299 3713 425 3794 legibus
450 3712 565 3796 punire
594 3711 651 3776 sed
667 3723 735 3775 tnm
759 3711 903 3788 demum,
928 3721 1078 3774 stimant
1102 3707 1280 3789 ocnigcndi
1306 3719 1384 3772 sunt
1402 3707 1454 3786 rei,
1468 3711 1497 3768 et

198 3821 404 3902 cotendendi,
430 3833 487 3886 eut
504 3821 699 3886 vindicanda
724 3821 854 3906 publice
878 3817 1059 3897 atmtoritas,
1085 3830 1142 3882 ent
1157 3835 1335 3900 poenarum
1347 3811 1496 3896 exemplo

198 3932 315 3996 caeteri
339 3933 485 4013 terrendi,
507 3934 606 4016 juxta
630 3933 808 3996 doctrinam
833 3927 918 3992 Gelli
934 3929 1030 3991 modo
1048 3925 1224 3990 laudatum.
1268 3925 1355 3990 Hinc
1369 3925 1500 3994 scimus

199 4041 428 4126 gravissimum
454 4041 679 4106 assentationis
702 4041 822 4103 crimcn
846 4039 910 4126 scre
926 4055 990 4101 non
1017 4036 1132 4120 puniri,
1158 4035 1237 4118 qnia
1258 4035 1331 4098 hue-
1349 4027 1500 4116 puniendi

198 4171 319 4220 ostreae
333 4153 499 4219 deficiunt·
514 4153 582 4216 dixi
589 4155 674 4237 seve,
691 4163 727 4214 ut
741 4152 921 4232 exciperem
936 4148 1077 4231 speciem
1093 4143 1173 4227 legis‘
1190 4146 1217 4208 l.
1233 4143 1305 4207 cod,
1322 4143 1365 4207 de
1375 4138 1507 4236 statuis⁹

198 4275 231 4328 ct
255 4263 431 4345 imaginib,
456 4263 491 4328 in
516 4277 582 4345 qna
607 4261 738 4344 publice
761 4259 949 4340 Principum
976 4257 1148 4319 arroteritae
1176 4252 1297 4317 violata
1312 4251 1501 4335 perhibetur.

199 4369 329 4434 &imus
346 4369 483 4452 insuper,
499 4369 533 4432 in
548 4367 651 4431 solam
665 4367 856 4430 delictorum
870 4363 1107 4446 cogitationem,
1135 4361 1203 4422 sive
1217 4357 1418 4442 propositum
1432 4369 1502 4436 poe·

201 4495 279 4546 nam
293 4495 362 4543 tion
375 4477 491 4559 inferri,
508 4477 528 4542 l.
545 4477 594 4542 ts.
612 4477 647 4542 ff.
662 4477 702 4540 de
717 4475 838 4562 poenis,
853 4473 931 4557 quia
947 4469 1018 4536 sola
1028 4468 1191 4554 cogitetis·⁴
1201 4465 1345 4532 necdum
1356 4459 1506 4569 menifes-
