3168 4982
94 420 115 465 ⁶
264 479 311 526 DE
326 478 456 542 FORMA,
481 479 525 526 AG
545 477 864 526 SOLEHNM'HBU!
885 477 1143 525 consumunmt.
1291 459 1355 526 287

61 599 189 684 undique
204 611 333 682 recepta
358 599 529 683 disciplina
555 619 666 666 eorum
681 601 884 666 traditionem
909 601 1072 682 haberent,
1096 601 1152 684 qui
1166 619 1353 684 soapocry·

62 709 339 790 phomnnnmento
363 709 468 772 innixi
483 709 686 772 clandestina
711 709 862 793 conjugia
876 721 1033 792 nuquam
1053 710 1131 772 olim
1146 709 1233 772 irn'ta
1245 711 1355 774 existi·

63 815 187 892 trabant,
202 818 346 878 contenti
362 817 551 898 generaliter
571 816 766 897 definivisse,
780 817 984 880 clandestina
1008 819 1160 901 conjugia
1175 817 1252 880 olim
1267 839 1353 898 vera,

62 935 88 985 et
100 937 170 1003 rata,
184 926 215 990 id
230 935 288 1004 est,
305 943 369 988 noir
382 927 468 988 irrita
484 924 592 1004 irrisse,
609 927 771 1011 quarndin
786 925 941 990 Ecclesia
954 926 1056 988 irrito
1066 928 1231 1009 antefecit.
1255 927 1354 992 Dein·

62 1030 145 1096 dead
160 1051 280 1096 noram
302 1033 533 1097 instituendam
549 1033 755 1117 disciplinam
771 1034 1008 1116 progredientes
1030 1043 1223 1114 statuerunt,
1240 1045 1275 1098 nt
1290 1033 1353 1100 iac·

63 1141 96 1204 tis
109 1141 411 1222 denuntiationibus,
427 1143 454 1206 si
471 1143 599 1208 nullum
615 1143 795 1225 legitimum
811 1153 991 1225 opponatur
1015 1141 1294 1224 impedimentum,
1310 1144 1352 1208 ad

62 1250 293 1316 celebrationem
319 1231 514 1315 matrimonii
540 1251 671 1316 inviaeie
697 1249 865 1314 Ecclesiae
892 1249 1088 1332 proeedatur,
1115 1251 1170 1314 ubi
1187 1251 1353 1318 parochus

63 1357 125 1436 riro,
139 1369 170 1420 et
182 1359 318 1422 muliare
343 1357 552 1441 interrogatis,
567 1357 600 1420 s‘t
612 1375 724 1420 eorum
740 1367 855 1420 mutuo
876 1375 1038 1420 coesensu
1053 1355 1223 1436 intellecto,
1239 1359 1291 1420 vel
1305 1357 1352 1422 di·

61 1477 112 1528 cat:
136 1467 213 1550 Ego
227 1489 284 1531 cos
298 1469 336 1532 in
349 1462 603 1534 matrimonium
628 1469 769 1552 conjugo
795 1467 832 1528 in
858 1467 989 1529 uomicae
1003 1465 1130 1546 Patris,
1155 1475 1189 1539 pt
1204 1465 1297 1546 Filii,
1321 1474 1353 1534 et

63 1577 200 1662 spiritate
215 1577 342 1659 &nati
367 1579 418 1642 vet
433 1579 506 1643 aliis
522 1589 632 1643 utetur
657 1578 763 1641 verbis
780 1577 877 1660 juxta
902 1587 1066 1658 receptum
1091 1577 1351 1660 uniuscujusque

62 1685 234 1752 Provinciae
249 1689 356 1753 ritum.
399 1689 518 1772 Ampla
533 1691 615 1753 haec
630 1687 691 1752 fuit
705 1687 947 1752 constitutionis
958 1685 1069 1769 forma3
1093 1691 1149 1751 sed
1163 1707 1240 1752 cnm
1255 1689 1352 1752 dere·

62 1795 201 1862 rhodum
217 1797 298 1862 foret
323 1797 364 1862 ad
380 1798 618 1882 subjiciendum
643 1796 807 1860 decretum
833 1797 969 1876 irritans,
995 1809 1186 1882 conceptum
1213 1797 1353 1862 hocsnit
1410 1819 1414 1834 ·
1463 1829 1469 1846 ·

61 1907 308 1972 contractioribus
332 1909 439 1972 verbis
454 1927 513 1970 nec
538 1907 601 1970 nisi
628 1905 671 1968 ad
685 1917 789 1970 certas
815 1901 937 1990 species
962 1905 1144 1970 coercitum.
1187 1906 1352 1972 Nimirum
1442 1939 1454 1954 ·

61 2023 179 2078 cautum
192 2025 250 2094 est,
267 2025 302 2078 ut
317 2015 373 2096 qni
389 2013 487 2091 aliter,
503 2033 603 2096 quam
618 2023 787 2096 praesente
802 2013 956 2092 parocho,
972 2013 1025 2076 vel
1040 2014 1105 2078 alio
1119 2014 1294 2080 Sacerdote
1307 2015 1351 2080 de

61 2117 146 2201 ipsius
161 2121 307 2202 Perconi,
329 2123 381 2186 rel
397 2121 558 2188 Ordinarii
576 2121 712 2202 licentia,
729 2133 761 2184 et
775 2123 911 2202 doubns,
936 2123 988 2186 rel
1003 2123 1104 2188 tribus
1120 2125 1262 2205 testibus,
1283 2143 1352 2190 tna·

61 2229 191 2296 trimonia
205 2233 394 2296 contrahere
420 2232 632 2311 attentabunt,
658 2231 680 2293 ii
695 2237 716 2296 a
731 2243 846 2294 sancta
871 2231 1005 2314 Synodo
1029 2231 1072 2296 ad
1088 2234 1135 2298 sic
1160 2234 1349 2298 contraben-

60 2335 127 2402 dum
141 2341 301 2404 inhabiles
317 2339 439 2420 redditi,
456 2349 487 2402 et
501 2337 687 2422 huiusmodi
702 2351 885 2404 contractus
900 2342 986 2422 initi,
1003 2361 1041 2406 ac
1056 2343 1138 2405 ncilli
1155 2329 1348 2408 habeantur.

62 2445 156 2512 Facile
169 2450 288 2514 exinde
302 2449 471 2531 colligitur,
485 2445 581 2512 hodie
597 2447 735 2528 duplicis
748 2450 876 2529 generis
898 2450 977 2512 ritus
992 2469 1033 2512 ea
1049 2449 1243 2514 Tridentino
1258 2469 1349 2514 cons-

61 2555 189 2624 titutione
213 2561 347 2642 agnosci
368 2568 517 2640 oportere,
545 2575 683 2638 qnorum
698 2555 753 2617 alii
778 2553 821 2617 nd
842 2555 1016 2618 essentiam
1041 2556 1169 2637 conjugi
1195 2565 1348 2636 spectent,

59 2662 329 2739 quibusnimirurn
354 2663 621 2726 omissisirritum
648 2663 889 2760 matrimonium
905 2663 955 2742 sit;
983 2662 1037 2724 alii
1053 2661 1095 2724 ad
1111 2663 1348 2728 solemnitatem
1400 2714 1413 2737 .

59 2773 170 2832 tantum
184 2773 371 2852 pertineant,
388 2769 507 2850 quibus
522 2769 649 2833 omissis
663 2770 811 2835 illicitum
826 2770 968 2852 quidem,
984 2769 1047 2832 nisi
1063 2767 1206 2852 legitima
1220 2772 1347 2854 dispen-

58 2877 125 2938 satio
141 2881 316 2960 accesscrit,
342 2879 527 2962 conjuginm
544 2879 592 2956 sit,
621 2897 685 2940 non
702 2879 833 2958 irritum,
855 2889 887 2940 et
903 2881 1007 2942 inane.
1053 2877 1250 2942 Esserrtialia
1271 2899 1346 2944 con·

51 2987 131 3068 jngio
143 3002 226 3072 sunu
244 2991 394 3074 primum,
411 3001 448 3053 ut
461 2989 686 3052 contrahentes
701 3009 897 3054 consensum
911 3009 1009 3054 sunm
1024 2991 1217 3074 exprimant;
1235 3012 1342 3056 secun·

55 3089 95 3170 do,
111 3105 145 3156 ut
159 3095 334 3174 Parochus,
361 3097 413 3158 vel
428 3097 515 3160 alins
528 3097 685 3162 Sacerdos
710 3099 753 3162 de
767 3099 903 3162 Purochi
925 3100 1038 3182 ipsine,
1065 3097 1116 3162 vel
1133 3099 1296 3175 Ordinarii
1312 3101 1347 3165 li-

53 3205 313 3286 centiapraescns
338 3215 389 3286 sit3
417 3209 514 3286 tertio,
542 3219 578 3268 ut
605 3217 666 3269 tres
693 3207 743 3269 vcl
771 3207 836 3270 diro
863 3209 979 3272 saltem
1006 3219 1100 3272 testes
1119 3209 1345 3274 interveniant.

52 3311 181 3396 Caetera,
211 3319 258 3380 uti
273 3329 323 3380 cst
338 3319 473 3382 Parochl
500 3320 712 3400 interrogatio,
739 3318 952 3382 sacerdotalis
969 3320 1155 3400 benedictin,
1171 3332 1205 3384 et
1219 3307 1347 3400 similia,

52 3433 123 3494 qrrae
139 3423 170 3484 in
187 3424 397 3488 biennalibus
424 3427 646 3490 ecclesiasticis
670 3429 939 3508 praescribuntur,
968 3429 1127 3511 pertinent
1153 3441 1279 3494 tarnum
1303 3415 1351 3494 ad

51 3527 117 3592 ritus
132 3534 378 3598 solemnitatem.
418 3537 654 3602 Gonclnserunt
671 3539 701 3601 in
719 3539 784 3602 fine
798 3539 875 3602 dicti
891 3540 1005 3622 capitis
1022 3543 1048 3602 1.
1086 3527 1343 3607 Antistites'l'ri·
1402 3575 1404 3582 ¹

51 3635 163 3706 dentini
178 3645 229 3707 his
244 3645 362 3708 verbis:
379 3647 535 3711 Deccmit
548 3650 687 3731 insuper·
700 3658 739 3712 ut
752 3650 945 3728 hujusmodi
967 3649 1131 3713 decretam
1146 3651 1182 3712 in
1197 3673 1346 3735 unaque»
1381 3659 1382 3662 ’

49 3769 100 3829 pac
115 3753 285 3818 Parocln'a
313 3777 415 3820 sirum
429 3759 526 3822 robrrr
537 3767 613 3840 pont
629 3759 775 3842 triginta
796 3758 866 3820 dies
881 3759 998 3822 habere
1012 3759 1154 3844 incipiat
1170 3769 1191 3824 d
1206 3761 1259 3824 die
1275 3763 1345 3844 pri-

47 3877 110 3922 mae
124 3865 360 3946 prrblicaticuis
374 3871 410 3932 in
426 3869 539 3938 eadem
564 3869 853 3953 Paroebiosactae
866 3871 1097 3934 nurnerondos.
1142 3869 1197 3934 Ex
1212 3889 1277 3951 quo
1292 3870 1345 3932 de·

46 3965 172 4050 ducitur,
198 3974 306 4040 adhuc
322 3977 355 4039 in
372 3979 551 4059 praesentia
567 3961 749 4041 firmitatem
766 3979 884 4040 habere
910 3977 1062 4059 conjugia
1076 3976 1145 4042 sine
1160 3975 1343 4038 solemnita-

46 4077 121 4144 tibus
136 4083 171 4149 nr
189 4081 380 4146 Tridentino
396 4084 540 4148 Concilio
556 4087 761 4166 praestitutis,
791 4085 943 4147 nimirum
959 4085 1028 4148 sine
1054 4083 1234 4166 praesentia
1249 4080 1344 4142 Paro·

36 4187 97 4268 chi,
112 4203 144 4254 ct
160 4193 290 4258 testium
314 4203 485 4273 contracta,
511 4196 543 4258 in
561 4196 598 4258 iis
614 4196 701 4274 locis,
726 4195 759 4258 in
776 4195 894 4276 quibus
910 4194 1050 4258 necdum
1072 4191 1133 4256 snit
1147 4188 1345 4256 Tridentina

37 4301 97 4381 ,ista
111 4305 298 4369 constitutio
314 4308 525 4390 promulgata3
553 4307 639 4390 quod
656 4305 737 4371 adso
762 4325 876 4370 verum
897 4317 982 4389 puto,
1009 4305 1173 4370 utendam
1194 4301 1345 4385 conjugia

39 4405 153 4494 pralenr,
171 4411 271 4475 etiam
286 4413 313 4474 si
331 4431 416 4476 trtius
431 4433 472 4478 ex
488 4417 613 4497 sponsis
630 4415 853 4480 tantummodo
868 4415 907 4477 de
923 4433 961 4478 ea
976 4415 1142 4497 provincia
1157 4415 1207 4491 sit,
1230 4412 1261 4474 in
1278 4430 1345 4491 qua

39 4513 233 4586 ''l'ridcrrtina
248 4525 431 4590 constitutio
455 4513 521 4590 n'on
536 4537 584 4590 est
608 4527 821 4611 pmnulgara,
847 4525 1025 4592 dummodo
1040 4526 1073 4590 in
1088 4523 1201 4588 eadem
1218 4522 1344 4610 propin-

1538 184 1542 242 l

1542 382 1544 428 l

1543 480 1545 534 l
