3146 4980
195 341 260 408 290
636 359 879 410 nissaarrtrro
906 363 1058 414 curura.

240 481 372 579 Oportet
387 489 549 566 praeterea
569 501 612 548 ex
627 473 821 549 Tridentino
836 485 971 567 decreto,
987 497 1045 552 aut
1060 485 1252 571 Perochum,
1275 501 1333 558 aut
1347 492 1503 558 Sacerdo-

199 601 264 656 tem
279 591 382 656 alium
399 591 473 654 de
466 591 567 674 ipsius
595 592 740 673 Parochi,
767 593 820 656 vel
846 593 1008 658 Ordinarii
1034 594 1170 678 licentia,
1197 612 1268 660 esse
1293 609 1506 682 praesentem,

195 701 281 784 quod
298 701 340 764 ad
351 701 588 766 solemnitatem
605 701 734 766 refertur
745 701 958 782 essentialem,
974 703 1240 791 qnadefficiente,
1257 707 1504 772 matrimonium

196 811 320 874 irritum
336 823 393 876 est.
438 809 574 876 parochi
590 811 748 895 imprimis
774 813 905 874 nomine
921 812 972 876 usi
986 811 1118 876 suerunt
1133 812 1244 879 Patres
1266 815 1457 880 Tridentini
1473 815 1506 880 in

199 919 363 1002 singulari,
392 920 437 985 uti
453 917 663 984 Grammatici
690 919 876 1002 loquuntur,
893 939 958 983 nou
974 919 1008 984 in
1021 909 1150 1003 'plurali3
1174 921 1373 1005 proindeque
1388 921 1417 984 si
1431 940 1507 984 con·

197 1029 310 1110 tingat,
326 1029 408 1092 duos
424 1029 666 1092 matrimonium
682 1030 878 1110 contrahere,
904 1046 1044 1110 quomm
1059 1049 1146 1095 uuus
1161 1031 1227 1112 uui,
1243 1029 1431 1095 alteralteri
1447 1031 1506 1096 Pa·

196 1123 294 1202 rocho
309 1140 420 1216 subsit,
448 1137 630 1202 alterutrius
646 1139 782 1208 Parochi
807 1139 990 1222 praesentia
1016 1137 1162 1220 sufficiet,
1189 1139 1223 1204 in
1245 1149 1319 1206 atra
1343 1139 1505 1204 Parochis
1566 1145 1567 1156 *

136 1268 140 1276 ·
198 1244 440 1308 matrimonium
455 1243 639 1329 celebretur3
664 1264 867 1328 quamquam
892 1247 927 1310 in
942 1229 1104 1328 aliquibus
1120 1247 1322 1334 dioecesibus
1344 1259 1505 1314 statutum

198 1351 301 1433 fuerit,
319 1365 355 1417 ut
369 1353 535 1418 honestius
560 1373 669 1417 coram
685 1355 830 1418 Parocho
856 1373 994 1438 sponsae
1009 1357 1197 1439 conjugium
1223 1357 1409 1423 celebretur.
1454 1357 1507 1422 Vi·
1566 1371 1567 1378 ’

199 1455 286 1520 desis
302 1457 500 1540 Fagnauum
517 1461 559 1522 ad
575 1481 645 1544 cap.
669 1461 768 1535 Quod
782 1463 874 1528 uobis
889 1461 930 1524 de
944 1461 1100 1526 clandest.
1116 1459 1267 1547 despons.
1310 1463 1413 1536 Quod
1431 1486 1507 1531 vero

199 1565 315 1629 dicitur
329 1565 369 1630 de
384 1567 448 1630 alio
463 1569 635 1632 Sacerdote
650 1570 690 1633 de
706 1570 835 1634 licentia
858 1569 1031 1652 Ordinarii,
1046 1571 1079 1634 id
1095 1572 1203 1636 locum
1218 1575 1316 1638 habet
1336 1573 1369 1640 in
1385 1596 1426 1639 ea
1441 1575 1506 1640 sac
1566 1581 1567 1584 ’

197 1673 350 1769 ίίιεροοίε,
376 1696 442 1758 qua
458 1677 649 1742 Ordinarius
664 1677 772 1762 dignis
787 1679 827 1742 de
851 1679 960 1743 causis
975 1699 1083 1745 coram
1097 1679 1244 1744 Parocho
1270 1701 1335 1747 non
1350 1683 1506 1748 celebrari
1566 1669 1567 1672 Ἴ

195 1775 438 1854 matrimonium
465 1789 636 1874 prudenter
659 1793 833 1871 arbitretur,
860 1805 1026 1876 propterea
1040 1793 1128 1877 quod
1154 1793 1237 1860 illud
1252 1795 1396 1861 officium
1411 1799 1505 1864 alteri
1566 1871 1567 1874 J

135 1889 141 1904 ’
197 1900 354 1962 sacerdoti
370 1901 559 1964 committat.
600 1901 644 1964 Et
659 1902 791 2002 quidem
806 1903 993 1967 Tudentrur
1007 1903 1119 1969 Patres
1134 1905 1280 1985 Parochr,
1296 1918 1354 1971 aut
1369 1904 1506 1972 alterius

197 1997 380 2072 Sacerdotis
396 2009 436 2072 de
451 2007 595 2094 eJ'usdem
610 2009 755 2090 Parochi,
779 2011 831 2073 vel
847 2011 1009 2077 Ordinarii
1024 2013 1166 2094 licentia,
1188 2013 1405 2097 praesentiam
1432 2017 1507 2080 ideo
1566 2075 1567 2106 ᾗ

197 2105 404 2212 matrimonio
419 2121 623 2184 essentialem
638 2119 818 2202 voluerunt,
835 2141 900 2186 non
912 2121 998 2205 quod
1016 2123 1148 2186 omnino
1162 2123 1331 2204 voluerint,
1347 2123 1390 2187 ad
1407 2121 1507 2189 firmi-

196 2243 295 2298 tatem
311 2243 404 2296 actus
420 2221 677 2296 benedictionem
703 2230 943 2296 Sacerdotalem
959 2231 1084 2316 requiri,
1099 2245 1158 2296 aut
1172 2233 1257 2316 quod
1276 2246 1398 2299 certam
1408 2237 1507 2320 juris-

195 2344 345 2408 dictionis
361 2343 501 2426 speciem
526 2341 681 2404 Parochis
706 2339 921 2404 exercendam
948 2343 1184 2424 mandaverint,
1212 2341 1270 2406 scd
1286 2353 1323 2407 ut
1340 2345 1506 2409 matrimo

194 2457 288 2535 nium
304 2453 431 2536 publice
447 2451 544 2531 fieret,
560 2453 693 2522 omniuo
709 2451 896 2533 improbatis
917 2449 1155 2516 clandestinis
1143 2471 1336 2536 sponsorum
1350 2453 1506 2537 conjunc
1566 2469 1567 2474 ’

194 2565 345 2644 tionibus,
361 2584 402 2626 ex
417 2561 536 2644 quibus
551 2560 630 2623 olim
645 2559 768 2624 multa'
760 2579 794 2622 m
810 2559 1030 2624 Christianam
1046 2561 1278 2646 rempublicam
1293 2561 1507 2626 incommoda

193 2672 409 2754 emergebant
452 2647 676 2738 Quamobrem
702 2675 866 2748 receptum
892 2651 1049 2749 imprimis
1075 2679 1131 2748 est,
1159 2667 1314 2748 Paroobo,
1340 2678 1413 2733 utut
1429 2688 1506 2732 nec-

193 2787 273 2868 dum
288 2781 468 2860 Sacerdote,
484 2787 652 2862 praesente
673 2775 782 2838 valere
796 2775 995 2860 conjugium,
1017 2777 1064 2841 uti
1080 2776 1175 2840 tradit
1189 2777 1369 2841 Barbosa
1350 2791 1392 2841 ‹1'e
1406 2777 1504 2858 offic,
1566 2839 1567 2842 ,

192 2909 223 2962 et
238 2907 349 2984 potest.
393 2890 530 2956 Parochi
555 2898 644 2970 parte
659 2887 688 2948 2.
704 2905 775 2969 cap.
800 2887 852 2949 21.
869 2905 959 2949 uum.
975 2887 1036 2967 dh,
1062 2905 1265 2970 quamquam
1289 2883 1379 2950 aliud
1391 2887 1448 2965 ,ait
1464 2887 1501 2950 iu
1566 2971 1567 2980 J

192 3023 238 3081 eo,
254 3003 310 3085 qui
326 3017 476 3084 praesens
492 2995 534 3058 sit
548 3013 590 3058 cx
605 2993 761 3056 mandato
776 2993 922 3073 Parochi,
938 2993 990 3056 vel
1006 2993 1177 3074 Ordinarii,
1193 3013 1292 3078 quem
1310 2993 1502 3060 Sacerdotio
1566 2989 1567 2994 ’

191 3113 354 3176 initiatum
370 3128 439 3170 esse
464 3124 594 3168 necesse
609 3114 665 3184 est,
692 3102 734 3164 ob
749 3101 918 3185 perspicua
943 3103 1081 3166 Concilii
1107 3101 1290 3168 Tridentini
1305 3103 1412 3186 verba,
1447 3105 1503 3168 ibi:
1564 3133 1567 3186 l

190 3219 242 3282 cel
257 3219 322 3282 alio
349 3213 532 3278 Sacerdote.
577 3211 682 3274 Nemo
697 3221 808 3273 autem
833 3219 932 3292 putet,
957 3209 1057 3274 verba
1082 3209 1140 3274 illa
1164 3213 1215 3277 vel
1228 3215 1295 3278 alio
1321 3211 1505 3280 Sacerdote
1566 3199 1567 3202 Ἴ

190 3340 370 3405 supponere
385 3320 483 3382 etiam
508 3319 542 3381 in
558 3317 703 3382 Parocho
718 3317 893 3380 Sacerdotii
921 3315 1122 3401 dignitatem,
1149 3337 1227 3383 nam
1242 3319 1363 3384 similes
1379 3321 1505 3388 sormu-

190 3427 242 3490 loe
257 3427 333 3489 alibi
350 3427 383 3489 iu
410 3425 555 3489 Coucilio
570 3425 763 3488 Tridentino
789 3425 958 3506 habentur,
984 3447 1068 3510 quae
1083 3429 1182 3510 hunc,
1198 3449 1257 3494 seu
1272 3431 1411 3496 similem
1428 3455 1505 3499 sen·

191 3557 265 3600 sum
281 3537 414 3599 minime
440 3534 605 3617 recipiunt,
634 3545 670 3596 ut
695 3534 729 3596 in
744 3553 814 3618 cap.
842 3535 1106 3598 lassescendo
1134 3535 1274 3600 Reform.
1290 3537 1343 3600 ibi:
1370 3547 1402 3602 et
1416 3541 1505 3604 aliis
1566 3547 1567 3550 ’

187 3647 422 3729 singularibus
443 3647 604 3729 personis.
649 3643 731 3705 Item
748 3651 911 3727 receptum
926 3655 982 3726 est,
1009 3643 1117 3708 valere
1131 3647 1328 3730 conjugium,
1350 3647 1454 3713 etiam
1471 3647 1503 3712 si
1566 3671 1567 3674 ¹

187 3751 355 3816 Parochus
371 3751 427 3812 rite
442 3769 507 3814 non
523 3749 690 3813 institutus
705 3749 826 3832 fuisset,
843 3763 923 3834 puta
938 3751 1013 3834 quia
1029 3751 1133 3816 forma
1147 3772 1325 3819 concursus
1351 3755 1385 3820 in
1400 3757 1502 3821 adse·
1566 3803 1567 3828 ,

187 3863 316 3927 cutione
332 3843 487 3925 Beneficii
511 3873 638 3926 servata
653 3881 719 3926 non
733 3861 836 3943 suerit,
862 3863 1041 3928 dummodo
1056 3865 1283 3931 contrahentes
1308 3867 1502 3936 Perochum

186 3971 279 4036 illum
295 3970 436 4053 legitime
452 3970 636 4035 institutum
651 3992 721 4035 esse
735 3983 896 4055 putarent;
914 3975 1014 4037 immo
1029 3975 1129 4038 etiam
1150 3977 1177 4040 si
1193 3975 1382 4042 interdictus
1397 3991 1499 4060 esset,
1566 3959 1567 3966 ἵ

187 4097 374 4160 suspensus,
390 4081 698 4161 excommunicatus,
721 4091 778 4144 aut
794 4085 891 4145 etiam
907 4083 1098 4165 irregularis,
1121 4083 1300 4150 dummodo
1314 4107 1379 4151 non
1395 4087 1502 4174 depo-

185 4187 277 4265 situs,
302 4205 408 4269 neque
433 4187 545 4253 areali
571 4187 718 4254 beneficii
742 4191 944 4272 possessione
959 4191 1110 4276 dejectus.
1153 4195 1304 4279 Amplius
1319 4197 1418 4260 etiam
1449 4215 1501 4262 re·
1566 4179 1567 4230 f

185 4307 315 4376 ceptum
332 4307 388 4376 est,
414 4307 450 4358 ut
464 4297 498 4359 hr
513 4297 575 4360 hac
590 4297 696 4380 specie
721 4283 841 4361 nomen
858 4298 1003 4380 Parochi,
1029 4318 1095 4382 quo
1109 4312 1277 4384 praesente
1300 4301 1502 4386 conjugium
1566 4333 1567 4336 ¹

185 4401 417 4467 celebrandum
441 4413 498 4484 est,
522 4403 679 4471 latissime
693 4404 879 4490 accipiatur.
922 4406 997 4473 Non
1012 4407 1223 4476 solumenim
1248 4409 1365 4495 siquis
1382 4409 1418 4480 in
1433 4409 1503 4476 du·
1566 4457 1567 4468 r
