3134 4984
439 439 465 461 ··
552 439 599 496 us
623 441 844 508 sacnrtnnro.
899 443 903 450 ·
1203 483 1206 488 .
1285 427 1347 494 too

75 569 140 636 dom
153 561 225 638 milri
251 570 355 638 luitin
372 569 453 637 mels
478 569 814 636 animaduersionibus
841 569 873 636 in
890 563 1093 634 Gratianum.
1137 567 1214 634 June
1237 581 1348 634 autern

75 677 175 762 dixero,
200 683 250 748 obi
265 695 351 745 certa
376 687 503 746 constat
527 699 569 746 ex
585 682 656 746 aliis
683 680 858 766 perspicuis
874 682 1094 746 monumentis
1114 681 1211 744 modo
1236 682 1348 747 lauda·

73 799 99 852 u
117 803 248 858 retonrm
262 793 442 877 disciplina,
468 791 587 858 trustra
606 793 701 858 istam
725 791 890 878 productis
914 793 1044 858 incertis
1068 793 1228 877 capitibus
1254 813 1348 878 posse

73 900 183 964 turbari.
547 915 552 925 '

105 1009 241 1094 Denique
255 1013 288 1076 iu
313 1009 537 1074 confirmanda
552 1009 775 1075 Ecclesiarum
801 1010 1007 1075 immunitate
1028 1008 1163 1074 accessit
1189 1021 1350 1094 postrema

68 1137 152 1182 carisa
165 1122 279 1199 cultris,
305 1108 546 1186 et'rererentide
562 1124 594 1186 in
610 1131 719 1186 sacres
734 1122 831 1186 aedes
857 1121 1070 1201 exhibendae,
1086 1123 1174 1204 quod
1190 1101 1257 1186 diii
1274 1121 1345 1187 strn-

69 1223 235 1292 dornenturn
248 1226 378 1293 haberd'
396 1229 428 1292 in
443 1228 733 1292 consuetudinibus
746 1228 834 1312 apud
859 1227 966 1292 varios
981 1229 1116 1311 populos
1142 1243 1283 1310 receptis,
1307 1249 1346 1292 ac

64 1335 189 1400 moribus
209 1337 433 1421 comptuliatis.
477 1335 640 1420 equdem
655 1335 762 1401 deberi
778 1337 878 1400 sacris
903 1336 1038 1402 aedibus
1064 1339 1286 1416 reverentiam,
1301 1337 1347 1402 di-

66 1441 120 1504 vini
129 1445 205 1527 juris
218 1457 278 1510 est:
292 1455 448 1528 queram
462 1437 585 1510 ratione
600 1447 777 1510 reverentie
787 1455 977 1528 praestetur,
1001 1455 1129 1512 etntrm
1146 1447 1188 1510 ad
1203 1461 1348 1510 reveren·

64 1546 129 1612 tiam
142 1545 260 1632 spectet
275 1551 506 1631 Ecclesiarum,
522 1571 591 1616 reos
606 1555 648 1616 ab
663 1548 818 1618 Ecclesiis
834 1553 1002 1633 abducere,
1029 1573 1071 1618 ex
1088 1557 1230 1620 moribus
1245 1557 1347 1620 horni-

55 1662 129 1718 'nurn
142 1656 200 1722 suit
218 1659 448 1744 judicandum
493 1659 625 1726 Iamdiu
640 1675 712 1742 post
728 1661 914 1728 institutum
930 1662 1146 1746 'Imperatoris
1160 1683 1292 1743 munus,
1315 1674 1348 1727 et

62 1761 233 1846 dignitatem
248 1770 435 1834 invaluerat
448 1767 490 1833 ed
505 1769 661 1832 honorem
677 1768 863 1848 Caesarum,
880 1779 916 1832 ut
929 1768 1129 1850 quicumque
1146 1768 1187 1831 ad
1204 1779 1347 1832 statuam

62 1867 200 1956 Principis
212 1875 422 1958 confugisset,
437 1877 471 1940 ln
486 1893 526 1940 ca
540 1877 689 1960 reperiret
704 1877 845 1961 asylum,
862 1878 895 1940 iu
915 1895 982 1958 quo
998 1885 1088 1942 tutus
1101 1887 1188 1942 emet
1201 1877 1244 1941 ab
1257 1879 1347 1942 omni

61 1981 216 2046 vexatione
224 1985 414 2068 praesertim
426 1985 563 2066 illorum,
579 2001 719 2068 quorum
731 1995 931 2070 potestatem,
947 2003 986 2050 ac
998 1986 1065 2050 rim
1077 1987 1251 2065 metuisset,
1267 2005 1347 2070 qua·

59 2088 95 2154 les
108 2105 140 2158 ut
162 2077 343 2178 plurimum
357 2107 450 2162 erant
475 2097 559 2161 servi
574 2097 656 2162 tram
679 2093 803 2160 donnini
828 2095 998 2180 fugientes,
1026 2095 1047 2160 l.
1061 2097 1092 2160 2.
1106 2097 1140 2160 ff.
1156 2097 1196 2160 de
1214 2097 1274 2176 his,
1290 2099 1347 2178 qui

59 2217 122 2266 ιιιιιι
134 2197 191 2286 atri,
207 2205 267 2273 'vei'
279 2207 376 2274 alieni
387 2199 478 2294 juris,
496 2209 514 2273 l.
532 2211 560 2273 l.
577 2208 599 2278 i.
614 2209 645 2272 1.
660 2207 696 2272 ff.
710 2207 751 2272 de
766 2207 850 2274 offic
877 2205 980 2272 Praei.
1008 2209 1088 2287 urbi,
1105 2209 1124 2272 l.
1142 2209 1192 2274 17.
1209 2211 1230 2278 l.
1248 2209 1296 2272 12.
1312 2208 1345 2272 n

56 2309 88 2373 de
101 2307 372 2382 radmuoedioro:
389 2314 697 2401 'ncs‘eoprotraera
711 2316 781 2394 frrlt,
798 2317 904 2398 utqui
919 2316 1077 2378 voluisset
1092 2316 1226 2397 impune
1244 2314 1346 2378 delin-

55 2435 145 2505 quere,
170 2427 297 2508 passim
312 2421 625 2509 edolani‘r'lrtaginem
653 2425 803 2490 Caesaris
826 2423 1045 2488 clrctnnserret
1069 2423 1112 2487 ad
1138 2425 1287 2506 injuriam
1311 2425 1342 2487 in

53 2527 121 2594 alios
133 2531 348 2598 inferenda‘ni.
367 2545 373 2558 ·
392 2535 444 2600 Ad
458 2541 558 2618 quem
582 2533 967 2611 cohibendum'abusurn,
982 2539 1200 2615 opportunum
1221 2528 1284 2594 fuit
1301 2531 1345 2592 ite

50 2642 211 2721 cararent
225 2644 362 2730 quidem
375 2645 572 2728 fngientibus
583 2643 726 2710 alienum
739 2643 822 2707 iram
833 2651 960 2706 maluae
976 2640 1134 2722 Principis
1148 2650 1256 2704 esseut
1271 2655 1344 2722 asy-

51 2738 264 2835 leunculis,
279 2743 336 2838 'qui
360 2751 571 2838 delinquendi
587 2753 816 2836 impunitatem
830 2752 950 2819 exinde
965 2752 1145 2836 sperabunt,
1170 2750 1191 2812 l.
1205 2751 1257 2814 28.
1274 2752 1296 2816 i.
1313 2749 1343 2812 7.

47 2851 125 2920 dda
139 2861 265 2943 menis,
280 2859 303 2926 1.
319 2861 348 2925 d.
374 2859 407 2925 tl.
433 2859 647 2926 dcextraord.
669 2861 804 2941 manin,
830 2859 850 2925 l.
875 2860 928 2925 38.
955 2861 986 2925 n.
1013 2859 1162 2945 deiojru.
1208 2860 1346 2924 munta

47 2966 133 3034 etiarn
157 2969 244 3036 haec
268 2969 472 3038 consuetudo
495 2971 602 3037 stremt
625 2971 942 3056 apadcnrtstunos
964 2971 1185 3056 Imperatores,
1213 2973 1294 3034 adeo
1309 2979 1346 3034 ut

36 3073 194 3161 imagin&
207 3071 403 3165 Imperatori
427 3073 526 3146 etlam
540 3079 678 3146 solemni
693 3081 756 3146 ritu
781 3077 1016 3157 dedicarentur,
1044 3078 1065 3142 l.
1082 3097 1136 3142 un.
1152 3077 1222 3140 cod.
1238 3077 1346 3140 'I'heo

43 3179 101 3247 dos.
125 3187 167 3252 de
192 3181 406 3272 lmelsslnlbn's
430 3185 643 3254 mendosius
668 3189 845 3271 Imperator
870 3189 914 3252 ita
927 3189 1039 3252 statuit
1065 3186 1099 3250 in
1116 3186 1136 3249 l.
1152 3185 1249 3252 unica
1273 3181 1345 3250 cod.
1484 3249 1488 3255 .

42 3289 158 3362 l'heod.
172 3287 300 3376 donn,
315 3295 372 3380 qui
386 3297 428 3362 ad
444 3301 571 3362 statuas
584 3297 788 3381 confugiunt.
834 3297 915 3378 Eos,
931 3301 989 3384 qui
1004 3298 1050 3362 od
1071 3305 1202 3362 statuas
1216 3295 1267 3360 cel
1281 3297 1350 3360 coa·-

39 3400 126 3470 tondt'
138 3397 264 3487 Muti,
277 3397 343 3472 fort
356 3404 517 3473 ueoodue
530 3405 678 3472 invidiae
703 3429 806 3474 causa
821 3409 1042 3493 confugerint,
1069 3417 1147 3472 onte
1161 3407 1250 3472 dmm
1264 3407 1347 3472 deei-

39 3529 123 3578 toum
136 3496 248 3602 neqta'e
261 3507 408 3601 ‘nusum'
414 3510 462 3580 'db
476 3507 595 3602 olidus,
604 3511 714 3602 ‘neqrre
738 3517 902 3583 ducem
916 3523 1034 3603 sponte
1045 3519 1268 3603 perpetium&
1295 3518 1346 3581 ito

36 3625 149 3704 toarerr,
165 3630 208 3692 ιιι
222 3623 259 3690 εἰ
274 3632 381 3691 cdrtuo
394 3622 569 3691 doluerint
584 3629 713 3706 causas,
729 3627 851 3712 paribus
865 3627 1043 3712 confligere
1062 3625 1108 3690 od
1122 3623 1346 3712 Imperatorio

35 3727 413 3815 ducuera'deduar'tite
428 3731 511 3820 jure
525 3751 564 3801 tte
578 3730 709 3820 legions
734 3735 958 3817 vindiceatum
971 3739 1026 3802 siat
1046 3757 1121 3801 vero
1133 3737 1346 3822 prodidisse·

26 3837 95 3901 'u'rtt
109 3838 250 3908 ortibus
276 3837 529 3908 antelucinium
553 3843 702 3908 tuentes
715 3861 826 3907 creme
840 3843 989 3922 columae,
1015 3845 1123 3910 uterer
1137 3845 1175 3908 t'u
1200 3863 1253 3908 eos
1274 3863 1345 3906 sert-

33 3943 357 4033 tottirrprqmri'atur.
400 3947 530 4032 Integre
555 3949 711 4035 descripsi
735 3951 833 4016 verba
847 3947 936 4035 legia,
967 3961 1131 4037 propterea
1156 3951 1243 4033 quod
1265 3969 1343 4014 ncn-

32 4051 117 4116 nulla
130 4058 266 4120 omissa
291 4051 411 4122 meunt
424 4062 445 4124 d
459 4055 670 4140 Tribonieno,
687 4059 745 4143 qul
759 4077 834 4124 eam
850 4059 956 4128 retulit
982 4061 1014 4126 iu
1031 4060 1175 4126 codicem
1189 4059 1343 4124 Jaatinia-

31 4175 133 4244 neonr,
148 4161 172 4230 l.
188 4165 253 4230 tin.
281 4161 350 4230 cod.
366 4163 605 4233 circisionem
630 4167 748 4232 saltem
774 4168 930 4238 honorem
955 4169 1068 4235 deferri
1084 4167 1259 4248 Ecclesiae,
1284 4185 1344 4233 seu

31 4271 126 4334 sacris
139 4271 289 4338 aedlbtts
298 4284 446 4358 'oportere
457 4271 535 4358 q‘uls
548 4274 776 4342 dubitavissetl
820 4277 907 4342 Eam
921 4277 963 4342 ub
977 4295 1044 4342 turn
1064 4277 1263 4358 quicumque
1278 4291 1342 4340 ser·

28 4379 56 4440 ri
69 4377 229 4450 domnus
258 4377 423 4462 timebant,
436 4381 481 4448 ad
507 4381 947 4467 Ecclesiamcont'ugiebsnt,
972 4395 1008 4448 ut
1022 4383 1162 4448 clericali
1192 4385 1341 4446 interces-

26 4485 532 4580 eiuncdomudmptl'rea'rerm,
548 4502 653 4581 atqnd
666 4495 790 4573 interea
806 4493 930 4564 domini
945 4501 968 4577 e
981 4495 1173 4564 coercitione
1186 4505 1342 4581 tempera·
