3146 4980
263 425 311 473 DE
333 423 465 484 ῈΟΒΜΔ,
487 421 531 468 ΔΟ
551 417 864 468 sonamntnnntaus
885 415 1144 466 consuetorum.
1286 395 1356 466 Q

78 547 179 614 Deinde
193 547 319 632 adiicio,
342 545 423 610 nibil
440 544 561 624 referre,
585 563 628 608 an
644 562 795 628 praeseus
819 541 894 626 quis
909 541 1014 606 verbis
1034 557 1232 608 consensum
1253 540 1358 625 expri-

79 669 139 736 mat,
153 675 193 720 en
207 658 325 722 absens
340 654 448 734 literis,
463 664 494 716 et
510 671 564 736 per
578 663 822 736 procuratorem.
857 651 951 722 Quia
965 661 1075 716 tamen
1090 652 1124 715 in
1139 652 1245 736 specie
1259 667 1360 733 qnae·

79 769 135 832 dnn
148 778 220 834 sunt
233 765 448 846 observanda;
464 774 497 828 et
508 763 656 848 primurn,
672 765 835 828 neminem
851 762 1090 828 admittendum
1104 781 1183 843 esee,
1201 772 1360 844 tanquam

78 893 288 964 procuratorem
302 878 345 942 ad
371 877 561 961 conjugium
575 873 707 938 alterius
731 875 863 939 nomine
887 873 1155 956 contrahendum,
1182 875 1355 938 sitantum

78 994 228 1056 instructus
243 991 286 1054 sit
311 986 633 1074 generalimandato,
659 997 824 1070 propterea
848 985 937 1070 quod
963 987 1145 1070 requiratur
1165 987 1360 1054 mandatum

79 1103 200 1186 speciale,
227 1121 295 1184 quc
309 1117 375 1164 non
391 1108 518 1162 tantum
532 1097 674 1182 conjugii
689 1097 901 1162 contrahendi
915 1118 1024 1180 causa,
1051 1099 1278 1165 verumetiam
1293 1119 1362 1185 per·

77 1229 140 1274 sona
151 1211 307 1296 conjugis,
332 1227 476 1292 quacum
490 1209 679 1297 conjugium
693 1207 752 1270 rite
765 1207 1025 1274 contrahendum
1039 1210 1101 1292 eit,¹
1112 1211 1294 1296 specialiter
1307 1212 1362 1278 de-

79 1327 260 1395 monstretur,
275 1335 346 1398 cap.
364 1314 421 1380 ult.
435 1313 477 1378 de
491 1323 649 1396 procurat.
666 1313 700 1377 iu
715 1313 754 1394 6.,
770 1313 859 1398 quod
873 1316 972 1380 etiam
985 1327 1143 1382 consonat
1157 1317 1280 1400 priscae
1297 1319 1362 1385 Ro-

76 1441 224 1488 menomm
238 1423 438 1508 disciplinae,
454 1423 474 1486 l.
489 1422 540 1486 34
569 1419 602 1486 ffi
617 1421 658 1486 de
674 1422 736 1486 ritu
752 1423 901 1506 nuptiar.;
929 1423 1073 1488 secundo
1087 1425 1120 1489 in
1136 1425 1199 1490 bac
1213 1427 1361 1494 rnanuati

76 1533 161 1613 specie
174 1530 331 1613 singulari
340 1532 414 1614 jure
434 1540 599 1614 receptum
613 1547 692 1608 esse,
708 1539 745 1592 ut
759 1539 943 1612 procurator
963 1531 1159 1596 constitutus
1173 1531 1275 1598 alium
1290 1553 1363 1618 pro·

76 1651 233 1706 curatorem
248 1641 443 1704 substituere
458 1648 606 1720 nequeat,
623 1637 685 1700 nisi
700 1647 732 1700 et
746 1637 808 1701 hoc
823 1637 1004 1721 specialiter
1024 1639 1085 1724 ipsi
1099 1658 1290 1706 concessum
1305 1641 1366 1707 ad·

76 1765 174 1830 parcet,
189 1747 277 1814 dicto
290 1767 361 1832 cap.
378 1747 447 1830 ult.;
465 1747 565 1826 tertio,
580 1757 816 1830 procuratorem
831 1746 913 1810 nihil
928 1767 1031 1832 agere,
1059 1749 1087 1814 si
1101 1759 1279 1834 antequam
1293 1769 1362 1816 ma·

77 1859 244 1922 trimouium
257 1857 404 1936 celebret,
431 1865 617 1920 revocatum
632 1853 728 1920 fuerit
751 1853 954 1934 mandatum,
980 1854 1055 1918 licet
1070 1865 1137 1919 tem
1156 1855 1234 1938 ipse,
1260 1875 1362 1938 quam

75 1981 112 2044 ee,
133 1983 269 2046 quacum
295 1955 463 2042 contraxit,
489 1961 726 2024 revocationem
751 1957 909 2044 ejusmodi
934 1960 1063 2044 penitus
1089 1961 1258 2046 ignoraret,
1276 1961 1362 2026 dicto

75 2091 131 2156 cap.
144 2073 208 2156 ult;
224 2081 351 2156 quarto,
374 2090 412 2135 eo
427 2070 526 2134 etiam
542 2071 652 2134 minus
677 2069 919 2133 matrimonium
934 2067 1115 2149 consistere,
1143 2067 1171 2131 si
1186 2078 1262 2132 ente
1280 2066 1363 2132 cele·

75 2182 185 2250 batum
198 2182 441 2248 matrimonium
465 2177 678 2244 mandantem
693 2179 774 2240 mori
788 2176 963 2260 contigerit,
985 2187 1094 2261 utpote
1108 2185 1257 2241 cessante
1271 2194 1365 2242 man·

75 2293 167 2358 dantis
180 2295 358 2373 voluntate,
383 2295 477 2376 cujus
492 2289 725 2364 observationis
751 2289 874 2352 utilitas
888 2307 926 2352 eo
940 2297 1072 2372 spectat,
1094 2298 1132 2354 ut
1145 2307 1188 2354 ex
1201 2305 1240 2354 eo
1253 2289 1363 2374 eonju-

74 2401 124 2482 gio,
138 2411 245 2486 utpote
260 2401 349 2464 irrito
360 2418 402 2462 ex
417 2397 545 2461 deiectu
561 2413 749 2482 consensus,
765 2393 894 2458 nullum
911 2393 1031 2459 oriatur
1040 2395 1194 2480 justitiae,
1213 2405 1250 2460 ut
1262 2397 1364 2482 ajunt,

72 2507 206 2588 publicae
219 2505 400 2572 honestatis
426 2505 706 2590 impedimentum
734 2503 846 2586 quinto
861 2503 1009 2586 denique,
1034 2517 1272 2588 procuratorem
1293 2507 1366 2590 qui·

72 2615 136 2682 dem
149 2619 275 2683 admitti
289 2637 384 2701 posse
395 2616 523 2682 facilius
536 2627 681 2700 respectu
692 2616 761 2696 viri,
777 2615 940 2680 difficilius
952 2627 1098 2701 respectu
1110 2617 1259 2700 feminae,
1275 2617 1365 2704 quod
1475 2619 1490 2638 ⁰

69 2737 178 2791 veteres
203 2727 422 2792 Jureconsulti
446 2727 694 2792 adnotaverunt:
719 2744 798 2789 nam
823 2725 1022 2808 Pomponius
1046 2726 1080 2790 in
1097 2725 1118 2789 l.
1141 2729 1170 2792 5.
1185 2727 1218 2791 ff.
1241 2727 1366 2835 (lexiter

69 2839 196 2919 nuptiar.
211 2837 329 2922 ajebat:
346 2835 525 2901 Mulierem
539 2835 666 2900 absenti
679 2856 740 2920 per
754 2836 870 2900 literas
885 2837 964 2920 ejus,
980 2835 1032 2900 vel
1042 2857 1105 2923 per
1119 2839 1278 2904 numiam
1287 2860 1365 2925 poa·

69 2965 99 3009 ee
111 2949 225 3012 nubere
235 2949 356 3032 placet,
371 2948 403 3010 si
417 2947 454 3010 in
468 2947 603 3012 domum
617 2947 689 3030 ejus
702 2945 930 3026 macenorum
944 2967 1019 3010 eam
1033 2967 1117 3029 cero,
1133 2969 1216 3034 quoe
1231 2949 1364 3028 obesset,

69 3076 104 3119 ee
117 3057 229 3137 literis,
243 3057 295 3122 cel
309 3057 425 3120 numia
449 3076 510 3118 areo
524 3055 602 3118 duci
617 3063 639 3117 rt
653 3055 775 3118 morito
799 3073 865 3117 nort
879 3073 989 3138 posses
1006 3063 1038 3116 et
1053 3051 1178 3120 Paulus
1199 3053 1233 3118 in
1248 3053 1318 3120 libr.
1333 3055 1363 3120 2

69 3177 193 3230 senum
209 3166 256 3229 tit.
284 3165 333 3228 19.
351 3167 373 3230 l.
390 3165 420 3227 ὅ.
453 3162 508 3228 Vir
523 3164 640 3227 adseres
664 3181 804 3226 neonem
828 3162 945 3228 ducere
956 3171 1071 3249 potest,
1088 3165 1226 3250 semitae
1246 3165 1365 3230 atem

69 3277 179 3342 nubere
193 3297 260 3340 noo
270 3283 391 3360 potem
406 3273 494 3356 qnod
515 3292 630 3336 cavere
645 3272 790 3336 maxime
805 3282 872 3336 crat
887 3283 1111 3356 opportunum,
1134 3285 1171 3338 ut
1185 3272 1364 3354 fraudium,

69 3395 96 3446 et
108 3385 444 3464 circumventionibus,
460 3381 581 3464 quibus
596 3400 676 3444 sane
690 3379 786 3443 facile
800 3381 960 3446 obnoxiae
975 3383 1017 3446 ob
1031 3403 1130 3447 sexus
1144 3381 1365 3449 infirmitatem

69 3493 211 3568 mulieres
226 3491 442 3582 redderentur,
470 3489 559 3553 locus
574 3488 773 3570 quicumque
793 3487 1060 3570 praecluderetur.
1103 3488 1149 3554 Et
1162 3485 1367 3576 quamquam

69 3597 269 3660 ecclesiastici
284 3615 425 3660 canones
441 3595 522 3658 nihil
538 3595 571 3659 in
585 3595 649 3658 hac
664 3605 753 3678 parte
767 3615 917 3680 expresse
931 3598 1163 3678 constituerint,
1187 3595 1306 3666 sufficit
1320 3611 1366 3666 ta·
1476 3620 1479 3628 ·

70 3717 147 3782 men,
162 3704 244 3768 nihil
258 3703 382 3768 eisdem
407 3712 518 3765 contra
532 3701 698 3767 decretum
714 3701 823 3785 fuisse,
850 3717 887 3769 ut
901 3715 987 3769 recta
997 3708 1080 3790 juris
1106 3709 1366 3792 interpretatione

70 3813 305 3892 concludamus,
321 3811 431 3876 adhuc
446 3811 586 3874 nomam
596 3812 678 3894 juris
693 3811 910 3895 disciplinam,
934 3833 1104 3897 quousque
1119 3815 1262 3880 moribus
1276 3817 1367 3881 abro-

71 3929 139 3997 gata
153 3937 219 3984 non
232 3919 476 3997 demonstretur,
490 3929 574 3982 ‘esse
589 3919 793 3984 servandam.
837 3921 892 3986 Ex
907 3921 959 3985 his
973 3935 1084 3988 autern
1109 3925 1259 3990 omnibus
1273 3943 1365 3990 cons-

71 4035 119 4106 tat,
133 4047 196 4094 non
212 4030 276 4094 nisi
290 4047 426 4111 perraro,
441 4039 472 4092 et
487 4028 680 4110 gravissima
705 4029 745 4092 de
760 4049 861 4094 causa
875 4029 1076 4096 admittenda
1090 4050 1160 4096 esse
1175 4033 1366 4098 aParochis

72 4131 248 4220 hujusmodi
264 4149 504 4221 procuratorum
519 4135 633 4217 officia,
649 4137 690 4200 ob
703 4135 895 4220 frequentes,
910 4159 995 4221 quae
1010 4139 1132 4204 exiliis
1147 4141 1281 4207 suboriri
1296 4160 1367 4225 pos·

73 4253 147 4322 sent,
160 4247 389 4326 contentiones,
414 4245 599 4328 praesertim
613 4245 721 4326 etiarn,
733 4231 834 4330 'quod
851 4248 1033 4312 verosimile
1057 4249 1237 4316 admodum
1257 4249 1366 4316 videa-

72 4355 128 4426 tur,
143 4352 293 4436 conjugia
307 4369 362 4434 per
376 4363 594 4434 procuratores
608 4365 772 4418 contracta
783 4355 903 4421 interea
917 4358 1129 4424 Sacramenta
1142 4377 1208 4426 non
1222 4379 1302 4445 esse,
1318 4361 1367 4428 uti

71 4456 212 4536 tuperius
225 4459 371 4524 virorum
385 4459 649 4544 gravissimorum
663 4461 846 4528 testimonio
859 4467 1176 4617 co'rlqprobpltlnn-rgpt.
1199 4545 1208 4550 ⁸

929 4569 987 4616 ou.
1058 4595 1065 4612 .
1151 4595 1160 4615 .
