3168 4982
197 315 266 388 ΝΘ
530 335 774 391 emarcum
795 337 955 400 nunes,
976 337 1128 390 autera.
1149 313 1192 386 tt

201 457 266 530 irus
278 457 469 542 metaliter
483 458 615 528 natm
636 458 758 543 sperari
772 458 970 544 dispensatio
983 459 1099 544 possiet
1140 455 1246 527 Nemo
1259 473 1326 528 non
1340 455 1439 540 ridet
1458 473 1507 526 re·

195 564 465 637 'eernsndueesse
487 565 761 652 legationibus
785 567 940 638 nimitum
962 565 1136 646 naturales.
1158 574 1217 630 sut
1231 561 1361 630 divinas
1388 563 1431 630 ab
1445 563 1507 632 bu-

57 683 60 690 '
199 677 319 762 menia
344 676 656 761 inspiciendumque,
681 693 726 744 en
739 675 827 762 quod
842 676 992 760 mrrjugio
1005 669 1227 742 conuehendo
1241 672 1339 756 obest,
1360 673 1433 756 jure
1448 689 1507 738 ne·

200 784 306 867 tuteli,
321 785 375 852 rel
397 784 509 852 divino
530 784 699 852 firmatum
712 785 762 866 sit,
785 784 990 852 andnumans
1016 780 1315 868 quaemadmodum
1338 781 1427 856 enirn
1448 799 1506 864 pro

199 903 287 960 certo
301 894 449 976 hebetur,
471 894 609 962 humani
618 896 701 979 jurrs
714 892 989 978 dispensationem
1004 893 1047 958 ab
1060 891 1192 956 homine
1211 890 1356 975 legitima
1369 890 1507 956 auotori-

201 1010 266 1069 tate
280 1001 423 1086 praedito
436 1003 512 1086 peti,
534 1001 734 1086 obtinerique
755 1019 860 1086 posse3
884 1001 930 1066 ita
943 1001 1042 1069 etiam
1056 1011 1181 1066 cenum
1202 1009 1259 1080 est,
1283 999 1409 1067 nullam
1432 1015 1514 1082 esse„

198 1111 387 1181 bomutbm
399 1131 609 1196 quacumque
623 1119 779 1196 potestate
793 1109 929 1194 praediti
950 1108 1181 1188 eremitatem,
1195 1127 1239 1176 ex
1252 1125 1319 1192 qua
1344 1105 1506 1192 proficisci

197 1230 258 1286 aut
271 1220 438 1302 naturalis,
462 1230 522 1288 erut
545 1219 649 1289 divini
657 1221 740 1304 juris
754 1219 952 1304 depensdio
967 1218 1083 1300 valeat,
1108 1219 1172 1284 nisi
1185 1229 1295 1304 temen
1320 1217 1355 1282 in
1369 1218 1510 1300 quibus-

199 1329 277 1399 dam
291 1332 492 1416 gravissimis
505 1332 615 1398 musis
626 1330 843 1414 aequissimus
857 1329 973 1396 arbiter
982 1331 1036 1414 jus
1053 1330 1104 1395 vel
1114 1329 1270 1410 naturale,
1285 1327 1337 1394 vei
1353 1328 1507 1396 divinum

199 1457 268 1510 nou
279 1440 421 1524 obligare
435 1439 583 1522 declaret
598 1439 687 1522 qued
700 1457 780 1507 sane
794 1457 863 1506 nou
877 1437 940 1502 nisi
957 1436 1111 1504 latissime
1125 1433 1400 1520 dispensationem
1409 1434 1506 1519 juris,

198 1562 298 1636 atque
309 1529 549 1636 indulgentiam
562 1551 788 1635 repelleremus.
830 1550 933 1616 Juxta
948 1548 1029 1616 lmec
1044 1547 1201 1634 principia
1215 1548 1427 1614 Innocentius
1442 1547 1504 1614 111.

198 1659 232 1726 in
248 1657 396 1726 Concilio
419 1657 633 1726 bremensi
656 1657 877 1738 concludebat,
904 1657 1111 1725 tobrcbiiiue
1134 1677 1211 1737 esse,
1236 1655 1366 1742 ulmos
1389 1665 1509 1724 eontra

187 1776 329 1838 naimo
341 1769 514 1838 domim
526 1769 692 1834 divulsere
705 1769 883 1853 meldos,
897 1787 1002 1852 quem
1016 1769 1203 1843 uniendos
1226 1767 1376 1850 marre
1390 1775 1509 1832 esum

197 1885 329 1946 aaran
342 1877 485 1946 Dentes
497 1897 666 1960 marera,
681 1895 751 1960 cap.
766 1876 817 1940 di.
833 1878 868 1940 in
883 1876 949 1942 line
964 1877 1004 1940 de
1020 1878 1135 1954 nnio,
1157 1876 1210 1944 cni
1225 1877 1325 1946 simili
1339 1877 1507 1960 estquod

199 1983 316 2068 legitur
330 1985 365 2050 in
378 2001 449 2066 cap.
466 1984 494 2047 i.
509 1983 567 2065 qui
582 1983 720 2051 munim.
746 2001 856 2051 accus.
869 1983 904 2047 in
920 1985 949 2048 l.
973 1983 1105 2050 collect.
1121 1983 1290 2064 Demetai,
1310 1993 1343 2048 et
1356 1982 1445 2066 qnod
1461 1984 1507 2048 le·

197 2095 284 2180 gitur
298 2092 333 2158 iu
347 2111 418 2177 cap.
433 2092 463 2158 Β.
490 2091 531 2157 de
545 2090 659 2156 divort
684 2090 774 2182 apud
788 2091 980 2174 Gregorinm
994 2091 1058 2160 IX.
1100 2091 1187 2158 Hine
1201 2100 1321 2171 antem,
1338 2102 1375 2158 nt
1388 2091 1504 2174 liquet.

197 2207 371 2292 utemur
391 2205 594 2291 amplissime
617 2204 806 2290 disputandi
830 2206 892 2285 via,
918 2216 951 2271 et
974 2207 1033 2272 vix
1047 2205 1149 2272 finem
1171 2207 1330 2274 habitura.
1374 2203 1507 2280 Quana-

196 2333 300 2401 quam
313 2315 402 2382 enim
415 2315 521 2383 multa
534 2315 644 2383 stetim
656 2313 835 2399 adoneum
849 2315 1070 2400 conjugiorum
1086 2313 1327 2399 impedimenta,
1341 2333 1428 2398 quae
1441 2316 1507 2384 hu·
1575 2401 1576 2404 Ἴ

197 2443 297 2492 mano
310 2433 440 2490 matum
448 2425 521 2510 jure
544 2421 639 2490 facile
652 2422 773 2490 dixeris
787 2427 971 2504 emanente,
986 2423 1027 2488 de
1040 2421 1187 2510 pluribus
1201 2431 1312 2486 tamen
1326 2420 1506 2504 dubitatur,

111 2550 115 2559 ·
197 2553 242 2602 en
255 2555 298 2602 ex
311 2533 435 2615 divino,
449 2533 503 2600 rel
516 2531 657 2598 natrrrali
665 2534 740 2617 iure
759 2531 878 2598 fitennt
891 2533 927 2597 in
940 2531 1088 2616 publicas
1109 2531 1220 2616 legum
1234 2529 1364 2598 tabulas
1377 2529 1506 2598 denra-

159 2631 162 2638 ’
192 2657 237 2714 ta
282 2645 404 2712 Verum
426 2663 468 2710 ex
493 2645 542 2725 iis,
565 2661 650 2727 quas
675 2643 848 2725 bucusque
872 2641 1025 2730 diximus,
1050 2650 1149 2724 atque
1164 2659 1209 2707 ex
1222 2640 1271 2722 iis,
1295 2657 1381 2724 qnae
1400 2641 1438 2704 in
1450 2659 1503 2706 se·

194 2756 372 2842 quentibus
393 2754 671 2820 dissertationibus
696 2751 835 2818 dicenda
849 2761 1032 2835 supersunt,
1052 2752 1124 2836 jam
1138 2746 1261 2834 liquido
1281 2759 1431 2814 constare
1444 2767 1502 2833 po-

195 2875 265 2948 test,
280 2883 365 2949 quae
379 2863 530 2944 natruali,
545 2863 721 2945 divinoque
730 2863 803 2946 jure
814 2859 983 2924 interdicta
997 2859 1070 2938 sint,
1085 2877 1170 2942 quae
1184 2859 1282 2923 etiam
1299 2859 1426 2942 legibus
1440 2859 1506 2924 hu-

194 2972 310 3050 manis,
337 2980 374 3033 ut
387 2968 492 3034 facilis
507 2969 722 3034 consideranti
747 2967 899 3033 reddatttr
913 2968 1138 3032 universarum
1163 2965 1243 3030 inds'
1261 2968 1502 3050 emergentium

193 3079 423 3163 quaestionum
448 3077 602 3141 delinitio.
645 3077 697 3141 De
711 3077 836 3160 legibus
862 3075 1072 3158 naturalibus,
1097 3095 1137 3140 ac
1162 3075 1284 3141 divinis
1309 3085 1438 3140 tanturn
1452 3075 1503 3140 di·

193 3205 277 3267 cam,
292 3205 348 3250 eas
362 3186 397 3250 in
411 3184 539 3278 diuerso
563 3201 678 3270 genere
693 3185 814 3268 positas
828 3203 908 3266 esse,
932 3196 1025 3268 prout
1039 3185 1136 3250 modo
1151 3195 1337 3270 perpetuam
1359 3203 1500 3253 causam

193 3295 322 3376 habent,
338 3295 435 3360 modo
449 3295 667 3378 singularibus
681 3293 879 3377 quibusdam
899 3291 1060 3379 adjunctis
1074 3295 1327 3360 accomodatam.
1370 3293 1501 3360 Prosec-

193 3415 225 3469 to
240 3405 296 3470 ubi
310 3423 411 3470 cansa
435 3415 589 3489 perpetua
603 3411 660 3482 est,
684 3399 1014 3485 frustradispensatio
1039 3413 1191 3486 matur,
1207 3419 1302 3466 secus
1320 3419 1360 3466 ac
1371 3401 1500 3466 eontin-

193 3518 250 3592 gat
263 3509 297 3573 in
312 3511 352 3574 iis
366 3510 500 3594 iegibus,
516 3527 602 3593 quae
615 3511 710 3574 certis
724 3507 885 3594 adjunctis
900 3509 1144 3582 accomodatam
1158 3525 1293 3574 cauum
1307 3509 1441 3593 habena
1457 3511 1499 3575 iis

191 3613 281 3680 enim
294 3615 504 3696 cessantibus,
530 3617 719 3682 auctoritate
732 3616 830 3698 ibaar
845 3617 888 3680 ad
902 3632 1001 3700 qnam
1015 3619 1158 3701 pomnen,
1180 3616 1279 3682 ieeile
1295 3617 1499 3701 dispensatio

191 3722 387 3805 impetratur,
413 3733 473 3790 aut
485 3724 643 3807 ingeleri
667 3725 825 3809 rescripto,
853 3737 912 3792 aut
926 3726 1052 3810 legibus
1077 3727 1289 3811 generalibus,
1313 3737 1371 3792 aut
1394 3729 1499 3794 edam

189 3831 432 3898 consuetudins.
476 3833 639 3917 Exempla
653 3833 822 3919 perspicus
837 3847 914 3902 sunt
928 3837 962 3900 in
977 3834 1079 3901 vidua
1093 3847 1234 3920 tempore
1252 3835 1361 3900 luctus
1375 3847 1500 3922 nunn-

191 3955 235 4020 ra,
250 3950 282 4002 et
295 3939 330 4003 in
345 3937 512 4007 Gedrolico
526 3957 660 4005 uxorem
675 3939 869 4006 haereticam
884 3941 1028 4009 ducturo.
1072 3941 1271 4022 Prohibetur,
1286 3951 1323 4009 ut
1337 3941 1496 4015 dirimis.

190 4047 332 4116 naturali
339 4050 413 4136 jure
427 4047 529 4114 vidua
553 4068 596 4114 ns
609 4049 713 4114 nnbat
726 4051 810 4144 intra
825 4032 968 4136 tempora
981 4049 1099 4134 luctus3
1125 4049 1283 4132 quonism
1296 4065 1372 4115 raro
1390 4066 1496 4116 caum

190 4155 349 4225 naturalis
363 4157 523 4224 interdicti
537 4159 571 4224 in
585 4177 624 4223 eo
638 4157 744 4244 posita
757 4169 814 4242 est,
835 4178 877 4224 ne
892 4170 1003 4244 partus
1017 4167 1171 4224 naeoetur
1184 4159 1335 4241 incertus,
1353 4178 1412 4225 cur
1426 4177 1496 4227 non

189 4267 315 4354 probari
330 4267 516 4352 aliquando
529 4267 644 4353 poterit
656 4265 843 4354 cbnjugimn
857 4265 975 4336 initum
989 4275 1011 4334 a
1025 4269 1134 4351 rides,
1149 4269 1291 4337 sicema
1304 4271 1495 4350 meent,

190 4387 360 4454 etcenum
383 4399 453 4452 eme
466 4381 609 4467 incipiat,
633 4379 872 4453 uonincertant
895 4377 1018 4468 prolem
1043 4379 1186 4450 seeundo
1207 4381 1337 4470 emjugi
1351 4381 1497 4452 nemito-
