3216 4988
192 352 257 420 254
425 374 514 418 raas
532 372 657 432 rmus,
674 347 917 421 orssuararre
933 372 1083 430 aarum,
1098 373 1176 418 car.
1191 351 1251 416 lll.

193 501 310 580 scripta
321 487 506 580 redigantur
517 495 569 560 vel
580 515 635 578 per
647 493 896 572 cancellarium,
907 504 966 574 put
982 493 1153 559 Notarium
1164 493 1292 572 Curiae,
1304 493 1428 556 sitestes
1440 491 1477 556 ad

192 603 326 668 Curiam
341 602 571 684 Episcopalem
595 602 774 682 accesserit,
791 602 844 670 vel
866 621 921 686 per
935 601 1106 666 Notarium
1128 603 1170 666 ab
1185 601 1477 684 Episcopodeputa·

192 721 270 788 tum,
285 719 318 772 et
332 729 441 772 coram
456 708 611 787 Perocho,
637 710 664 772 si
679 708 722 772 ad
739 709 923 772 Parochum
938 711 1028 772 testis
1041 709 1188 790 accedat,
1214 710 1294 791 quin
1310 720 1415 774 tamen
1427 721 1478 774 tes

192 831 240 882 tes
255 828 432 910 teneantur,
459 817 545 898 quod
562 817 720 900 pandunt,
734 817 950 907 'jurejurando
976 817 1114 897 firmare,
1141 818 1205 882 nisi
1227 817 1260 880 id
1287 819 1319 882 in
1335 817 1479 882 monitori

189 929 333 992 formula
346 929 559 1010 exprimatur,
598 929 692 1006 Sunt,
707 929 763 1010 qui
779 939 903 1010 putant,
918 929 1020 994 eximi
1036 949 1095 998 ,eos
1110 935 1131 996 a
1147 929 1351 997 testificando
1365 931 1480 1011 nauper

192 1037 303 1105 habito
318 1035 495 1114 monitorio,
517 1034 578 1116 qui
592 1034 734 1117 protare,
760 1034 849 1116 quod
864 1034 1021 1117 pandunt,
1041 1037 1242 1118 argumentis
1256 1047 1428 1117 nequeunt,
1441 1055 1480 1098 ar·

194 1155 350 1226 gumento
364 1163 435 1206 can.
452 1143 503 1206 27.
519 1125 608 1206 caus.
624 1143 653 1205 2.
669 1153 793 1223 quaest.
809 1144 839 1206 7.
868 1143 1004 1210 Netum
1018 1165 1094 1210 cum
1107 1145 1207 1230 hujus
1219 1145 1357 1208 canonis
1371 1155 1483 1220 senun-

195 1249 240 1310 tia
254 1249 296 1310 ad
313 1259 528 1328 accusatores,
552 1249 868 1316 veldenuntiatores
891 1251 1002 1332 potius
1014 1233 1144 1336 spectet,
1171 1231 1312 1334 qnorum
1334 1271 1416 1318 onas
1433 1264 1481 1330 cu,

194 1353 281 1434 quod
297 1353 327 1416 in
341 1343 464 1438 judicio
490 1353 647 1434 deferunt,
673 1355 903 1436 demonstrare,
928 1357 1047 1424 frustra
1060 1360 1106 1422 acl
1120 1376 1176 1423 eos
1201 1361 1351 1438 trahitur,
1367 1361 1483 1442 dequo

164 1473 166 1477 '
194 1481 267 1526 rum
283 1472 409 1526 tantum
425 1463 609 1528 testimonio
623 1464 739 1546 agitur.
768 1466 985 1548 Quamquam
1000 1467 1088 1530 enim
1097 1467 1164 1549 ipsi
1178 1466 1314 1548 probare
1329 1475 1485 1548 nequeant

194 1553 282 1656 quod
297 1575 453 1658 pandunt,
473 1575 578 1660 judex
592 1586 702 1642 tamen
717 1595 759 1638 cx
774 1575 904 1642 illorum
919 1577 1119 1656 testimoniis,
1143 1579 1334 1662 praesertim
1349 1577 1377 1642 si
1389 1595 1486 1640 nume

194 1703 229 1747 ro
242 1683 440 1767 pluressint,
467 1695 668 1767 argumenta,
694 1694 752 1750 aut
766 1685 882 1750 saltem
909 1685 1089 1768 probabiles
1115 1687 1318 1768 conjecturas
1342 1705 1384 1748 ex
1397 1684 1487 1752 officio

194 1793 341 1871 deducet,
358 1795 444 1858 uncle
470 1803 594 1858 constet
618 1793 660 1858 de
674 1793 819 1860 veritate.
862 1793 1071 1872 Suntetiam,
1096 1795 1153 1876 qui
1169 1805 1297 1877 putant,
1322 1814 1387 1858 non
1402 1793 1486 1856 teneri

195 1914 291 1964 testes
306 1902 349 1964 ad
375 1902 557 1984 pandenda,
582 1902 838 1984 quaenoverint,
864 1901 991 1982 quoties
1006 1899 1163 1967 delictum
1185 1901 1227 1964 sit
1240 1900 1377 1964 omnino
1397 1897 1488 1962 coctil-

196 2019 277 2087 tum,
293 2007 326 2072 id
341 2019 397 2088 est,
426 2009 525 2072 unius
540 2017 679 2088 tautum,
705 2007 758 2070 vel
773 2007 907 2072 alterius
920 2007 1120 2072 conscientia
1135 2017 1270 2072 tenetur.
1317 2006 1488 2072 Abntuntur

86 2127 100 2152 ·
198 2118 250 2180 isti
265 2136 389 2180 canone
407 2117 454 2180 18.
470 2135 558 2180 caus
584 2116 615 2180 2.
630 2128 755 2197 quaest.
773 2117 811 2196 1.,
827 2116 1027 2191 abitantum
1042 2115 1203 2194 statuitur,
1228 2134 1269 2178 ne
1280 2113 1387 2198 judex
1399 2109 1489 2175 occul·

197 2234 247 2286 tos
263 2223 488 2306 delinquentes
512 2205 638 2306 puniat.
682 2222 873 2300 Abutuntur
890 2232 1056 2305 praeterea
1080 2221 1224 2306 capitulo
1239 2221 1292 2284 24.
1320 2219 1363 2284 de
1378 2235 1493 2284 accusa

198 2335 285 2418 tion,
302 2335 358 2398 ubi
371 2351 467 2414 onus
482 2332 659 2416 imponitur
676 2330 789 2415 judici,
806 2349 848 2397 ne
861 2341 976 2398 contra
995 2347 1200 2412 quemquam
1219 2324 1491 2410 procedatjudicio

199 2441 425 2523 inquisitionis,
453 2441 515 2502 nisi
530 2438 679 2522 publicae
703 2439 745 2502 sit
759 2437 948 2505 infamatus.
992 2439 1113 2504 Verum
1127 2439 1162 2502 in
1187 2437 1351 2521 proposito
1374 2435 1435 2499 alia
1450 2451 1493 2527 Ares

201 2551 313 2632 agitur,
331 2547 463 2632 quando
475 2549 648 2614 monitoria
663 2547 706 2612 ad
721 2549 884 2630 cogendos
900 2557 998 2613 testes
1013 2565 1077 2614 uon
1094 2564 1133 2608 eo
1147 2554 1305 2628 spectant,
1329 2552 1366 2606 ut
1380 2539 1493 2624 publica

201 2661 242 2723 de
267 2678 320 2722 reo
335 2659 479 2722 vindicta
503 2668 659 2736 sumatur,
687 2657 744 2720 sed
759 2676 805 2738 co,
831 2667 866 2722 ut
884 2655 1097 2730 indemnitate
1121 2650 1258 2734 petentis
1286 2647 1492 2732 prospiciatur.

202 2769 277 2833 Alia
288 2767 656 2834 autem‘monitoriorum
668 2765 844 2848 disciplina
859 2765 967 2831 inanis
983 2761 1216 2850 propemodum
1233 2758 1386 2824 reddetur
1398 2756 1436 2820 ob
1449 2771 1493 2816 ra·

202 2879 274 2958 rias,
290 2899 374 2960 quae
389 2884 411 2948 a
426 2879 558 2942 testibus
573 2885 835 2960 praetexebantur
849 2884 1088 2953 excaecantem
1114 2871 1153 2936 iis
1168 2869 1263 2934 facile
1279 2865 1493 2950 allegantibus,

201 2991 342 3059 necdum
356 3000 503 3054 constare
529 2988 570 3053 de
585 2987 721 3055 infamia
736 3005 871 3066 reorum,
894 2983 976 3069 quos
992 2983 1101 3050 sciunt
1116 2993 1175 3046 aut
1190 2979 1315 3046 lurtum
1329 2975 1494 3060 admisisse,

206 3101 264 3164 aiil
278 3099 437 3166 damnum
453 3097 609 3164 intulisse.
1157 3087 1168 3106 ⁹

704 3454 705 3462 κ
725 3483 728 3490 ,
745 3407 896 3474 CAPUT
919 3407 973 3472 lv.
1060 3424 1067 3438 ·

767 3603 821 3666 De
836 3601 961 3666 usur-is.

418 3905 422 3914 ,
519 3835 595 3900 Huc
611 3828 800 3896 reserandus
823 3837 872 3892 est
887 3824 1000 3890 titulus
1020 3825 1066 3888 te.
1082 3823 1151 3886 libr.
1168 3824 1197 3884 5.

209 4067 372 4282 Nulla
397 4219 445 4272 est
461 4209 494 4272 in
509 4207 573 4270 hac
589 4221 695 4270 rerum
711 4200 920 4266 universitate
946 4195 1028 4259 adeo
1044 4195 1122 4260 utile
1136 4192 1335 4277 Reipulicae,
1358 4185 1442 4272 quod
1454 4182 1499 4244 ali·

209 4317 342 4400 quando
357 4319 390 4380 in
417 4313 627 4397 Reipublicae
642 4307 787 4394 ejusdem
813 4304 1024 4389 dispendium
1050 4301 1239 4384 detorquere
1263 4295 1439 4380 nequiverit
1453 4291 1501 4352 ltu·

211 4441 309 4486 mana
325 4421 469 4506 perfidia,
495 4439 534 4484 eo
549 4421 648 4491 etiam
674 4417 893 4502 perniciosius,
919 4433 984 4496 quo
1000 4413 1061 4478 sub
1086 4411 1214 4476 honesti
1229 4408 1371 4491 imagine
1393 4395 1499 4467 maleli-
