3210 4990
153 413 199 461 ne
223 413 284 478 rra,
306 413 370 466 our
394 411 539 498 sareas
560 413 762 464 consummi
784 415 1030 466 conmissae
1052 415 1258 468 uanosque.
1325 393 1385 463 1s1

98 549 265 621 poneretur,
282 539 383 604 luisse
397 541 507 604 relicta
519 539 673 604 alimenta
697 561 801 626 usquc
823 541 869 606 cd
890 541 1103 625 pubertatem,
1130 539 1301 604 definitum
1314 539 1385 622 luit,

98 650 295 726 utmasculis
310 667 413 732 usque
428 651 470 714 ad
486 651 543 728 18,
560 649 687 714 lannois
702 669 806 734 usque
819 649 862 712 ad
875 649 922 712 14.
938 669 1063 714 annum
1078 649 1274 728 deberentur,
1289 643 1387 731 quasi

96 758 170 820 inea
184 759 294 840 specie
308 761 459 842 pubertas
473 759 515 822 ab
529 759 569 820 iis
582 759 678 822 annis
692 758 855 840 inciperet;
871 757 997 846 adjecta
1005 758 1135 820 ratione:
1158 757 1239 820 Etsi
1246 775 1386 840 gessero·

95 862 161 926 liter
167 865 333 948 probatas
345 885 412 930 aon
425 867 473 929 sic
494 843 673 950 aefltatrui,
699 874 810 930 tamen
831 867 970 950 pietatis
992 867 1119 930 intuitu
1144 867 1181 928 in
1195 865 1386 950 solaspecie

94 969 321 1038 olimeruorum
341 973 400 1036 boo
423 975 554 1055 tempus
577 974 697 1036 astatis
721 993 790 1038 asse
815 973 1061 1050 observandum,
1081 992 1148 1034 non
1171 979 1219 1036 est
1242 973 1382 1036 incivile.

94 1078 262 1160 Quidquid
278 1081 312 1144 in
326 1081 361 1144 in
375 1081 395 1144 i
410 1081 461 1144 40.
477 1085 499 1150 i.
517 1083 544 1144 1.
560 1081 592 1144 ff.
608 1081 649 1144 de
673 1080 845 1163 adoption,
871 1080 906 1144 in
919 1079 1146 1161 adoptionibus
1160 1080 1257 1162 plena
1272 1083 1385 1164 puber·
1456 1099 1459 1106 ’

93 1193 137 1245 tas
150 1185 194 1248 ad
209 1205 338 1250 anuum
354 1207 455 1269 usque
469 1187 632 1252 decimum
650 1179 802 1250 octav'um
813 1185 1011 1250 extenditur?
1033 1185 1070 1250 Si
1085 1205 1159 1270 ergo
1174 1187 1208 1250 in
1223 1187 1386 1270 aliquibus

94 1293 257 1376 speciebus
271 1296 422 1378 pubertas
436 1315 502 1360 nou
516 1307 559 1358 es
573 1294 692 1378 regulis
712 1293 918 1377 generalibus
940 1291 1125 1358 delinienda
1150 1293 1220 1376 tuin
1244 1296 1326 1378 qnid
1339 1315 1387 1360 rs·

93 1416 220 1488 pugnat,
236 1407 330 1470 salsa
343 1407 564 1482 nibilominus,
580 1417 612 1470 et
625 1407 749 1489 integra
764 1415 948 1470 remanente
959 1405 997 1468 in·
1008 1405 1139 1488 reliquis
1153 1407 1385 1472 Cassianarum

94 1514 246 1594 opinione,
263 1516 298 1578 in
308 1515 527 1598 singularibus
538 1515 653 1592 causis,
666 1515 829 1596 inquibus
839 1514 880 1578 de
894 1515 1060 1597 pubertate
1070 1513 1295 1580 defunctorum
1310 1537 1385 1600 age-

94 1631 180 1698 retur,
194 1640 240 1684 ex
253 1641 415 1686 annorum
429 1623 552 1686 ratione
565 1623 669 1705 potius
695 1621 864 1686 delinitam
879 1621 994 1684 eadem
1008 1620 1117 1702 fuisse,
1132 1643 1233 1688 causa
1247 1627 1291 1688 rei
1306 1647 1387 1709 quo·

94 1727 264 1796 dammodo
278 1731 458 1814 religiosae?
500 1731 778 1814 Ampliusdicam.
823 1730 868 1794 Et
878 1730 1009 1812 quidem
1021 1732 1048 1794 si
1060 1730 1100 1794 de
1111 1731 1252 1814 Ulpiano
1261 1735 1383 1818 loquar,

93 1857 194 1903 noune
210 1840 245 1904 in
260 1839 348 1902 dicta
362 1839 381 1904 l.
397 1842 426 1904 2.
442 1839 474 1903 ii
490 1840 531 1902 de
546 1839 669 1922 vulgari
680 1850 712 1902 et
722 1838 822 1922 pupil.
836 1837 928 1920 sequi
942 1838 1010 1921 ipse
1021 1837 1133 1922 potuit,
1145 1849 1204 1902 aut
1215 1840 1316 1906 voluit
1330 1862 1384 1926 pe

93 1949 150 2012 tius
165 1949 458 2033 Proculejanorum,
480 1969 580 2032 quam
606 1949 836 2012 Cassianarum
857 1947 994 2010 sectam?
1038 1947 1118 2011 Erat
1141 1948 1209 2031 ipse
1234 1951 1385 2016 iurecon-

92 2062 199 2140 sultus,
216 2062 273 2125 cui
287 2063 321 2125 in
336 2082 369 2125 re
380 2057 955 2146 auctoritatsjurisnecdnmdefinita,
971 2057 1106 2124 libentur
1118 2070 1192 2139 erat,
1202 2080 1301 2142 quarn
1317 2081 1385 2126 tua-

92 2165 200 2230 luiaaet
215 2167 401 2250 opinionem
415 2168 574 2251 amplecti,
600 2175 789 2250 argumento
804 2165 823 2228 l.
839 2167 868 2228 5.
884 2164 916 2227 ff.
931 2165 988 2246 qui
1003 2175 1183 2228 testament.
1198 2166 1258 2230 lac.
1281 2168 1384 2251 Adde,

91 2277 120 2339 in
131 2295 169 2339 eo
182 2277 255 2339 loco
269 2295 335 2340 non
349 2276 522 2340 sollicitum
536 2274 636 2338 fuisse
663 2275 848 2356 Ulpianum,
875 2283 910 2336 ut
924 2273 1099 2354 pubertatis
1115 2282 1257 2356 tempora
1272 2274 1384 2340 defini-

90 2397 139 2464 ret,
154 2385 212 2458 sed
230 2397 268 2449 ut
278 2384 449 2449 formulam
463 2383 636 2468 pupillaris,
645 2383 877 2446 substitutionis
901 2383 1074 2464 exhiberet
1101 2383 1135 2446 in
1150 2401 1217 2464 qua
1230 2384 1384 2450 exhiben-

89 2495 127 2558 da
140 2515 259 2579 parum
274 2495 423 2558 intererat
436 2495 582 2577 ejusqui
596 2503 680 2557 certa
689 2493 770 2576 J'uria
793 2493 954 2575 principia,
978 2503 1163 2574 certamque
1174 2493 1380 2576 disciplinam

87 2599 226 2681 docebat,
242 2603 342 2664 verba
354 2601 520 2684 concipere
535 2600 814 2683 Proculejanorum
829 2600 943 2682 potius,
958 2621 1058 2683 quam
1073 2601 1304 2668 Cassianarum
1315 2605 1383 2688 opi·

10 2741 11 2790 3
87 2713 235 2776 sionibus
251 2711 503 2777 accommodata.
547 2710 688 2802 Quodsi
703 2710 743 2774 de
758 2711 907 2794 rescripto
923 2713 1124 2793 Diocletiani,
1140 2724 1172 2778 et
1187 2715 1381 2782 Maximiani

87 2816 205 2900 loquar,
235 2818 378 2898 observo,
404 2817 581 2886 illudesse
603 2819 789 2900 rescriptum
813 2819 946 2883 omnino
962 2821 1125 2903 privatum
1145 2822 1188 2886 ad
1210 2825 1381 2891 Redonem

87 2926 262 3008 quamdam
276 2925 435 2990 directum
448 2927 671 2990 considentem
692 2928 894 3010 Imperatoris
919 2929 954 2992 in
980 2931 1136 3013 singulari
1163 2933 1293 2998 suborta
1308 2955 1382 3000 con-

87 3037 244 3114 troversia,
261 3034 304 3098 ad
316 3036 411 3119 cujus
425 3033 646 3101 definitionem
668 3051 733 3100 non
757 3034 906 3100 videntur
920 3037 1131 3120 Imperatores
1146 3040 1241 3104 iidem
1257 3061 1379 3110 novum

88 3142 257 3223 quoddam,
271 3151 304 3204 et
318 3141 466 3223 generale
475 3144 529 3226 jus
554 3141 764 3223 constituisse,
790 3143 838 3208 uti
862 3145 960 3210 verba
974 3146 1046 3227 ipsa
1060 3147 1202 3229 rescripti
1217 3146 1310 3212 facilc
1326 3149 1379 3213 de·

88 3259 271 3314 monstrant.
316 3249 412 3312 Porro
440 3249 563 3329 suadet,
594 3261 679 3314 reeta
701 3251 915 3335 inerpretatio
943 3255 1167 3338 rescriptorum
1196 3276 1262 3320 non
1290 3270 1377 3324 esset

88 3356 149 3437 ista,
165 3359 355 3441 praesertim
379 3376 457 3422 cum
478 3357 594 3440 privati
618 3353 766 3444 alicujus'
779 3362 972 3444 propositam
996 3383 1133 3428 causam
1157 3376 1310 3448 spectant,
1335 3371 1379 3434 ad

87 3467 161 3530 alias
176 3467 303 3550 species
317 3466 530 3530 extendenda.
574 3468 775 3549 Propositum
799 3481 868 3534 erat
891 3470 1035 3536 solemne
1059 3471 1182 3538 iactum
1203 3451 1302 3540 luisse
1319 3488 1378 3542 tes·

84 3589 260 3644 timentum
275 3580 317 3642 ab
331 3597 377 3657 eo,
391 3579 448 3660 qui
472 3559 799 3662 decimumquartum
814 3583 928 3646 aetatis
943 3603 1069 3660 annum
1083 3598 1271 3668 excesserat,
1287 3589 1375 3654 dein-

85 3685 120 3750 de
134 3701 208 3772 post
220 3687 356 3770 aliquod
371 3700 497 3771 tempus
511 3689 641 3753 obierat
684 3690 753 3762 Qui
768 3691 809 3754 ab
824 3691 972 3756 intestato
984 3690 1217 3782 haereditatem
1241 3700 1376 3780 petebat,

84 3801 250 3886 allegabat,
265 3802 399 3884 tempori
414 3801 596 3866 testamenti
611 3801 755 3866 nondum
766 3803 799 3866 in
809 3813 957 3868 testatore
971 3808 1139 3872 emersisse
1151 3808 1268 3889 vigoris
1284 3811 1377 3874 vesti·

84 3913 138 3994 gia,
153 3911 236 3974 sorte
250 3908 407 3992 probandi
421 3909 616 3974 contrarium
629 3909 663 3974 in
688 3909 859 3976 haeredem
885 3913 1040 3996 scriptum
1061 3914 1289 4007 obligationem
1303 3933 1377 3978 oon·

84 4023 192 4088 larena.
225 4021 741 4104 .Quidmirum‚si1mperatores
765 4024 989 4106 rescripserint,
1014 4024 1132 4088 irustra
1155 4037 1312 4107 agnatum
1326 4043 1377 4088 co-

83 4135 162 4208 nari'l
206 4132 457 4196 Testamentum
467 4141 536 4194 erat
545 4141 677 4218 certum:
688 4143 775 4196 certa
789 4134 1023 4197 erattestatoris
1038 4147 1136 4214 aetas,
1151 4153 1236 4216 quae
1251 4152 1377 4198 animm

82 4241 241 4306 decimum
255 4251 408 4322 quartum
423 4239 607 4304 excedebat
619 4237 624 4250 '
651 4243 704 4310 Au
718 4243 834 4326 vigoris
845 4248 1050 4310 emersissent
1061 4245 1204 4328 vestigia,
1218 4246 1377 4308 incertum

84 4349 189 4416 inerat
233 4351 299 4416 Ubi
313 4349 345 4413 id
361 4351 549 4415 versabatur
562 4351 596 4414 iu
611 4350 717 4430 dubio,
743 4352 853 4418 lavore
876 4358 1057 4420 testamenti
1072 4357 1154 4419 alias
1168 4355 1245 4418 certi
1269 4353 1377 4417 rasori·
1415 4367 1420 4378 ⁴

82 4459 148 4524 bare
171 4459 358 4544 religiosum
382 4469 459 4526 crat
502 4459 547 4523 At
571 4459 659 4526 enim
683 4462 781 4530 etiam
809 4464 839 4528 si
863 4465 1065 4546 constitisset,
1090 4463 1230 4530 necdum
1257 4463 1377 4547 vigoris
