3276 4984
144 393 296 440 ououooo
310 397 349 442 nr
368 397 540 463 courcero
553 397 1126 484 ⁰9⁸4FWWF¹019⁰NTM9Tu
1143 402 1189 448 ea
1206 403 1359 448 sacuam.
1393 385 1434 448 35

143 539 191 584 nec
203 521 646 612 scmtatianimedrertcrunt,
659 523 1031 608 clandestinaconjugia,
1046 545 1085 588 ea
1100 525 1262 604 nimirum,
1279 545 1363 608 quae
1378 542 1434 590 no·

141 631 215 694 mine
240 650 282 694 ex
307 631 534 698 Sacerdotibus
563 642 730 716 praesente
759 631 882 720 fierent,
911 631 1096 698 firmitatem
1110 631 1297 711 obtinuisse,
1313 651 1383 714 cap.
1399 631 1429 696 3·

140 737 174 800 de
185 739 333 827 clandest
347 739 509 824 despons.,
522 759 591 824 cap.
608 741 653 806 15.
671 751 702 814 et
716 741 766 802 21.
783 739 823 802 de
838 739 989 822 sponsat,
1019 736 1140 805 Concil.
1185 737 1332 802 Trident.
1349 757 1430 803 sess.

138 845 180 908 et
193 846 231 908 de
253 846 323 912 Res.
353 850 491 914 matrim.
506 869 576 931 cap
608 850 645 928 1.,
662 849 761 914 immo
775 849 873 912 etiam
898 861 970 929 post
999 846 1181 915 Concilium
1196 845 1428 912 'I'nderrtinom

137 971 172 1016 ex
184 965 305 1036 recepta
332 955 478 1040 eiusdem
507 955 643 1020 Concilii
672 957 931 1038 interpretatione
959 975 1025 1020 non
1053 974 1123 1017 esso
1139 953 1365 1033 necessarium,
1392 969 1432 1020 ut

137 1061 363 1129 matrimonium
377 1063 539 1142 consistat,
555 1064 746 1144 Parochum,
762 1076 820 1141 aut
834 1061 923 1127 aliud
933 1063 1139 1128 Sacerdotem
1156 1063 1252 1127 verba
1267 1065 1298 1126 in
1316 1063 1428 1128 Ritua·

138 1167 209 1234 libus
222 1173 415 1258 praescripta
440 1171 584 1258 prolerre,
600 1173 657 1236 sed
673 1171 827 1254 sufficere,
858 1173 1040 1238 Parochum
1068 1193 1138 1236 esse
1169 1185 1376 1255 praesentem,
1392 1169 1428 1235 li·

138 1292 178 1342 cet
190 1279 264 1346 sorte
277 1282 378 1346 etiam
392 1282 598 1348 contradicat.
609 1358 613 1374 .
624 1283 663 1349 In
678 1291 853 1366 conspectu
869 1279 1021 1344 laudatae
1036 1299 1093 1345 seu
1111 1279 1233 1357 veteris,
1249 1297 1307 1340 seu
1322 1275 1430 1342 novis·

137 1393 223 1456 simae
250 1393 452 1480 disciplinae,
467 1413 502 1458 se
519 1373 674 1478 palmam¹
689 1391 845 1478 praeferre
860 1394 1064 1474 arbitramur,
1083 1411 1147 1455 non
1163 1391 1259 1470 eninr,
1276 1393 1367 1473 ajunt
1382 1397 1429 1471 lp·

136 1517 166 1576 st,
178 1501 415 1570 matrimonium
443 1503 589 1579 consistit
616 1503 686 1568 sine
715 1503 870 1586 ministrm
901 1521 959 1566 nec
989 1517 1154 1586 propterea
1165 1511 1223 1565 aut
1233 1501 1429 1563 constitisset

136 1611 208 1692 olim,
223 1631 289 1676 nou
305 1623 472 1694 praesente
500 1612 681 1690 Sacerdote,
696 1623 753 1674 aut
781 1611 968 1678 consisteret
983 1611 1086 1690 hodie,
1103 1607 1270 1693 praesente
1294 1607 1427 1690 quidem

137 1719 272 1786 sednihil
301 1721 437 1800 dicente,
465 1722 545 1788 sorte
573 1721 672 1786 etiam
701 1721 948 1800 contradicente,
977 1722 1006 1784 si
1032 1708 1190 1786 Sacerdos
1220 1719 1364 1782 minister
1379 1737 1426 1779 es

136 1837 181 1888 set
182 1827 376 1899 Invictum
390 1829 514 1914 plane
500 1827 581 1894 soret
574 1831 779 1918 hujusmodi
792 1840 1029 1931 argumentum,
1045 1829 1169 1912 quoties
1178 1825 1303 1927 probari
1318 1827 1426 1916 etiam

136 1945 233 2014 posset,
250 1929 398 2000 mentem
412 1937 550 2024 Concilii
561 1959 638 2026 pam
650 1937 758 2022 fuisse,
777 1950 810 2005 ut
835 1939 1078 2020 matrimonium
1107 1951 1247 2002 autnon
1279 1957 1427 2020 praesen-

136 2049 248 2125 tepost
238 2064 301 2122 ea,
330 2043 388 2114 sed
416 2045 499 2115 nihil
528 2039 663 2128 dicente,
692 2043 749 2112 a'ut
768 2047 1014 2120 contradicente
1052 2049 1197 2112 Paroclro
1226 2043 1426 2114 celebratum

135 2149 239 2219 valeret
253 2171 321 2219 non
338 2122 445 2218 stilum
460 2155 507 2218 uti
521 2167 713 2239 conceptue,
730 2157 787 2226 sed
816 2157 916 2254 etiam
946 2159 994 2222 uti
1010 2159 1266 2281 Sacramentum,
1283 2157 1426 2240 quadis

135 2259 271 2327 tinctione
289 2275 338 2326 uu
351 2263 455 2328 solent
479 2233 522 2330 ad
547 2264 747 2358 eludendum
776 2279 1013 2350 argumentum,
1044 2252 1110 2363 qui
1131 2279 1242 2332 contra
1271 2265 1424 2330 sirtiunt.

135 2367 776 2468 llerrrmethocdetpdustrereconantur,
794 2377 882 2476 qui¹
877 2377 1118 2478 contrahentes
1147 2375 1238 2474 ajunt
1267 2393 1337 2437 esse
1348 2369 1424 2437 Sa

132 2482 274 2563 crementi
293 2481 504 2578 ministros,
478 2493 509 2548 et
524 2483 661 2567 quidem
670 2487 761 2568 gravi
786 2485 914 2564 ratione,
930 2481 1036 2590 qualis
1052 2467 1093 2548 eir
1123 2483 1199 2568 ipsis
1229 2485 1325 2546 etiam
1342 2469 1427 2544 Con-

132 2590 187 2654 orlu
200 2593 387 2661 Tridentini
402 2595 515 2686 verlps
536 2594 715 2685 deducitur.
759 2596 891 2694 Etenim
921 2597 1032 2660 Patres
1061 2593 1209 2698 Trident
1202 2595 1247 2661 mi
1276 2596 1309 2656 in
1339 2593 1425 2655 dicto

131 2714 190 2780 cap.
203 2699 453 2780 actandestma
482 2704 694 2796 matrimonia,
711 2723 794 2789 quae
795 2682 951 2808 εοίιιιιι
962 2703 1039 2767 olim
1069 2706 1138 2766 sine
1166 2702 1349 2796 praesentia
1364 2702 1425 2765 Pa-

132 2812 447 2894 concelebrantur,
476 2822 555 2879 reta
565 2823 602 2879 et
611 2835 690 2882 vere
704 2815 909 2896 matrimonia
937 2813 1046 2893 fuisse,
1076 2809 1237 2890 dixerunt,
1248 2799 1425 2892 quamdiu

133 2919 269 2991 Ecclesia
300 2925 387 3018 irritu¹
414 2943 481 2991 nou
510 2923 636 3022 fecerat.
695 2923 887 3018 Equidem
892 2923 946 2988 ubi
977 2918 1220 3025 matrimonium
1250 2919 1425 2986 dumtaxat

132 3045 306 3101 contractus
319 3045 376 3114 ast,
390 3057 506 3102 oerum
520 3011 764 3129 matrimonium
779 3033 847 3098 dici
871 3033 1035 3120 potuisset,
1051 3016 1117 3096 non
1117 3005 1242 3096 iamin
1257 3029 1355 3094 etiam
1371 3051 1427 3093 rn-

132 3148 201 3220 trun,
216 3143 335 3230 saltem
349 3153 522 3230 postquem
533 3144 601 3226 teg
589 3145 693 3231 ttimi,
702 3114 739 3208 et
754 3152 808 3208 rot
810 3145 822 3211 i
837 3140 1032 3208 matrimonii
1047 3141 1209 3206 distinctio
1224 3139 1335 3235 apud
1327 3141 1427 3204 luter·

133 3262 222 3331 protes
237 3271 413 3332 canonum,
429 3262 461 3314 et
475 3251 662 3335 Theolegos
676 3252 762 3316 facta
788 3249 858 3331 fuit,
888 3263 919 3315 et
948 3263 1061 3318 ratum
1090 3247 1173 3314 illud
1203 3249 1331 3314 tantum
1360 3267 1429 3312 mo-

134 3359 309 3426 trimonium
324 3359 514 3445 diciooepit,
544 3361 629 3444 quod
647 3373 730 3426 esset
758 3363 1016 3442 Sacramentum
1047 3383 1141 3426 secus
1170 3361 1275 3426 dicere
1305 3371 1428 3442 oporte-

133 3479 178 3546 ret,
192 3469 404 3534 Tridentinos
418 3469 529 3534 Patres
556 3476 614 3534 aut
642 3459 807 3554 ignorasse
835 3466 1014 3534 doctrinam
1042 3473 1248 3551 caeteroquin
1263 3472 1297 3534 in
1312 3471 1426 3553 vulga·

136 3579 335 3662 riprudentia
363 3583 510 3666 positam,
540 3593 598 3648 aut
622 3584 759 3648 seientes
788 3581 963 3666 prudentes
985 3593 1147 3666 receptam
1175 3582 1425 3663 verborumsig·

135 3691 341 3758 dicationem
357 3691 449 3774 sequi
472 3691 613 3755 voluisse
641 3691 676 3755 in
706 3691 890 3756 sanciendis
905 3691 1092 3770 moenium,
1122 3709 1207 3772 quae
1235 3688 1350 3768 dicore,
1365 3687 1430 3750 mi-

138 3817 185 3866 uus
211 3813 468 3866 consentaneum
496 3811 552 3864 est.
596 3801 632 3865 Si
660 3799 743 3870 sorte·
767 3817 966 3884 quemquam
994 3801 1040 3864 ita
1066 3807 1188 3864 teneret
1216 3799 1297 3863 heac
1320 3799 1426 3863 obser-

138 3911 215 3991 ratio,
233 3924 269 3978 ut
283 3913 361 3976 huic
390 3910 532 3994 opinioni
545 3907 858 3974 exindenecessario
886 3906 1154 3973 subscribendum
1183 3914 1317 3993 putaret,
1343 3918 1426 3983 qua·

136 4017 275 4086 sintdlus
303 4020 445 4104 amplius
473 4019 564 4082 locus
587 4017 798 4102 disputationi
827 4019 973 4101 supersit,
998 4017 1193 4102 rogoillum,
1223 4024 1260 4076 ut
1287 4010 1420 4075 alterius

133 4129 275 4214 observet,
303 4135 374 4198 rati
400 4131 541 4215 conjugii
569 4149 687 4196 nomeu
703 4151 759 4214 pro
787 4132 998 4196 Sacramento
1012 4129 1153 4214 conjugii
1170 4125 1324 4209 usurpari,
1340 4139 1420 4203 quo-

135 4237 184 4302 ties
196 4245 364 4325 opponitur
389 4242 548 4326 legitimo,
571 4241 670 4326 juxta
695 4241 878 4331 capitulum
906 4243 934 4306 t.
950 4240 992 4308 de
1007 4240 1161 4306 divortiis:
1176 4249 1210 4302 at
1224 4234 1347 4320 quoties
1362 4246 1417 4312 op-

135 4360 258 4428 ponatur
270 4353 376 4430 irrito,
391 4369 493 4433 aeque
507 4349 622 4430 referri,
638 4369 713 4416 meo
720 4351 850 4438 judicio,
876 4363 979 4438 potest
993 4352 1035 4419 ad
1050 4351 1191 4436 conjugii
1206 4355 1416 4412 contractum:

33 4499 34 4552 }
134 4449 297 4531 inundato
312 4467 422 4542 autem
438 4455 630 4550 Tridentino
644 4458 749 4544 capite
763 4469 870 4553 ratum
895 4460 1066 4553 opponitur
1080 4459 1173 4542 irrito,
1189 4455 1242 4522 ibi:
1279 4450 1370 4551 Veqa,
1387 4469 1421 4527 et
