3216 4988
204 400 269 464 262
437 421 527 466 raas
545 421 670 480 rarus,
693 423 931 468 orssua'mrro
955 391 1104 483 aursus,
1124 423 1200 466 car.
1227 403 1282 467 tv.

206 542 323 608 usuris:
340 552 371 602 et
397 541 545 621 divitum,
559 546 748 630 praesertim
771 555 992 622 utercutorum,
1008 545 1064 625 qui
1081 565 1122 608 ex
1136 543 1324 626 acceptioue
1345 548 1440 608 mutui
1452 545 1466 609 l
1479 583 1486 594 -

197 649 267 712 ‚uile
294 651 523 730 patrimonium
550 669 647 713 suum
674 652 884 732 amplificant,
911 659 931 715 a
958 653 1077 732 quibus
1104 671 1223 716 usurae
1250 651 1335 715 recte'
1356 665 1489 735 petantur.

205 757 398 822 Usurarium
416 757 476 820 hoc
492 758 632 837 sistente,
660 779 724 839 quo
740 770 806 821 tota
824 765 940 822 usurae
956 759 1141 840 improbitas
1157 758 1377 822 consideratur
1391 778 1491 841 respec-

205 881 238 930 tu
264 868 402 946 illorum,
426 869 544 949 quibus
570 870 709 950 pecunia
735 871 884 946 creditur,
912 869 1004 932 nulla
1020 869 1133 931 habita
1158 871 1280 932 ratione
1304 869 1492 960 credentium,

204 976 335 1058 plorimi
349 997 391 1039 ex
414 977 587 1040 haereticis
603 978 809 1058 scriptoribus
839 980 1027 1058 patrocinati
1045 990 1131 1056 sunt,
1159 980 1240 1040 inter
1255 991 1395 1042 caeteros
1415 980 1491 1042 Clau-

205 1089 280 1150 dius
296 1087 478 1151 Salmasius
505 1089 538 1150 iu
555 1087 635 1150 libro
650 1088 690 1150 de
707 1089 822 1167 usuris,
848 1101 881 1152 et
897 1091 928 1150 in
946 1089 1026 1150 libro
1042 1089 1082 1150 de
1099 1080 1283 1172 trapezitieo
1299 1089 1431 1170 soerrore3
1447 1091 1492 1152 uti·

206 1215 284 1260 nam
300 1207 410 1258 autem
426 1193 549 1258 eisdem
566 1211 661 1256 nemo
676 1215 717 1258 ex
734 1195 911 1258 Catholicis
927 1195 1178 1276 subscripsisset.
1213 1195 1354 1258 Istorum
1368 1196 1493 1258 omuiuro

206 1317 401 1386 argumenta
417 1303 608 1384 speciosiora
624 1303 736 1385 pausis
751 1306 987 1385 expendamus.
1011 1305 1132 1388 ,Ajunr
1148 1305 1314 1386 imprimis,
1330 1325 1372 1367 ex
1387 1304 1494 1366 datione

206 1413 312 1474 mutui
329 1411 559 1474 mercatoribus
577 1409 662 1472 lacta
677 1412 741 1474 sub
756 1413 865 1474 usuris
882 1391 1046 1493 publicam
1061 1415 1329 1476 commerciorum
1346 1413 1495 1476 utilitatem

206 1519 326 1600 augeri,
350 1533 512 1600 quatenus
529 1517 646 1584 diuites
673 1531 864 1582 mercatores
889 1523 1032 1603 acceptis
1048 1524 1171 1586 mutuis
1197 1521 1407 1604 ingentiorem
1431 1539 1495 1582 mer·

205 1630 293 1690 cium
310 1629 437 1708 copiam
453 1625 613 1702 adferunt,
629 1643 711 1706 quos
723 1627 959 1706 aequissimum
975 1629 1023 1706 sit,
1041 1630 1188 1692 trientem
1199 1647 1252 1689 ex.
1269 1645 1315 1708 gr.
1334 1625 1496 1688 usurarium

206 1736 339 1813 solvere,
356 1737 435 1798 dnm
452 1736 512 1816 ipsi
529 1735 613 1797 ultra
627 1735 840 1796 centesimam
855 1734 971 1797 lucrari
987 1733 1156 1798 commode
1171 1746 1317 1816 possunt3
1343 1753 1381 1796 ao
1395 1745 1498 1816 propte·

207 1859 261 1902 rea
276 1860 340 1902 non
357 1842 418 1902 uisi
437 1853 554 1904 temere
570 1841 742 1921 improbari
757 1853 968 1921 contractum,
984 1843 1041 1922 qui
1057 1855 1088 1904 et
1104 1842 1252 1923 publicae
1274 1843 1330 1920 rei,
1346 1851 1376 1904 et
1392 1841 1499 1920 utrique
1573 1877 1574 1886 κ

207 1969 249 2012 ex
261 1948 526 2028 contrahentibus
538 1947 794 2010 emolumentum
807 1946 939 2010 adferat.
970 1949 1107 2030 Insuper
1119 1947 1255 2023 addunt,
1274 1946 1426 2027 permisso
1438 1963 1496 2006 usu·

210 2073 318 2116 rarum
335 2053 433 2128 lucro,
450 2053 655 2114 occasionem
671 2053 886 2136 locupletibus
901 2053 1054 2134 exhiberi,
1084 2073 1125 2118 ne
1139 2055 1275 2116 otiosam
1291 2055 1465 2134 pecuniam,
1477 2063 1502 2111 et

211 2161 357 2223 thesauri
373 2161 473 2222 instar
486 2157 729 2224 delitescentem
745 2161 941 2242 possideant,
959 2162 1046 2225 unde
1061 2161 1197 2223 avaritia
1213 2159 1370 2224 foveatur.
1414 2157 1504 2218 Usum

208 2289 340 2355 quoque
364 2267 522 2352 pecuniae
537 2270 636 2351 pretio
661 2271 825 2334 aestimari
840 2271 956 2334 debere
984 2269 1123 2348 tradunt,
1149 2269 1244 2351 cujus
1261 2270 1305 2330 rei
1328 2275 1503 2349 argumento
1577 2242 1578 2286 t

210 2370 323 2444 utilem
337 2397 408 2442 esse
435 2377 642 2442 ususfructus
658 2380 690 2442 in
708 2389 878 2442 numerata
894 2379 1033 2459 pecunia
1058 2376 1322 2440 constitutionem
1345 2394 1386 2436 ex
1401 2373 1503 2436 Roma-

210 2491 263 2554 uis
279 2490 404 2572 legibus
431 2489 663 2552 demonstrant.
707 2487 792 2552 Sunt
807 2497 980 2570 praeterea,
1007 2485 1065 2567 qui
1086 2485 1208 2548 dicunt.
1235 2484 1269 2546 in
1292 2493 1407 2546 mutuo
1421 2477 1506 2542 domi·

211 2601 304 2664 nium
321 2619 385 2662 uon
413 2597 560 2678 trasferri3
587 2615 726 2678 eamque
741 2597 782 2658 ob
798 2613 865 2658 rem
888 2615 953 2658 non
969 2613 1156 2676 repugnare,
1178 2602 1215 2654 ut
1230 2590 1398 2654 creditore
1412 2609 1442 2650 re
1456 2601 1509 2648 soa

211 2709 336 2774 fructus
352 2707 514 2792 percipiat,
542 2707 637 2788 quasi
653 2707 714 2768 sub
740 2704 871 2768 nomine
887 2703 992 2765 mutui
1009 2701 1160 2764 videatur
1180 2698 1344 2782 quaedam
1359 2705 1508 2760 contracta

213 2821 371 2901 pecuniae
388 2819 513 2898 locati03
531 2818 585 2879 alii
602 2827 720 2894 autem,
737 2814 811 2876 lic'et
826 2811 996 2897 fateantur,
1019 2809 1182 2872 transferri
1197 2807 1380 2870 dominium
1394 2805 1435 2867 rei
1450 2819 1508 2864 mu·

212 2944 268 2995 tuo
283 2929 457 2994 concessae
472 2931 504 2992 irr
521 2927 705 3004 debitorem,
721 2945 759 2986 eo
775 2925 845 3006 ipsu
861 2921 1069 2998 concludunt,
1089 2919 1183 3000 quasi
1198 2918 1393 2999 emptionem
1410 2909 1509 2974 reodi-

214 3039 335 3099 tionem
351 3045 521 3117 emergere,
537 3035 582 3096 ita
597 3045 633 3096 ut
648 3028 784 3098 creditor
792 3033 848 3115 jus
874 3029 993 3094 emisse
1008 3027 1157 3102 videatur
1171 3037 1293 3088 certam
1309 3021 1509 3105 quantitatem

172 3147 191 3160 “
214 3157 335 3208 statuto
350 3158 492 3226 tempore
518 3143 678 3224 exigendi,
694 3153 724 3203 et
741 3142 863 3202 interea
883 3149 988 3202 certas
1006 3155 1130 3201 usuras.
1174 3133 1275 3203 Quod
1291 3133 1321 3194 si
1343 3127 1510 3212 aequalitas

216 3255 292 3333 dati,
320 3265 351 3316 et
378 3249 501 3332 accepti
527 3261 651 3331 semper
676 3223 959 3324 esset-servanda,
982 3245 1156 3305 observant
1181 3239 1241 3320 ipsi
1262 3247 1371 3299 actum
1398 3251 1464 3294 esse
1478 3229 1511 3290 de

216 3365 417 3442 commercio,
444 3373 476 3423 et
490 3361 530 3423 de
556 3372 736 3422 mercatura
762 3359 843 3419 iuter
869 3353 1026 3431 homiues,
1055 3369 1132 3413 cum
1147 3347 1259 3411 nullus
1280 3346 1321 3406 sit
1337 3341 1509 3423 negotiator,

218 3478 274 3560 qui
291 3479 370 3539 tanti
385 3473 522 3536 vendere
534 3491 601 3536 rem
612 3469 763 3532 venalem
779 3461 961 3548 expositam
974 3461 1059 3540 velit,
1076 3457 1190 3542 quanti
1205 3457 1273 3537 ipse
1288 3453 1408 3516 emerit.
1430 3443 1512 3562 Quid

218 3586 327 3670 plural
363 3583 431 3646 Nee
447 3597 612 3643 sacrarum
627 3577 689 3660 ipsi
708 3575 871 3638 literarum
888 3568 1115 3645 monumentis,
1140 3583 1197 3626 nee
1213 3562 1348 3624 Petrum
1363 3555 1513 3668 ecciesias-

219 3697 356 3759 ticorum
371 3690 524 3758 doctrinis
540 3699 685 3772 parcunt.
721 3681 890 3746 Proserunt
906 3682 938 3742 in
954 3677 1100 3740 medium
1115 3691 1185 3754 cap.
1201 3669 1251 3732 23.
1274 3669 1514 3730 Deuteronomu,

160 3775 165 3784 Ι
220 3807 253 3867 in
269 3823 342 3886 quo,
360 3803 432 3866 licet
459 3801 596 3862 uetitum
611 3797 630 3859 J
634 3793 746 3859 udaeis
771 3789 877 3870 fuerit,
902 3805 944 3850 ue
960 3785 1110 3848 fratribus
1136 3778 1323 3861 pecuniam·
1337 3773 1379 3834 ad
1395 3781 1515 3833 usuram

221 3913 336 3977 darent
350 3911 391 3976 ob
406 3910 613 3996 singularem,
640 3917 674 3968 et
688 3913 837 3965 mutuam
853 3889 1099 3968 inrer'Jodaeos,
1116 3888 1208 3969 quasi
1224 3885 1258 3946 iu
1273 3883 1388 3945 eadem
1404 3873 1516 3941 familia

222 4019 402 4084 arctissima
418 3996 657 4080 necessitudine
672 4011 806 4088 junctos,
823 3999 1038 4066 exercendam
1059 3996 1259 4068 charitatem,
1277 3989 1465 4072 permissum
1480 3991 1516 4039 ta·

223 4147 297 4194 meo
314 4129 456 4210 adparet,
476 4135 510 4188 ut
526 4120 704 4196 abellanis,
722 4117 791 4178 sive
807 4113 849 4176 ab
864 4109 1025 4173 extraneis
1042 4123 1141 4170 usura
1155 4111 1323 4184 peteretur.
1362 4091 1519 4157 Proferoat

224 4237 412 4321 parabolam
439 4231 675 4313 Evangelicam
702 4223 862 4288 Matthaei
878 4211 947 4300 cap.
977 4217 1036 4291 15,
1053 4213 1163 4276 Lucae
1178 4227 1248 4289 cap.
1274 4205 1333 4283 19,
1349 4203 1381 4265 in
1397 4218 1459 4281 qua
1473 4193 1519 4313 ob

220 4350 370 4429 jurgatus
385 4357 433 4406 est
449 4345 591 4404 servuss
608 4337 748 4412 domino,
764 4328 851 4414 quod
866 4325 1037 4410 pecuniam
1055 4339 1172 4384 usurae
1187 4335 1288 4380 causa
1304 4305 1521 4375 nrrmmularus

226 4475 290 4518 non
306 4453 525 4517 concessisset.
574 4445 747 4528 Explicant
764 4441 861 4503 rerba
888 4428 1165 4504 Ohristi'Domini,
1192 4423 1304 4487 Lucae
1319 4436 1387 4494 cap.
1406 4411 1432 4474 6.
1450 4405 1520 4472 Mu-
