3120 4980
217 461 259 510 ns
274 457 518 517 cossanum,
534 453 604 502 rna
628 448 805 509 mennas,
822 439 1176 494 enneacrunos.
1304 415 1346 482 55

85 583 180 662 deinde,
194 586 251 650 iruc
266 583 441 648 adiceretur
453 595 559 643 onnon
575 577 604 640 7.
620 591 709 638 caus.
725 573 753 636 li.
768 579 894 653 quaest.
914 569 953 646 6.,
970 566 1104 650 pertinet
1117 564 1205 626 enim
1219 560 1262 624 ad
1277 557 1347 624 Μο-

85 697 178 760 rubos
199 691 370 758 deserentes
395 688 532 754 erimina
557 680 794 748 Menaenorum
819 677 908 761 apud
923 675 1125 758 Praepositae
1143 669 1346 747 Monaetcrio,

84 819 157 882 peres
169 819 241 881 quos
256 797 348 861 nulia
372 805 450 860 tuno
465 803 532 856 erat
547 789 677 873 publica
702 787 918 852 ecclesiastiea
933 795 1082 868 potestas,
1108 802 1146 846 ac
1157 779 1348 864 jurisdictio.

84 907 216 970 iitrerera
243 915 315 968 utut
329 919 434 968 conon
461 901 515 966 illc
531 900 688 962 tribuatur
709 907 845 958 ocmvae
858 893 1003 978 Synodo,
1029 900 1224 956 monuerunt
1238 900 1348 954 tamen

82 1015 248 1078 ibrroctores
261 1011 409 1090 Romani,
426 1009 534 1074 verius
557 1005 762 1072 tribuendum
779 1003 880 1066 inisse
903 1000 1048 1082 Regulae
1065 996 1299 1063 Menaenorum
1313 993 1348 1058 S.

80 1126 174 1190 Isidoro
195 1124 382 1205 adscriptae.
427 1121 610 1200 Utrumque
634 1133 793 1180 canonem
807 1131 867 1194 ego
891 1108 1040 1208 expendo
1055 1109 1089 1172 in
1109 1107 1189 1170 meis
1204 1102 1350 1168 animad-

81 1238 251 1304 versionibus
265 1236 301 1300 in
316 1233 469 1298 Oodicem
484 1229 641 1294 Gratiani.
676 1226 789 1292 PotIus
803 1225 870 1288 huo
885 1221 992 1286 referri
1007 1231 1115 1302 posset
1128 1235 1200 1282 can.
1216 1217 1244 1280 5.
1260 1233 1348 1279 caus.

78 1323 99 1410 tl
111 1359 220 1427 quaest.
235 1346 274 1424 6.,
300 1345 335 1408 in
350 1363 415 1424 quo
431 1361 493 1406 nou
511 1337 670 1404 Hadriani
683 1337 845 1400 sententia
869 1330 1076 1416 agnoscenda
1091 1337 1147 1402 est,
1164 1325 1222 1392 sed
1235 1324 1351 1388 cerreti·

78 1459 140 1520 tutio
152 1453 353 1520 Constantini
368 1450 571 1533 Imperatoris
591 1447 702 1510 adhue
718 1443 877 1519 Aethnici,
893 1441 978 1504 edita
994 1457 1080 1502 auno
1096 1437 1176 1513 319,
1197 1453 1282 1516 quae
1296 1433 1354 1496 ira·
1406 1463 1412 1474 ·

77 1559 190 1627 betrrrin
206 1560 225 1626 l.
241 1561 272 1624 2.
285 1559 361 1624 ced.
374 1558 538 1624 'Pireodos
554 1556 595 1620 de
610 1553 823 1638 petitionibus,
839 1548 1067 1616 recentioribus
1081 1543 1355 1610 soecuiisGotho·
1430 1579 1433 1586 .

77 1687 132 1734 nun
144 1689 241 1734 mortu
256 1669 452 1750 depravata.
498 1667 617 1728 ilerum
632 1674 664 1726 et
686 1664 751 1728 iate
776 1661 830 1726 lex
842 1658 1018 1742 singularis
1033 1667 1109 1734 erat,
1135 1665 1167 1718 et
1187 1653 1355 1736 spectabat

76 1776 211 1846 baares
227 1778 309 1856 iilos,
324 1777 379 1858 qai
396 1787 467 1860 post
480 1776 603 1840 victum
618 1779 638 1838 d
653 1771 875 1848 Cmrstantino,
891 1768 1070 1832 attractum
1086 1765 1292 1832 Maxentium
1307 1772 1356 1844 ty·
1429 1797 1432 1806 ι

76 1901 194 1948 nurum
209 1883 331 1951 deferre
346 1883 524 1956 voluissent
549 1901 591 1944 ex
605 1879 734 1957 odiqct
749 1877 915 1942 inimicitia
940 1876 1028 1958 apud
1043 1873 1271 1955 Imperatorem
1291 1868 1356 1935 vlo·

76 1999 154 2052 uren
168 2009 232 2068 cos,
247 1991 304 2070 qui
315 1989 439 2070 pridem
456 1989 622 2062 Maxentio
636 1987 869 2066 muratam,
884 1981 1162 2067 quemadmodum
1187 1979 1280 2044 docet
1295 1979 1358 2042 Go·
1414 2051 1423 2058 Η

76 2096 225 2163 auredus
240 2098 274 2160 in
284 2099 354 2162 stris
368 2097 704 2162 aniuradversiouibus
721 2097 754 2158 in
770 2095 940 2161 laudatum
964 2093 1094 2160 titulum
1115 2089 1236 2156 codicis
1250 2089 1358 2154 Theo-

75 2203 183 2270 dmiani
197 2205 238 2268 de
264 2206 478 2288 petitionibus
519 2195 648 2270 Revera
661 2203 743 2266 boec
758 2205 828 2286 ipsa
845 2203 896 2266 lex
922 2217 1123 2284 quamquam
1143 2197 1313 2278 deinde—in
1324 2197 1360 2262 li-

75 2310 133 2374 bros
157 2311 394 2396 Capitulariutn
419 2313 620 2378 Francorum
646 2311 747 2376 relata
771 2311 875 2390 fucrit,
902 2322 1012 2376 tamen
1028 2322 1085 2378 aut
1099 2327 1280 2392 numquam
1296 2325 1360 2374 usu

75 2431 191 2503 sarepta
200 2431 256 2501 est,
283 2431 340 2487 aut
354 2420 383 2484 si
407 2419 586 2502 aliquando
610 2431 738 2502 recepta
752 2439 818 2492 non
843 2419 901 2483 diu
916 2420 1030 2501 vigrriq
1057 2439 1135 2486 nam
1151 2417 1361 2500 Innocentius

72 2528 120 2594 iil
136 2533 169 2594 in
183 2549 252 2612 cap,
267 2530 297 2592 2.
313 2528 354 2594 de
368 2528 555 2597 calumniat.
573 2529 740 2612 ,praecipit
757 2539 791 2592 ut
805 2528 832 2590 si
848 2526 1055 2594 denuntiator
1076 2527 1231 2590 canonice
1246 2545 1362 2610 purga-

75 2639 161 2702 risset
187 2638 405 2705 innocentiam
419 2657 523 2718 suom,
548 2637 654 2717 idest,
677 2637 971 2716 demonstravisset,
998 2655 1034 2700 se
1049 2655 1115 2702 non
1139 2633 1362 2703 calumniandi

72 2748 172 2810 animo
185 2748 227 2812 ad
241 2745 504 2832 denuntiantium
518 2747 702 2825 accessisse,
718 2765 857 2829 poenam
870 2765 1001 2810 omnem
1015 2745 1173 2824 evaderet,
1189 2746 1217 2810 si
1235 2764 1307 2808 rere
1321 2743 1363 2808 de
1475 2787 1477 2792 -

72 2855 227 2922 calumnia
239 2866 408 2934 construat,
432 2858 474 2922 ab
487 2855 602 2936 officio,
625 2867 656 2920 et
671 2856 827 2922 beneficio
842 2857 1097 2942 suspenderetur.
1143 2857 1249 2920 Hodie
1262 2857 1296 2920 in
1312 2856 1364 2921 tri·

73 2963 380 3044 bunaiibnsobtinet,
396 2975 433 3028 ut
446 2963 653 3032 deuturtiator
667 2964 710 3030 ad
725 2985 885 3048 expcruas
901 2977 1054 3046 teneatur,
1070 2967 1195 3048 quoties
1209 2965 1365 3050 adparue-
1413 3043 1415 3046 ¹

73 3073 115 3152 rit,
128 3095 201 3140 eum
215 3095 272 3160 per
286 3076 486 3140 calumniam
502 3075 754 3153 denuntiavisse,
765 3077 860 3158 juxta
875 3095 921 3154 aa,
937 3095 1021 3158 quae
1037 3076 1133 3140 tradit
1147 3077 1252 3141 Faber
1266 3077 1301 3138 in
1315 3095 1366 3138 co-

72 3177 137 3242 diee
152 3181 218 3246 libr.
231 3183 262 3246 9.
280 3181 325 3244 tit.
339 3181 371 3244 2.
388 3181 485 3246 defin.
501 3182 539 3261 9,
555 3193 587 3244 et
602 3182 665 3256 10„
679 3181 767 3246 unde
780 3180 951 3264 colligitur,
966 3182 1234 3260 denuntiatorem,
1254 3201 1367 3264 quam·

71 3309 175 3372 quam,
189 3293 235 3356 uti
250 3311 349 3375 supra
361 3291 517 3356 traditura
532 3301 589 3371 est,
606 3309 723 3354 nomen
738 3290 909 3354 inscribere
932 3309 999 3370 nou
1012 3303 1166 3370 teneatur,
1182 3291 1367 3375 postulante

73 3406 173 3464 tamea
188 3421 241 3464 reo
254 3401 369 3466 debere
384 3413 632 3466 mouumentum
649 3419 728 3462 suae
743 3399 997 3464 denuntiationis
1018 3403 1052 3466 in
1067 3402 1165 3466 Curia
1180 3401 1368 3483 relinquere,

73 3518 111 3584 ut,
126 3509 327 3574 absolutione
341 3523 461 3588 secum,
488 3509 644 3574 adversus
658 3508 926 3572 calumniatorem
953 3512 1007 3592 agi
1021 3511 1091 3574 sinc
1108 3511 1369 3593 tergiversatione

73 3615 175 3696 possit,
189 3630 382 3700 argumente
397 3617 621 3699 dicti·cap1tuli
634 3618 665 3680 2.
680 3617 722 3680 de
737 3618 960 3686 calumniator.
1031 3679 1035 3686 .

108 3729 209 3797 Quod
224 3731 252 3796 si
266 3732 309 3796 ab
323 3729 530 3812 inquisitione
551 3727 712 3812 judicium
727 3742 873 3812 coepeut,
900 3731 969 3796 sire
985 3737 1198 3817 praecesserit,
1221 3737 1290 3799 sire
1303 3753 1370 3800 non

66 3839 275 3914 praecesserit
287 3837 497 3916 denuntiatio,
525 3857 629 3919 neque
644 3838 732 3919 ipsas
752 3838 865 3922 judicii
882 3840 1046 3924 impensas
1060 3843 1102 3907 ab
1127 3842 1307 3924 inquirente
1323 3861 1370 3906 re·

70 3957 154 4025 petet
175 3967 250 4012 rens
274 3947 453 4028 abscitrtus;
480 3947 563 4010 nihii
586 3947 675 4010 enim
701 3946 933 4029 imputandum
956 3959 1006 4011 est
1020 3948 1194 4030 inquirenti
1214 3945 1369 4026 Praelata,
1453 3954 1458 3962 ’
1538 3923 1539 3968 ³

69 4053 146 4120 dum
162 4060 204 4124 ad
218 4057 546 4124 animadvertendum
560 4058 593 4122 iu
609 4055 805 4122 iacinomsos
820 4059 968 4124 homines
983 4062 1175 4141 gravissimo
1189 4060 1294 4124 officio
1308 4077 1369 4124 suo

69 4173 202 4246 tenetur,
227 4187 288 4232 nec
303 4166 397 4230 facile
411 4165 453 4229 de
479 4166 603 4250 eoeapi
630 4176 732 4250 potest
753 4168 936 4252 conjectura
956 4167 1149 4232 calumniae.
1193 4165 1230 4230 ld
1246 4165 1309 4229 sere
1326 4165 1371 4247 ip-

67 4287 143 4334 sum
160 4271 378 4356 recipiendum
392 4285 441 4337 est
456 4273 490 4338 itt
504 4293 551 4352 eo,
566 4274 622 4355 qui
637 4273 799 4338 cx-officio
814 4273 944 4358 publico
957 4275 1145 4340 arroteritate
1160 4273 1221 4337 sibi
1237 4271 1369 4340 mando·

65 4388 102 4442 to
116 4395 256 4464 accusat,
272 4384 325 4448 vel
340 4385 520 4463 denuntiat,
536 4384 588 4448 vel
603 4396 675 4468 post
689 4384 966 4452 denuntiationem
983 4387 1024 4450 ab
1038 4385 1103 4450 aiio
1117 4383 1245 4466 iactam,
1261 4397 1369 4450 aucto

68 4487 112 4549 ris
127 4503 230 4572 pertas
244 4495 278 4558 in
288 4491 413 4578 judicto
437 4493 583 4574 sustinet,
608 4493 723 4576 quales
738 4505 816 4560 sunt
830 4495 1038 4577 Promotores,
1065 4507 1102 4562 ut
1116 4506 1243 4578 vocent,
1260 4495 1371 4562 Fisce-
