3120 4980
361 377 621 447 ''anruuuaru
643 395 818 443 cararum
834 392 1069 443 suessanus.
1337 371 1396 469 aa·

102 519 197 586 eodem
209 520 350 602 crimine,
374 519 553 602 eademque
568 538 672 602 poena
688 528 845 596 tenautur,
870 536 943 582 can.
959 515 1120 580 naama.
1131 513 1186 580 23.
1201 527 1326 598 quaest.
1341 517 1383 600 8,

103 633 198 716 capa
215 633 262 696 ll.
280 631 328 696 13.
344 651 426 694 vers.
445 629 676 716 Ciedarrtasflde
690 627 868 706 haereticis,
884 646 954 709 cap.
971 625 1001 690 7.
1013 623 1054 688 de
1068 624 1201 690 crimine
1213 623 1295 706 salsi,
1310 645 1380 711 cap.

22 731 24 810 ἶ
102 738 180 804 bist
203 737 381 826 quoquede
404 737 566 817 homicid,
593 748 625 800 et
639 733 716 798 aiibi
742 733 873 818 passim.
916 733 987 804 um
1002 730 1181 812 mandavit,
1207 741 1382 800 utcertuut

100 839 200 914 rumen
215 847 444 927 admitteretur,
459 867 534 911 reus
548 845 694 932 ejusdem
708 845 853 908 criminis
875 853 932 924 est,
948 863 987 908 ac
1002 843 1029 908 si
1044 841 1111 926 ipse
1126 841 1318 924 admisisset,
1333 855 1383 908 est

97 957 167 1025 enim
181 957 410 1038 mandatarius,
436 955 532 1038 quasi
548 953 735 1022 mandantis
751 955 1013 1034 instrumentum,
1035 952 1137 1018 veluti
1151 953 1185 1018 iu
1205 951 1385 1018 homicidio

98 1081 197 1130 uanus
212 1067 369 1148 occisoris,
384 1067 471 1130 dicto
485 1085 556 1149 cap.
581 1065 612 1130 7.
628 1063 669 1128 de
683 1063 773 1128 crim.
798 1061 881 1143 falsi,
897 1078 967 1148 cap.
982 1063 1012 1128 2.
1029 1062 1068 1127 de
1084 1043 1197 1127 Clario.
1223 1074 1384 1148 puguant.

96 1175 244 1256 induello,
263 1177 282 1240 Ι.
309 1177 337 1240 1.
355 1179 378 1244 i.
398 1173 493 1239 IN.
510 1174 550 1238 de
575 1175 611 1237 vi
623 1185 655 1238 et
670 1173 702 1236 vi
717 1191 809 1254 arms
836 1173 982 1236 immoet
1003 1169 1169 1236 mandans
1194 1171 1317 1254 propris
1332 1179 1382 1234 eat

96 1303 180 1348 carisa
193 1285 343 1366 criminis,
360 1287 559 1368 quicumque
573 1295 683 1346 autem
698 1301 833 1348 caturam
847 1281 964 1346 delicto
975 1279 1117 1364 praebet,
1139 1280 1169 1344 is
1184 1297 1257 1344 reus
1272 1277 1380 1344 delicti

94 1398 147 1479 iure
160 1397 415 1482 deprehenditur,
442 1417 512 1480 cap.
531 1397 580 1460 ll.
607 1395 647 1458 de
662 1393 815 1460 homicid.
837 1431 840 1437 ·
856 1393 896 1458 m
912 1395 1140 1458 immoremur
1166 1402 1222 1472 est,
1238 1391 1380 1456 etiamsi

93 1503 298 1568 mandatarius
314 1517 371 1570 aut
397 1503 590 1568 mandatum
605 1515 763 1568 executus
789 1503 923 1567 minima
939 1500 1042 1581 scierit,
1068 1501 1174 1566 autin
1189 1502 1380 1586 exequendo

93 1609 232 1673 mandato
247 1629 313 1676 nou
328 1614 503 1676 servaverit
526 1611 738 1678 formamsibi
753 1619 774 1678 a
790 1611 967 1676 mandante
982 1611 1203 1699 praestituens,
1226 1612 1380 1694 quemad·

91 1719 211 1785 modum
225 1721 252 1784 si
269 1721 431 1784 mandans
457 1722 519 1786 telo
532 1722 700 1786 homiuem
722 1721 825 1786 occidi
841 1720 1037 1801 mandasset,
1054 1719 1106 1783 vel
1121 1719 1216 1802 cium;
1235 1731 1267 1782 et
1281 1720 1381 1784 homo

90 1831 201 1896 occisus
215 1832 309 1899 suerit
325 1833 472 1912 fratibus,
498 1833 551 1898 uel
567 1833 706 1917 pubiice;
733 1831 892 1916 quidquid
909 1832 996 1898 enim
1022 1842 1170 1896 secutum
1183 1843 1241 1911 cst,
1267 1837 1384 1898 etanta

90 1938 255 2004 mandante
270 1941 427 2024 originem
437 1939 579 2020 >duxerin
598 1951 698 2004 totum
708 1937 883 2004 -mnndauti
900 1939 1056 2006 tribuitur.
1101 1939 1145 2002 Et
1159 1957 1268 2002 revera
1282 1957 1379 2004 casus

88 2061 242 2127 emergens
258 2057 381 2130 praeter
405 2047 590 2128 opinionem
605 2047 638 2111 in
655 2067 687 2113 re
711 2045 787 2112 dolo
801 2045 887 2110 sacta
902 2050 1012 2130 agenti
1037 2065 1163 2130 semper
1178 2044 1377 2126 adscribitur,

87 2155 353 2238 quemadmodum
376 2157 533 2242 contingit
548 2159 582 2224 in
606 2179 647 2222 ea
661 2159 776 2243 specie,
803 2159 958 2242 qusquis
973 2157 1046 2224 doio
1072 2158 1150 2222 velit
1163 2158 1306 2222 occidere
1321 2158 1379 2224 Ti·

87 2265 167 2346 tinm,
183 2279 213 2332 et
226 2268 307 2334 dum
331 2277 422 2352 putat
437 2269 565 2334 Titium
579 2267 732 2350 occidere,
757 2268 874 2354 Cajum
889 2269 1014 2334 occidit
1058 2267 1132 2336 Non
1148 2269 1234 2335 idem
1248 2268 1379 2334 evenire

85 2385 154 2458 puto
167 2389 314 2462 respectu
335 2395 458 2458 eorum,
481 2377 726 2460 quicmrsilium
744 2377 917 2444 dederunt.
961 2379 1062 2452 Quod
1079 2390 1113 2443 ut
1132 2380 1302 2466 perspicue
1318 2389 1377 2444 tra·

84 2479 178 2564 datur,
192 2483 432 2550 oboervandum
453 2495 507 2552 est
521 2485 717 2568 praeprimis,
744 2485 823 2568 qnid
835 2485 921 2550 iuter
941 2485 1137 2552 mandatum
1159 2499 1190 2550 et
1205 2487 1377 2554 consilium

82 2589 206 2659 differat.
250 2595 380 2678 Pmpria
393 2595 428 2660 in
446 2595 670 2662 conuentibus
684 2595 877 2662 mandatum
900 2595 1047 2674 dicimus,
1074 2594 1162 2678 quod
1177 2596 1309 2660 interest
1325 2595 1376 2660 vel

82 2701 269 2783 mandantis,
296 2713 354 2766 aut
368 2703 514 2769 extranei
522 2703 722 2786 -ctp'usquam
745 2715 873 2790 praetor
888 2701 1140 2768 mandatarium:
1163 2703 1249 2786 quod
1265 2705 1292 2767 si
1308 2714 1376 2770 tau-

81 2821 145 2876 tum
158 2814 351 2881 mandatarii
366 2813 497 2894 intersit,
519 2825 602 2880 utne
615 2813 788 2878 consilium
815 2815 1005 2900 appellatur,
1021 2819 1047 2886 i..
1060 2817 1088 2882 6.
1103 2817 1203 2882 instit.
1229 2817 1270 2880 de
1286 2835 1376 2884 mau-
1467 2815 1472 2822 ’

80 2917 158 2982 dato.
200 2919 300 2986 Pione
314 2915 398 2984 sicut
424 2921 456 2986 iu
472 2922 689 2991 contractibus
712 2923 804 3004 iliud,
831 2921 920 3006 qtmd
935 2926 1072 3006 interest,
1089 2925 1156 2990 siue
1175 2927 1300 3009 privata
1317 2927 1374 2994 nti-

77 3026 155 3111 iitas,
170 3051 208 3096 ea
222 3043 279 3112 est,
295 3051 380 3115 quae
395 3033 560 3106 mqvetad
575 3035 843 3118 contrahendum
861 3037 904 3100 ita
921 3037 951 3102 in
969 3036 1094 3102 delictis
1110 3051 1241 3103 movent
1256 3051 1289 3103 ut
1303 3039 1373 3124 plu-

79 3133 190 3202 rimum
213 3139 254 3202 ad
271 3138 529 3222 delinquendum
554 3143 679 3226 priuata
705 3143 867 3228 quaedam
891 3145 1045 3232 adjuncta
1070 3147 1264 3231 iracundiae,
1281 3149 1373 3216 lasci·

78 3245 153 3327 vine,
168 3261 198 3310 et
212 3249 264 3312 his
280 3249 409 3332 similia;
436 3269 474 3314 ae
490 3264 654 3336 propterea
680 3253 958 3336 queamdmodum
974 3257 1007 3321 in
1022 3260 1240 3326 contractibus
1256 3262 1282 3324 is
1298 3259 1372 3326 dici·

80 3363 127 3415 tur
139 3356 306 3420 consitium
323 3357 481 3442 praebere,
497 3377 563 3440 uon
578 3357 771 3426 mandatum
786 3359 899 3441 facere,
915 3364 970 3446 qui
985 3384 1050 3428 non
1063 3385 1148 3448 quae
1163 3387 1231 3448 sua,
1247 3379 1304 3433 eut
1319 3390 1372 3434 ex·

77 3464 173 3527 tranei
186 3465 357 3530 commoda
369 3469 504 3550 quaerit,
513 3469 575 3532 aed
592 3472 698 3552 potius
712 3471 953 3555 quodammode
966 3477 1073 3542 induit
1084 3497 1258 3561 personam
1275 3481 1370 3566 iliius,

76 3571 307 3640 cniconsiiium
332 3577 469 3658 praebet,
494 3577 661 3661 traditque,
686 3580 766 3663 quid
783 3582 850 3666 ipse
875 3581 1020 3648 tacturus
1035 3595 1128 3666 esset,
1153 3585 1228 3652 siin
1253 3588 1371 3654 talibus

76 3691 154 3743 esset
167 3701 339 3750 marearum
362 3685 519 3770 adjunctis
537 3688 742 3771 constitutam
758 3691 804 3754 ita
819 3692 851 3754 iu
868 3692 1000 3774 delictis,
1024 3693 1140 3760 dicitur
1156 3701 1220 3762 iton
1236 3701 1370 3764 mauda-

77 3791 163 3872 visse,
178 3795 233 3858 sed
247 3795 376 3860 dedisse
390 3795 571 3876 consilium,
588 3798 645 3880 qui
661 3817 726 3862 nou
740 3803 866 3884 priuata
881 3801 1058 3883 iracturdia,
1079 3817 1137 3868 aut
1152 3805 1295 3888 lascivia,
1312 3821 1369 3874 aut

75 3901 164 3972 simili
179 3907 278 3972 animi
295 3907 372 3972 vitia
387 3919 494 3972 motus
509 3905 665 3974 delictum
680 3910 805 3992 suadet,
819 3911 877 3974 sed
894 3914 999 3996 potius
1015 3917 1170 3998 proponit,
1197 3917 1284 4000 quod
1296 3919 1369 4002 'ipse

74 4022 152 4074 esset
165 4013 196 4078 iu
221 4014 337 4080 iisdem
352 4015 512 4099 adjunctis
538 4017 661 4100 positus
675 4018 888 4086 admissurus.
932 4021 1043 4088 Posita
1057 4024 1120 4090 hac
1138 4027 1278 4110 generali
1294 4027 1367 4092 doc·

70 4114 159 4196 trina,
174 4119 252 4201 dico,
268 4141 354 4200 eum,
369 4123 425 4206 qui
441 4125 613 4191 consilium
629 4127 716 4192 dedit
731 4129 940 4214 delinquendi
956 4151 1065 4215 causa,
1094 4137 1193 4198 teneri
1209 4136 1249 4200 de
1264 4139 1367 4206 crimi-

75 4237 120 4301 ne,
134 4238 163 4290 et
177 4247 281 4312 quana
305 4231 457 4314 criminis,
481 4234 509 4297 si
523 4237 643 4300 crimen
671 4251 821 4306 secutum
835 4239 938 4322 fuerit,
955 4263 1025 4326 cap.
1048 4245 1076 4308 6.
1094 4266 1172 4310 vers.
1205 4249 1275 4324 eri
1290 4272 1367 4316 uero

76 4331 114 4394 do
126 4335 277 4421 homicid,
291 4363 376 4408 ¹cau.
393 4344 450 4408 uit.
466 4365 554 4410 caus.
567 4345 621 4418 23.
648 4363 771 4430 quaest.
788 4349 828 4432 8,
846 4353 863 4414 i.
882 4355 929 4424 12.
947 4355 975 4418 ff
995 4355 1037 4420 ad
1053 4357 1112 4442 leg.
1136 4358 1199 4422 Jul.
1217 4359 1256 4422 de
1272 4360 1365 4428 adui-

74 4451 121 4510 ter.
142 4449 183 4514 At
197 4452 223 4516 si
234 4453 359 4518 crimen
374 4467 524 4524 secutum
540 4476 603 4523 non
620 4457 725 4544 suerit,
751 4464 924 4530 consulens
940 4485 1005 4532 nou
1023 4467 1187 4550 tenebitur,
1210 4469 1315 4551 idest,
1332 4471 1364 4538 in
