3276 4984
195 327 241 394 62
553 357 795 408 orssaarsnrc
817 363 993 428 secusne,
1016 369 1094 415 car.
1117 349 1146 418 1.

194 473 439 560 dignoscuutnn
462 477 659 563 proindeque
684 483 962 564 quemadmodum
985 487 1018 554 in
1042 493 1175 558 caeteris
1201 499 1428 581 contractibus,
1460 500 1508 568 tra

194 589 227 644 et
254 581 290 645 in
318 583 524 664 sponsalibus
551 585 683 652 inanem
708 593 841 656 omnino
865 613 937 658 esse
960 597 1198 684 obligationem,
1225 614 1258 668 et
1280 603 1399 672 frustra
1425 629 1502 676 con·

195 685 325 754 ditionis
340 703 492 756 eventum
507 694 697 776 exspectari
741 695 785 760 Et
799 718 910 764 revera
923 721 1009 784 quae
1024 705 1059 780 in
1072 709 1206 772 caeteris
1221 716 1502 783 conventionibus

195 797 312 866 eadem
326 801 360 866 in
374 800 581 886 sponsalibus
596 804 676 868 ratio
691 797 798 872 lo'cutu
813 807 919 872 habet
943 810 1030 876 Nam
1045 813 1073 878 si
1089 813 1176 878 facto
1196 816 1405 900 impossibilis
1427 843 1504 890 con·

195 907 275 972 ditio
289 909 339 990 sit,
353 908 427 991 quis
442 909 553 972 statim
565 928 632 974 non
655 925 820 995 agnoscat,
830 917 931 1000 jocari
947 919 1053 1004 potius
1077 923 1219 988 voluisse
1241 926 1287 990 ita
1310 931 1502 1000 contmheu-

195 1031 349 1100 tem,cum
364 1019 410 1084 ita
424 1038 476 1082 ex.
491 1037 538 1102 gr.
553 1017 677 1099 dixerit,
694 1039 746 1084 me
761 1021 817 1088 tibi
832 1027 1036 1092 matrimonio
1052 1029 1190 1111 sociabo,
1204 1030 1237 1099 si·
1251 1031 1358 1116 digito
1372 1037 1522 1106 coelum:-

170 1131 172 1136 ’
194 1127 350 1214 tetigerisl
393 1127 440 1192 Et
452 1125 480 1190 si
489 1127 563 1212 juce
577 1127 769 1212 inrposibilis
777 1131 923 1200 conditio
937 1151 1153 1222 proponatur,
1168 1160 1235 1208 ,ext
1255 1159 1307 1226 gr:
1328 1145 1515 1214 ,puppim

193 1241 330 1320 occides,
345 1237 420 1324 quis
430 1257 497 1304 uon
511 1239 655 1320 noveru,
683 1257 758 1304 earn
783 1241 1001 1312 conditionem
1025 1247 1500 1337 adjicientem,··praeterquam-

193 1349 283 1436 quod
293 1349 339 1414 ad
349 1347 610 1434 delinquendum
623 1367 702 1433 ,spo
714 1352 860 1436 conjugii·
879 1355 1023 1438 aliquem
1040 1359 1168 1440 incitat,
1195 1363 1283 1444 quod
1302 1384 1383 1430 sane
1395 1365 1517 1434 foen-2

193 1461 275 1526 dum
299 1478 365 1524 non
389 1469 446 1540 est,
469 1477 536 1522 non
560 1458 596 1522 in
617 1477 657 1522 ea
681 1478 755 1524 vere
780 1479 851 1526 esse
867 1464 1053 1548 uoluntate,
1081 1481 1117 1534 ut
1141 1470 1185 1534 de
1206 1475 1503 1558 conjugiocontrau

192 1569 301 1636 hendo
315 1569 503 1650 consentiat,
529 1565 587 1632 sed
611 1587 688 1634 euru
713 1569 1004 1658 potius·praecipiti
1016 1578 1160 1660 quodam
1177 1582 1293 1646 ardore
1307 1583 1497 1652 iracundiae

191 1681 316 1763 corripi,¹
330 1679 383 1744 cui
398 1688 436 1744 ut
449 1675 651 1742 commodius
675 1677 862 1762 satisfaciat,
887 1695 1037 1766 parsurm
1061 1708 1141 1752 sese·
1152 1691 1284 1758 exhibet
1299 1667 1495 1779 imprudeuti

190 1787 325 1852 consilio
347 1785 391 1850 ad
419 1786 538 1850 suimet
566 1785 668 1868 ipsius
696 1785 901 1854 traditionem
928 1789 1130 1876 delinquenti
1158 1796 1352 1881 facundam,
1365 1815 1398 1866 et
1425 1805 1503 1888 qni·
1531 1847 1536 1864 .

191 1897 267 1962 dem
282 1897 334 1978 ita,
350 1908 387 1961 ut
398 1895 603 1961 individuam
618 1894 901 1964 ‹neoeaeitudinem
929 1918 1113 1984 numquam
1128 1912 1167 1972 b.
1178 1908 1404 1976 benevolentia
1432 1913 1503 1980 dis·-

192 2005 383 2090 ungendam
396 2015 489 2070 ineat
498 2023 584 2071 cumr
593 2022 653 2082 ,eo,·
668 2022 773 2086 quem
786 2003 872 2070 facti.
881 2053 888 2062 .
897 2005 1076 2091 aliquando
1103 2013 1289 2096 poenitendi
1317 2019 1502 2100 conscium,-

189 2129 222 2182 et
235 2136 356 2202 pravae
371 2112 548 2198 aliquando
563 2112 784 2178 adhorrendae
799 2113 976 2180 voluntatis
986 2123 1325 2188 executorem-secerni
1340 2127 1510 2198 ,Quando-¹

182 2227 275 2312 juero
289 2225 575 2304 certissimumest,
591 2224 626 2288 iu
640 2223 846 2306 sponsalibus
860 2224 1021 2310 integram
1041 2231 1179 2296 omnino
1192 2253 1264 2298 esse
1278 2233 1392 2300 dobere
1402 2236 1497 2322 Judic

188 2335 375 2418 libertatem,
390 2331 613 2402 uecnorrmali
632 2331 774 2396 hominis
788 2351 866 2414 esse,
882 2333 910 2397 si
924 2337 1100 2420 conjugum
1128 2337 1353 2404 benevolentia
1367 2361 1410 2406 ex
1425 2359 1504 2406 uua-

186 2444 520 2514 enmtnumeoetereri
535 2453 696 2522 nascatur,
711 2454 808 2526 atque
818 2442 851 2506 id
866 2454 1041 2528 utmrnque
1052 2447 1246 2532 reipublicae
1254 2450 1416 2534 expedire
1432 2450 1504 2514 hu·-

181 2556 326 2644 jusnrcdi
341 2549 898 2635 libertatem-consentiendi,qu
912 2553 1098 2637 plurimum
1120 2556 1285 2624 imminuit
1310 2557 1493 2624 cdroodum

185 2681 325 2747 praeses,
340 2661 566 2730 malevolentis
577 2661 679 2726 animi
693 2670 810 2742 motus,
826 2661 1011 2746 huiusmodi
1041 2665 1496 2736 benevolentiamexdelicto

184 2771 394 2854 progenitam,
410 2788 547 2848 causam
561 2765 720 2832 idoneam·
733 2767 939 2852 sponsalibus
966 2767 1043 2832 dare
1057 2789 1123 2836 non
1138 2791 1240 2856 posse,
1256 2775 1430 2858 prudenter
1438 2779 1493 2864 ju·

184 2881 435 2950 dicandumtest
460 2881 565 2946 Nemo
580 2880 822 2946 incontrarium
837 2879 918 2944 mihi
931 2880 1065 2966 objiciet·
1075 2882 1265 2950 ultimarum
1282 2887 1515 2956 voluntatum·

183 2989 618 3075 exemplmquammgratia
631 2998 795 3071 receptum
815 3000 875 3068 est,
891 2998 928 3053 ut
941 2987 1142 3054 conditiones
1171 3010 1230 3055 seu
1259 2991 1353 3073 sacto,
1370 3013 1428 3058 seu
1437 2997 1493 3080 J‘u-

183 3118 218 3163 re
226 3097 447 3182 impossibiles
461 3095 606 3181 adjectm
633 3095 764 3180 insuper
787 3095 979 3177 habeantur,
999 3099 1102 3180 quasi
1118 3097 1263 3184 adjectae
1281 3121 1344 3166 non
1360 3102 1492 3186 suerint,
1511 3154 1517 3166 ,

182 3207 523 3274 saluisvmauentibua
536 3244 540 3250 -
554 3205 732 3271 haeredum
769 3205 1033 3287 institutionibus,
1063 3206 1186 3290 legatis,
1220 3208 1490 3294 fideicommissis,
1512 3263 1517 3274 .

181 3315 407 3395 etsimilibusr.
424 3315 604 3399 subjiciens,
631 3311 842 3380 favorabilem
864 3330 995 3395 quoque
1024 3312 1155 3397 injure
1183 3334 1255 3378 csse
1284 3317 1490 3400 sponsalium

180 3443 324 3506 causant,
335 3444 475 3508 quorum
489 3421 622 3508 proinde
636 3423 739 3506 gratia
756 3419 882 3486 similis
906 3421 1079 3506 prudentia
1099 3421 1291 3504 recipienda
1319 3423 1368 3486 sit.
1393 3417 1490 3488 ¹Ete-

180 3529 473 3614 nlmegoobserro
501 3529 1119 3614 imprimis-Romanosiureconsultus
1148 3529 1348 3612 singularem
1377 3533 1411 3596 in
1439 3533 1489 3598 ul-

180 3639 267 3704 timis
283 3639 505 3705 voluntatibus
519 3643 589 3724 ejus
618 3640 744 3722 generis
759 3639 959 3725 sustinendis
988 3640 1160 3722 agnovisse
1179 3641 1343 3723 rationem;
1362 3660 1424 3706 nou
1441 3641 1494 3706 fri

177 3747 238 3812 cile
253 3747 296 3812 ad
310 3749 475 3832 sponsalia
500 3745 754 3832 producendam3·
769 3747 925 3812 nimirum
956 3759 1123 3812 testatores
1137 3748 1331 3830 cogitatione
1346 3747 1489 3818 mortui·

177 3855 314 3922 tisadec
330 3857 507 3942 aliquando
536 3858 665 3936 turbari,
682 3857 760 3922 utsi
785 3843 942 3939 quae'ab
971 3855 1050 3940 ipsis
1078 3855 1279 3920 conditiones
1307 3861 1486 3942 quomodo-

176 3983 318 4046 ctuuque
333 3965 545 4049 impossibiles
560 3965 761 4050 adjiciantur,
778 3965 938 4030 excidisse
967 3965 1073 4048 potius
1088 3985 1129 4027 ex
1148 3966 1249 4030 animi
1278 3969 1489 4048 perturbatio-

175 4093 227 4154 ne,
243 4094 344 4156 quam
359 4075 483 4138 sincero
506 4078 617 4140 animo
640 4076 785 4162 adjectae
814 4074 915 4138 fuisse
940 4073 1122 4136 videantur.
1165 4073 1279 4156 Neque
1308 4076 1396 4140 enim
1426 4091 1487 4144 aut

169 4179 260 4266 jocis,
276 4192 308 4244 et
324 4181 448 4246 lusibus
463 4183 631 4266 indulgere
650 4185 875 4268 praesumitur,
891 4182 946 4264 qui
963 4181 1157 4262 cogitatione
1173 4193 1283 4245 morus
1313 4195 1486 4250 testamen-

175 4301 245 4354 tum
259 4289 377 4370 condit,
393 4300 451 4356 aut
464 4292 573 4374 pravis
589 4291 690 4355 animi
705 4291 848 4355 consiliis
864 4288 1039 4372 indulgere,
1051 4287 1170 4370 quibus
1181 4287 1280 4352 etiam
1295 4291 1484 4356 siindnlsis-

173 4410 231 4481 set,
247 4418 312 4463 non
327 4411 436 4464 tamen
458 4419 561 4482 usqne
575 4400 618 4464 ad
632 4411 769 4464 mortem
783 4399 990 4484 pervicaciter
1019 4397 1192 4462 indulsisse
1207 4400 1406 4468 credendum
1420 4423 1486 4502 est,
