3210 4990
165 379 207 428 oa
227 381 416 444 costocus,
439 381 571 434 oureus
593 383 731 432 cassan·
754 381 1002 430 uacassrrooo
1022 381 1292 430 mutatorum.
1348 359 1408 428 181

124 503 345 588 etimrsrutres
356 507 532 592 patrueles,
546 515 576 571 tt
586 507 798 574 martirinas
809 508 912 572 vetuit
928 507 1013 577 natu
1026 527 1062 570 se
1076 505 1228 590 conjugii
1241 505 1412 575 commin

125 613 242 674 mmirre
256 620 285 676 et
307 615 554 678 amarissimus
576 635 718 698 poenum
742 615 877 694 statuit·
902 613 1069 696 adquam
1091 611 1197 696 legem
1210 610 1312 676 latam
1326 611 1411 678 citet

125 737 236 782 anuum
251 721 320 784 390.
338 723 477 804 respexit
492 722 645 786 laudatos
668 721 873 806 Augustinus
898 723 933 788 in
957 722 1064 786 verbis
1079 720 1175 786 ruodo
1200 719 1366 804 descriptis
1381 727 1412 788 at

124 828 258 896 turudum
264 831 481 916 prohihuerat
495 831 546 898 fes
559 831 717 910 hnmano,
734 829 883 900 indicans
897 831 966 896 suis
992 831 1132 914 prImurn
1146 830 1343 912 temporibus
1357 847 1413 895 no

125 951 189 1000 ram
200 935 290 1000 illam
301 937 658 1022 Imperatoriamglegem
667 937 787 1002 editam
803 935 912 1002 fnisse
956 937 1038 1022 EJ'us
1050 937 1129 1019 legis
1141 955 1215 1020 pars
1230 936 1368 998 habetur
1379 935 1414 1008 ia
1438 985 1440 990 ,

122 1043 219 1108 codice
234 1047 464 1110 Theodosiano
479 1047 512 1110 in
528 1047 547 1110 l.
565 1047 592 1110 1.
608 1047 636 1112 si
651 1045 783 1128 nuptiae
797 1065 842 1110 ex
858 1046 1008 1130 rescripto
1028 1058 1101 1129 pet,
1126 1044 1337 1130 eJusdemque
1352 1055 1412 1108 trs·

123 1153 280 1220 umorriuru
295 1155 355 1220 fert
369 1157 507 1220 Tacitus
522 1157 555 1220 in
578 1156 646 1220 libr.
665 1155 713 1218 12.
738 1155 918 1218 annalium.
961 1155 1182 1236 AEquissima
1197 1153 1336 1237 profecto
1351 1152 1414 1218 fuit

121 1265 180 1346 ejus
195 1267 415 1346 prohibitionis
431 1269 519 1348 ratio;
536 1266 696 1348 siquidem
711 1285 788 1330 cum
803 1265 981 1330 Theodosii
999 1279 1103 1333 aetate
1129 1267 1223 1333 rutrlti
1238 1278 1346 1332 essent
1360 1287 1413 1351 po

122 1370 179 1449 puli
194 1371 343 1438 Civitatis
365 1375 532 1438 Romanae
543 1375 614 1460 jure
639 1375 759 1453 donati,
781 1375 950 1440 commode
975 1378 1176 1442 connubium
1201 1379 1283 1442 inter
1307 1355 1447 1460 plures·

122 1475 249 1544 familias
264 1482 338 1544 iniri
362 1493 491 1564 poterat,
518 1502 623 1564 neque
647 1483 788 1566 amplius
810 1503 892 1566 opus
907 1495 981 1562 erat,
997 1483 1078 1544 adeo
1093 1483 1239 1548 relaxare
1254 1485 1413 1566 generalis
1457 1475 1459 1482 ’

116 1589 185 1668 juris
200 1591 448 1672 praeceptiones
470 1602 502 1654 et
524 1593 838 1673 consanguineorum
863 1591 1104 1674 conjunctiones
1127 1590 1160 1652 in
1175 1609 1212 1652 eo
1228 1591 1332 1672 gradu
1347 1611 1414 1674 per-

121 1697 239 1762 mittere.
284 1699 477 1764 Retulerunt
487 1711 598 1764 auteur
608 1701 818 1782 Imperatores
831 1700 864 1762 iu
876 1698 895 1762 l.
909 1700 1003 1762 unica
1014 1697 1083 1762 cod.
1096 1699 1260 1762 Theodos.
1277 1701 1305 1765 si
1321 1717 1412 1784 nupt.

121 1811 315 1894 exrescripto
338 1821 410 1892 pet,
436 1811 662 1874 Theodosium
690 1809 850 1892 Magnum
876 1808 943 1872 siue
965 1809 1180 1870 reservavisse
1201 1807 1415 1892 dispensandi

120 1915 306 1998 facultatem,
322 1921 349 1982 si
365 1919 444 1984 forte
458 1919 620 2002 quaedam
636 1937 752 2000 graves
767 1936 885 1980 causam
900 1927 1106 1998 emergerent,
1130 1917 1251 1999 quibus
1273 1937 1314 1982 ex
1338 1919 1415 2002 peti·

119 2030 193 2093 tione
213 2032 356 2113 partium
379 2029 617 2112 Indulgendum
644 2029 723 2092 foret
747 2029 893 2112 eJusdem
917 2029 1075 2112 conjugiis
1100 2028 1182 2092 iuter
1206 2031 1414 2100 consobrinos

118 2143 344 2207 contrahendis.
389 2143 493 2206 Plena
515 2161 564 2206 res
591 2153 682 2220 esset,
709 2151 807 2222 etque
829 2149 998 2217 constaret,
1021 2141 1093 2223 jure
1118 2139 1267 2206 Romano
1293 2142 1413 2224 positos

118 2249 206 2314 ftrirse
229 2253 505 2336 consanguinitati
529 2251 648 2316 limites
672 2261 775 2314 certos
799 2249 920 2331 quibus
944 2249 1036 2326 fierit,
1065 2259 1099 2316 ut
1125 2250 1156 2327 ii,
1180 2251 1237 2332 qui
1267 2251 1413 2318 ulteriore

117 2361 219 2442 gradu,
232 2381 335 2444 quant
361 2361 563 2443 patruelium,
590 2371 648 2426 aut
671 2359 936 2426 consobrinorum
962 2359 1055 2440 positi
1079 2370 1193 2440 essent,
1217 2359 1318 2428 libere
1338 2381 1413 2428 oon·

116 2470 227 2534 trahere
256 2468 410 2548 valerent,
440 2469 600 2552 patrueles
629 2479 756 2550 autern,
780 2477 839 2532 aut
863 2467 1043 2534 consobrini
1069 2465 1221 2533 deberent
1246 2473 1266 2530 a
1290 2467 1412 2550 nuptiis

115 2583 275 2660 abstinere,
303 2583 365 2646 nisi
394 2583 575 2646 recentioris
604 2583 838 2666 Imperatorum
866 2581 1112 2646 constitutiones
1141 2580 1342 2664 adpeterent,
1370 2591 1411 2664 ot,

33 2755 34 2760 χ
116 2688 192 2768 quod
219 2689 364 2772 amplius
387 2701 445 2768 est,
473 2709 539 2754 rem
564 2691 651 2756 hanc
680 2690 866 2756 universam
890 2691 1063 2769 turbarent,
1090 2689 1177 2756 uude
1202 2699 1235 2754 et
1259 2695 1412 2756 recentia.

115 2819 158 2864 rea
170 2804 362 2885 Interpretes
377 2801 419 2866 ad
433 2821 547 2866 earrtm
562 2802 812 2884 explicationem
826 2801 970 2866 maxime
981 2801 1198 2883 implicantur.
1241 2775 1412 2868 tiniaru-

115 2923 194 2988 paret
207 2899 296 2974 anno
310 2909 382 2973 396.
426 2909 620 2974 Constitutio
644 2910 877 2990 Imperatorum
901 2906 1042 2986 Arcadii,
1062 2919 1094 2970 et
1108 2909 1252 2990 Honorii,
1274 2909 1352 2976 data
1367 2913 1411 2978 ad

115 3012 353 3098 Eutychianum
368 3015 573 3104 Praefectum
598 3016 760 3080 Praetorio
785 3016 934 3096 Orientis,
960 3015 981 3078 l.
997 3015 1026 3078 3.
1041 3015 1111 3081 cod.
1127 3016 1292 3100 Theodec,
1307 3022 1348 3086 de
1362 3022 1410 3090 io·

113 3135 180 3186 cest.
195 3133 297 3207 nupt,
312 3143 379 3206 qua
393 3124 585 3188 confirmata
610 3123 718 3188 furtin
740 3135 837 3206 parte,
863 3135 997 3206 paterna
1018 3125 1203 3190 constitutio
1231 3127 1410 3198 Theodosii

115 3229 225 3316 llagni,
250 3234 284 3296 ln
307 3244 396 3316 parte
417 3234 581 3314 abrogetu3
607 3231 798 3296 confirmata
821 3233 856 3298 io
871 3252 917 3314 eo,
941 3234 1029 3316 quod
1054 3235 1223 3316 Arcadius,
1246 3247 1278 3302 et
1300 3238 1409 3306 Hono·

115 3337 172 3400 rius
187 3340 296 3402 adhuc
325 3339 484 3403 voluerint
505 3338 712 3418 consobrinis,
739 3349 771 3402 et
793 3339 992 3422 patruelibus
1014 3341 1164 3424 conjugio
1189 3341 1406 3430 interdicturu3

114 3447 257 3530 abrogata
280 3449 314 3512 io
337 3467 383 3526 eo,
409 3445 497 3528 quod
522 3447 700 3534 remiserint
728 3465 867 3530 poenaun
893 3447 977 3530 ignis
1006 3447 1053 3526 iis,
1082 3447 1138 3530 qui
1166 3458 1277 3515 contra
1302 3449 1408 3532 legem

114 3555 329 3633 contraxerint,
355 3553 512 3618 indictam
535 3553 613 3618 olim
638 3554 709 3635 lege
734 3552 975 3618 Theodosiana„
1019 3552 1147 3620 Deinde
1162 3573 1249 3620 anuo
1263 3556 1334 3623 tos.
1350 3556 1407 3624 od·

115 3670 192 3738 paret
205 3661 293 3724 edita
307 3659 408 3724 altera
432 3661 618 3726 constitutio
642 3659 828 3726 eorumdem
854 3661 994 3741 Ar·oadii,
1009 3673 1040 3726 et
1066 3663 1198 3734 Honorii
1224 3665 1335 3733 itidem
1350 3669 1406 3736 da·

115 3769 143 3824 ta
155 3765 193 3828 at
209 3765 456 3848 Eutychianum
472 3766 674 3836 Praefectum
699 3769 858 3832 Praetorio
883 3769 1031 3850 Orientis,
1046 3791 1113 3854 qua
1127 3772 1162 3838 in
1177 3783 1280 3842 totum
1296 3777 1405 3842 Theo·

115 3869 238 3938 domna
254 3875 502 3958 lexabrogatur.
548 3875 651 3943 Extat
673 3890 783 3944 etitem
808 3879 842 3942 in
867 3879 888 3942 l.
917 3879 965 3944 19.
991 3879 1061 3944 cod.
1086 3879 1203 3944 Justin.
1226 3881 1267 3944 de
1282 3883 1404 3966 nuptis

114 3975 157 4042 his
171 3981 282 4045 verbis:
310 3981 523 4048 celebrantia
537 3987 624 4051 iader
638 3989 844 4058 consobrinos
857 3991 1083 4054 matrimoniis
1097 3991 1231 4056 licentio
1244 3993 1331 4075 legis
1343 3993 1404 4059 tc

114 4087 160 4166 jor
171 4092 365 4156 salubritate
379 4093 511 4158 indultu
525 4103 582 4174 est,
606 4103 644 4160 rat
668 4106 820 4162 reuocata
832 4101 1040 4185 priseijrtrt's
1054 4103 1256 4182 auctoritare,
1270 4105 1403 4172 raetiae

115 4199 209 4286 iisque
223 4203 647 4289 calumniarumsomantis,
663 4211 917 4278 nutrimenium
927 4214 1014 4278 inter
1022 4215 1229 4280 omrsofrrinoo
1242 4215 1403 4285 latemur·

115 4303 300 4392 legitimam,
316 4315 385 4378 siue
397 4336 440 4378 aa·
454 4315 767 4400 duobuesrutribtts,
776 4322 845 4386 eiua
855 4343 895 4386 aa
909 4324 1040 4390 duobus
1054 4327 1228 4404 sororibus,
1238 4327 1402 4410 siessra·
1445 4350 1448 4358 ·

114 4423 164 4500 tre,
177 4431 206 4486 et
217 4445 325 4494 amore
339 4426 509 4508 notisunt,
524 4435 555 4494 et
569 4450 610 4495 os
623 4450 658 4496 eo
672 4432 884 4498 marmonio
894 4433 976 4501 aditi
990 4435 1143 4519 legitimi,
1154 4443 1185 4503 et
1208 4437 1282 4504 aab
1292 4439 1400 4524 potti-
