3216 4988
214 372 279 436 242
427 367 536 446 'aras
554 402 679 464 narmi,
698 406 939 457 orassararro
952 415 1109 478 aurunt,
1132 421 1209 466 cea.
1227 394 1290 468 111.

212 515 285 614 distt
302 519 361 597 50,
377 539 446 604 cap.
472 524 499 585 l.
515 523 556 586 de
572 525 745 592 Perochiia
790 533 1001 616 Apertissima
1015 510 1084 604 erat
1098 544 1258 626 generalis
1281 544 1404 630 regulae
1417 553 1489 616 ratio
1580 561 1581 570 ’

211 625 363 689 nimirum
380 647 582 712 ‹prramquam
599 648 712 698 verum
727 637 777 717 sit,
795 657 849 720 per
864 643 1093 722 poenitentiam
1109 649 1232 719 sincere
1247 665 1393 718 exactam
1406 656 1489 720 homi·

211 751 285 795 nem
305 734 373 796 Deo
389 739 594 820 reconciliari,
618 741 768 808 intererat
782 757 900 828 tamen,
917 768 958 814 ue
973 754 1181 838 poenitentes,
1197 777 1336 841 quorum
1354 781 1411 828 aon
1426 765 1490 828 iute-

152 851 155 858 '
210 859 277 920 gra,
293 841 349 904 sed
375 843 472 906 rclrrti
491 861 636 928 reparata
653 850 752 914 virtus
767 865 859 935 esset,
885 859 966 922 inter
982 861 1164 944 dignitates,
1187 867 1387 953 honoresque
1399 893 1489 936 sacros

210 951 316 1014 locutu
334 952 524 1016 invenirent.
569 955 683 1038 Neque
697 959 787 1024 aliud
802 963 839 1030 in
851 969 1048 1034 eontrarium
1063 973 1198 1052 probant
1213 977 1363 1058 exempla
1381 977 1431 1043 illa
1443 997 1491 1044 aa·

169 1081 174 1092 ·
208 1058 569 1142 meropirrrima„quae
584 1063 773 1134 adseruntur
798 1071 917 1138 iaceo.
947 1076 995 1140 13.
1021 1077 1173 1162 disten,
1198 1087 1499 1170 praeterquamquod¹

208 1170 294 1232 enim
311 1170 429 1234 ibidem
454 1173 514 1235 sub
528 1171 648 1238 incerto
664 1178 793 1244 nomine
819 1184 962 1248 auctoris
975 1185 1088 1253 mitita'
1106 1203 1280 1260 narrantur
1294 1195 1490 1262 abbistorica

206 1279 339 1342 veritate
354 1280 468 1360 aliena,
495 1281 648 1366 prcapi
663 1283 714 1348 illi
726 1285 824 1355 ferare
850 1281 963 1358 omues
978 1313 1044 1360 aon
1058 1297 1189 1366 suerunt
1215 1313 1289 1384 post
1302 1304 1428 1387 lapsam
1441 1325 1489 1373 ree

206 1390 300 1468 tituti,
318 1391 374 1452 sed
391 1392 496 1472 potius
519 1391 560 1456 ab
575 1392 832 1464 adversariorum
847 1399 1030 1484 calumniis,
1047 1425 1186 1496 quarum
1209 1427 1312 1484 caasa
1327 1414 1437 1498 injuria
1448 1414 1490 1478 da

199 1495 274 1578 recti
292 1496 413 1578 prtum
430 1495 566 1578 fuerant,
595 1490 746 1569 renovato
764 1505 886 1588 judicio
901 1510 1065 1578 vindicari.
1107 1517 1180 1586 eru
1196 1519 1294 1600 praa.
1312 1522 1355 1586 au
1370 1523 1491 1606 erptia-

204 1607 325 1672 tiouem
341 1607 439 1691 hujus
455 1611 656 1674 monumenti
671 1613 839 1694 desideret,
868 1616 1011 1682 inueniet
1025 1619 1059 1684 in
1072 1622 1156 1686 mais
1171 1623 1493 1701 animadversionibus

203 1717 236 1778 in
253 1716 455 1790 Gratianum.
500 1717 646 1782 Primum
662 1731 756 1782 vetus
782 1721 836 1784 ilia
853 1721 1037 1806 disciplina,
1051 1726 1171 1792 aboleri
1185 1732 1291 1816 coepit
1315 1735 1491 1818 pastinaca

203 1841 252 1892 tas
269 1827 454 1890 Mercatoris
478 1827 670 1910 Damoteles,
699 1831 732 1892 in
746 1831 866 1912 quibus
880 1833 1003 1914 passim
1030 1833 1185 1900 traditum
1198 1848 1258 1926 est,
1279 1839 1419 1904 Clericus
1431 1849 1491 1924 post

202 1938 328 2020 lapsum
345 1949 376 2000 et
391 1937 620 2018 poenitentiam
636 1956 728 2020 posse
751 1939 874 2004 restitui
890 1940 924 2004 ia
939 1941 1111 2024 pristinum
1123 1941 1277 2026 gradum,
1291 1961 1367 2011 cau.
1391 1945 1491 2010 tini.

200 2043 260 2121 24,
276 2057 307 2106 et
332 2046 382 2108 28.
399 2043 470 2107 dist.
487 2046 537 2110 50.
582 2045 652 2118 Qui
669 2044 889 2127 proiecto-non
911 2049 1045 2133 ignorat,
1061 2053 1176 2134 quanti
1191 2051 1304 2118 habita
1333 2054 1425 2120 fuerit
1434 2074 1490 2147 pe·

199 2154 253 2218 dia
270 2155 435 2220 Ecclesiae
459 2166 564 2222 aetate
579 2157 695 2220 horum
721 2170 1007 2224 monumentorum
1031 2163 1213 2242 auotoritas,
1240 2162 1336 2244 facile
1364 2166 1492 2248 percipit,
1580 2255 1581 2266 ἵ

198 2265 316 2334 exinde
331 2266 431 2330 abiise
447 2267 479 2330 in
496 2268 664 2350 vulgarem
679 2267 894 2352 disciplinam,
910 2289 976 2353 qua
992 2269 1092 2352 fieret,
1112 2271 1394 2362 quemadmodum
1404 2275 1491 2338 etiarn

197 2376 293 2443 hodie
320 2378 413 2460 riget,
442 2387 479 2439 ut
504 2377 631 2440 arbitrio
651 2378 771 2461 judicis
797 2379 1016 2460 remitteretur,
1045 2378 1103 2464 vel
1118 2379 1226 2462 lapsos
1252 2379 1492 2464 poenitentesio

196 2487 369 2572 pristinum
383 2487 539 2553 honorem
554 2486 714 2567 reducere,
732 2487 784 2551 vel
800 2488 834 2552 in
851 2497 1041 2571 perpetuum
1055 2489 1097 2552 ab
1112 2487 1218 2555 officio
1232 2489 1420 2554 excludere.
1579 2571 1580 2586 χ

238 2597 275 2664 Si
289 2608 462 2682 quaeratur
477 2597 518 2662 de
529 2596 703 2682 judicibus
720 2596 762 2660 ad
778 2615 861 2680 quos
875 2591 996 2680 spectet
1010 2596 1044 2662 in
1056 2597 1277 2664 criminalibus
1294 2599 1492 2674 Clericorum,

194 2720 226 2774 ct
250 2707 475 2773 ecclesiasticis
501 2705 610 2770 causis
635 2705 830 2770 sententiam
856 2704 1071 2788 pronuntiare,
1096 2723 1168 2770 ,nou
1193 2717 1241 2768 est
1270 2705 1491 2780 dubitandum,

193 2839 268 2884 eam
283 2827 474 2902 potestatem
497 2834 596 2899 penes
611 2815 791 2900 Episcopos
807 2833 886 2892 esse,
903 2831 1022 2896 eosque
1037 2833 1159 2894 omues,
1186 2813 1241 2896 qui
1257 2817 1356 2897 quasi
1371 2817 1490 2899 Episco
1578 2851 1579 2872 ι

193 2933 259 3017 pali
268 2929 489 3016 jurisdictione
510 2927 700 3011 funguutur,
727 2927 996 3009 quotiescumque
1010 2923 1198 2990 de'Clericis
1223 2927 1427 2992 interioribus
1442 2925 1492 2990 cri·

145 3051 149 3062 ·
192 3040 320 3103 minam
335 3037 397 3102 reis
412 3045 536 3118 agatur,
563 3033 640 3098 data
654 3033 819 3097 damnatis
844 3031 998 3096 facultate
1013 3031 1055 3094 ad
1082 3033 1283 3098 Provinciale
1306 3035 1492 3110 Concilium,

195 3147 247 3210 rel
262 3147 360 3211 etiam
374 3155 466 3210 extra
481 3145 664 3209 Concilium
687 3143 729 3208 ad
746 3143 939 3226 superiorem
951 3143 1096 3227 judicem
1112 3143 1319 3226 provocandi,
1336 3165 1410 3208 aaa.
1425 3143 1451 3208 4.
1466 3144 1490 3204 5.

192 3277 281 3325 caus.
298 3259 347 3321 11.
360 3265 484 3340 quaest.
500 3253 540 3335 3,
562 3273 634 3318 can.
651 3253 691 3333 2,
707 3263 739 3316 et
754 3255 783 3316 5.
800 3271 890 3316 caus.
914 3253 964 3314 at.
981 3263 1106 3334 quaest.
1128 3254 1156 3316 5.
1173 3251 1229 3315 sed
1245 3255 1375 3334 quoties
1390 3253 1491 3316 adrer-

193 3389 250 3434 sus
266 3369 351 3452 ipsos
367 3366 546 3449 Episcopus
566 3363 728 3449 judicium
744 3365 785 3426 sit
800 3361 1045 3443 instituendum,
1069 3363 1193 3427 variam
1208 3363 1309 3428 foisse
1327 3383 1390 3448 pro.
1401 3363 1489 3428 varie-

191 3489 256 3544 tate
282 3489 463 3562 temporum
485 3473 691 3557 disciplinam
716 3471 931 3556 deprehendo.
977 3472 1065 3536 Olim
1086 3473 1315 3538 instituebatur
1340 3473 1491 3558 irmindi-
1576 3479 1577 3494 ¹

189 3590 279 3652 cium
294 3587 328 3650 in
340 3582 473 3668 synodo
488 3579 691 3660 Prouinciali,
704 3599 774 3642 cau.
793 3582 820 3642 l.
836 3579 866 3642 2.
878 3577 907 3641 3.
924 3580 952 3640 ὅ.
969 3597 1057 3670 qaus.
1077 3579 1106 3642 6.
1121 3591 1246 3660 quaest.
1261 3581 1301 3660 4.,
1321 3601 1397 3645 can.
1411 3579 1448 3660 6,
1462 3589 1503 3664 et

167 3743 172 3752 .
190 3699 220 3762 7.
236 3713 325 3758 catis.
340 3693 389 3758 11.
404 3701 528 3775 quaest.
543 3691 572 3755 3.
588 3690 666 3754 data
677 3699 786 3752 tamen
797 3685 951 3752 facultate
967 3686 1084 3752 Sedem
1097 3689 1328 3770 Apostolicam,
1346 3693 1375 3756 si
1393 3691 1489 3754 risum

190 3806 293 3885 fuerit,
305 3799 501 3887 appellandi,
513 3819 585 3864 can.
597 3801 626 3863 7.
638 3817 729 3862 caus.
744 3795 775 3860 6.
786 3805 909 3878 quaest.
921 3797 954 3860 t.
967 3795 1087 3875 Solent,
1100 3797 1156 3878 qui
1168 3810 1278 3860 contra
1291 3800 1448 3876 sentiunt,
1462 3799 1490 3860 iu
1575 3833 1576 3838 κ

190 3917 336 3984 medium
350 3909 488 3998 proferre
502 3927 662 3973 canonem
676 3907 716 3986 8,
726 3917 758 3968 et
771 3907 817 3970 10.
827 3923 917 3970 caus.
927 3905 957 3970 3.
970 3917 1094 3988 quaest.
1104 3907 1142 3985 6.,
1153 3907 1268 3990 juncto
1278 3927 1349 3976 cau.
1361 3909 1391 3970 3
1408 3925 1490 3969 caus.

189 4031 218 4094 2.
229 4017 354 4114 quaest.
363 4025 394 4090 4.
406 4023 560 4088 Atsinon
569 4019 686 4084 cortice
698 4029 792 4080 tenus
804 4035 843 4078 ea
855 4027 1065 4078 monumenta
1077 4016 1381 4096 consideravissent,
1397 3999 1491 4092 faciic,
1574 4107 1575 4114 ἵ

188 4135 329 4214 arbitror,
346 4129 564 4215 agnovissent,
576 4127 608 4190 in
621 4099 692 4190 can..
703 4123 732 4188 8.
743 4123 887 4186 Leonem
898 4123 1057 4204 Magnum
1069 4123 1271 4206 redarguisse
1281 4125 1488 4188 Anastasiou

188 4245 528 4320 Thessalonicensem,
541 4237 628 4322 quod
640 4237 713 4321 plus
725 4253 831 4317 aequo
842 4245 1041 4317 potestatem,
1053 4253 1117 4298 non
1129 4233 1333 4314 ordinariam,
1345 4237 1491 4318 adquam

111 4417 115 4426 .
187 4371 341 4439 praesens
351 4347 533 4432 disquisitio
544 4344 688 4429 pertinet,
703 4341 760 4408 sed
772 4341 948 4425 Apostolici
962 4341 1151 4418 Vioariatos,
1167 4359 1268 4426 quam
1280 4339 1409 4406 dudum
1419 4339 1490 4403 obti·
1572 4319 1574 4410 l

187 4470 310 4540 auctet,
326 4455 534 4536 extendissem
548 4470 653 4534 neque
662 4450 750 4540 euim
760 4447 954 4552 Anastasius
964 4466 1034 4510 eam
1042 4445 1301 4530 jurisdictionem
1311 4445 1489 4512 inconsulta

1567 4619 1573 4941 l
