3210 4990
141 372 351 420 causamn
374 374 421 420 oa
443 373 596 420 seorsus
619 374 739 420 cesus
761 374 934 420 contusis
958 373 1264 420 sessonensium.
1336 353 1399 420 147

103 513 158 579 ego
172 495 268 560 facile
293 497 512 578 recipiendum
540 497 724 578 arbitrabor;
753 495 842 580 quod
870 496 958 560 enim
980 495 1023 564 ad
1052 496 1210 576 adulterii,
1239 507 1270 560 et
1299 497 1402 560 inces-

103 614 151 666 tus
187 602 420 687 turpitudinem
442 602 575 666 refertur
598 603 676 686 lego,
708 623 766 687 pro
787 614 856 666 rata
878 613 910 666 et
940 601 1034 666 firme
1054 603 1279 686 conjunctione
1301 603 1398 668 habe-

102 717 126 780 ri
145 715 237 779 nullo
259 713 356 778 modo
378 726 490 797 potest
533 716 613 786 Qua
636 727 744 778 tamen
767 715 801 778 in
831 713 937 798 specie
967 725 1081 778 notatu
1103 715 1240 796 dignum
1266 703 1323 794 est,
1345 735 1401 808 uq-

101 825 184 888 mino
206 825 289 908 legis
325 825 377 888 his
398 823 545 888 formulis
566 835 751 906 conceptae,
783 821 980 884 ardentiores
1012 821 1174 904 quasdam
1206 824 1400 890 Sanctorum

101 929 234 998 Petrum
255 936 397 1017 privatas
423 931 599 995 sententias
621 949 686 994 non
708 949 779 992 esse
801 928 1037 1014 intelligendam
1073 949 1138 992 nou
1171 933 1257 994 enim
1280 932 1400 1012 ignoro,

99 1042 259 1124 quosdam
274 1062 315 1105 ex
334 1041 466 1104 retnstis
480 1039 630 1104 Patribus
645 1037 807 1120 quaedam
838 1037 957 1116 illicita,
972 1048 1004 1099 et
1028 1037 1137 1098 valida
1161 1037 1310 1120 conjrrgia
1336 1048 1401 1100 tur·

99 1151 189 1233 pibus
205 1151 259 1214 his
282 1151 468 1214 nominibus
497 1147 714 1230 appellavisse
741 1145 784 1208 ad
813 1145 975 1208 horrorem
1004 1145 1132 1236 sceleris
1160 1145 1401 1224 concitandum,

100 1255 147 1317 rel
162 1256 248 1320 inter
273 1255 506 1338 disputationes
531 1254 654 1317 alacres
670 1251 710 1316 de
725 1273 765 1314 ea
780 1273 813 1316 re
836 1266 1013 1336 susceptas,
1044 1253 1096 1316 vei
1126 1255 1159 1318 in
1188 1253 1401 1320 familiaribus

99 1365 162 1428 suis
176 1364 322 1445 epistolis
336 1363 405 1426 zelo
420 1363 484 1426 acri
511 1361 631 1424 refertis
647 1357 690 1424 ad
721 1347 961 1444 redarguendos
986 1360 1135 1426 homines
1150 1363 1182 1423 in
1198 1380 1236 1422 ea
1252 1361 1400 1444 conjugia

99 1469 266 1552 proclives,
281 1487 347 1550 quo
363 1488 459 1532 seusu
490 1469 694 1550 Augustinus
723 1469 836 1552 ajebat,
867 1488 929 1546 eos,
946 1470 1002 1548 qui
1035 1469 1081 1530 ita
1102 1467 1285 1550 loquuntur,
1303 1469 1400 1552 paulo

98 1575 223 1637 acutius
240 1573 403 1652 disserere,
429 1593 501 1638 cau.
516 1575 566 1638 41.
583 1595 670 1638 caus.
686 1577 736 1655 27,
753 1587 876 1658 quaest.
903 1578 943 1640 1..
985 1575 1152 1638 Praeterea
1181 1577 1345 1643 decretum
1360 1565 1399 1660 ir·

98 1683 193 1744 ritans
209 1701 266 1765 per
291 1683 561 1766 aequipollentem
590 1681 763 1747 formulam
788 1703 979 1766 expressum
1008 1703 1079 1746 esse
1103 1687 1316 1768 censebimus,
1345 1691 1389 1752 nb

98 1805 206 1856 auctor
221 1794 302 1877 legis
326 1795 451 1874 dixerit,
481 1795 749 1878 conjunctionem,
779 1814 879 1876 quarn
909 1795 976 1878 ipse
1005 1795 1210 1878 prohibuerit,
1240 1809 1397 1882 tauquam

98 1907 338 1970 matrimonium
367 1925 430 1970 nou
447 1927 517 1970 esse
545 1905 740 1985 habendam,
757 1909 804 1970 uti
832 1907 866 1970 in
881 1926 952 1970 cau.
968 1906 1020 1970 40.
1035 1927 1124 1972 caus.
1147 1910 1198 1972 27.
1228 1923 1350 1991 quaest.
1368 1914 1397 1976 1.

97 2015 194 2086 Quod
226 2015 267 2078 si*
283 2033 398 2078 auctor
426 2013 506 2096 legis
535 2023 607 2096 post
635 2013 841 2076 interdictum
869 2023 991 2076 certum
1022 2014 1208 2098 conjugium
1237 2015 1396 2100 adjecerit,

97 2124 337 2190 lieriadversus
365 2125 590 2188 contrahentes
619 2123 846 2206 dissociationi,
877 2143 936 2188 seu
965 2123 1167 2190 dissolutioni
1184 2127 1299 2208 locum,
1315 2129 1396 2192 mu'-

98 2245 162 2298 tum
184 2234 329 2298 intererit
351 2233 528 2310 observare,
552 2251 632 2296 num
655 2233 752 2295 verba
774 2229 980 2305 dissociandi,
1003 2243 1061 2294 aut
1093 2231 1298 2311 dissolvendi,
1320 2251 1395 2314 crn-

97 2355 185 2426 cepta
207 2341 328 2406 suerint
350 2341 384 2404 in
406 2339 648 2404 matrimonium
669 2340 787 2422 ipsum,
810 2361 851 2402 an
875 2341 909 2404 in
943 2341 1202 2406 contrahentium
1232 2361 1394 2424 personas.

97 2451 232 2522 Quoties
254 2450 342 2512 enim
364 2449 410 2511 ita
431 2467 482 2512 ex.
505 2468 551 2532 gr.
573 2447 716 2512 edictum
751 2447 800 2510 sit:
823 2449 1019 2532 conjugium
1041 2449 1156 2532 ipsam
1176 2447 1389 2514 dissolviuurs

96 2562 141 2624 oei
154 2561 386 2637 dissociamus,
404 2557 560 2620 irritatum
590 2556 832 2620 matrimonium
847 2556 967 2636 dixero,
983 2575 1049 2619 nou
1063 2575 1138 2620 vero
1153 2557 1278 2640 quoties
1293 2578 1333 2620 ex
1349 2574 1394 2642 gr.

96 2669 237 2734 edictum
253 2670 303 2734 sit:
319 2669 547 2734 contrahentes
559 2667 742 2746 dissociari,
753 2665 937 2731 aedissoihi
948 2665 1159 2732 mandamus.
1182 2667 1273 2732 Idem
1288 2669 1397 2732 discri-

95 2798 166 2844 men
181 2777 424 2843 observandum
438 2777 505 2855 erit,
523 2777 577 2840 nbi
587 2776 768 2858 Legislator
780 2796 860 2841 usus
874 2776 970 2840 suerit
982 2779 1076 2841 verbo
1087 2779 1304 2864 damnamus,
1317 2757 1395 2846 nam

94 2893 230 2958 sicertis
245 2891 357 2974 poenis
371 2889 519 2952 damnari
530 2889 660 2972 J’usserit
684 2887 918 2970 contrahentes,
935 2901 993 2952 aut
1007 2889 1078 2972 lege
1106 2893 1274 2974 expressis,
1290 2893 1395 2958 autin

96 2998 113 3062 J
116 2997 219 3062 udicis
234 2996 389 3058 arbitrum
404 2993 537 3074 collatis,
553 3016 606 3059 ex.
621 3015 665 3078 gr.
683 3013 788 3080 poena
802 2997 1155 3088 excommunicationis,
1167 3009 1238 3064 tum
1246 3001 1397 3068 illicitum

95 3117 230 3184 tautum,
246 3123 313 3168 non
342 3104 667 3188 irritumconjUgium
696 3103 814 3186 dicsm;
844 3104 919 3168 atsi
949 3107 1101 3186 statuerit,
1128 3107 1397 3208 damnariconju-

95 3211 181 3294 glum
198 3211 318 3293 ipsum,
334 3207 516 3274 clasulam
509 3221 605 3276 ratam
631 3191 773 3278 decreti
764 3213 915 3276 irritantis
944 3213 1011 3277 vim
1041 3215 1158 3279 habere
1187 3217 1397 3301 intelligimus
1454 3281 1464 3302 ‚

95 3339 133 3383 ex
147 3338 195 3400 eo,
212 3318 302 3402 quod
317 3337 383 3382 non
399 3318 489 3382 aliter
503 3321 691 3404 conjugium
720 3321 825 3402 ipsum
843 3319 991 3384 damnari
1007 3323 1224 3406 praecipitur,
1234 3329 1296 3392 nisi
1319 3321 1397 3412 qna-

96 3443 198 3492 temus
229 3423 363 3512 penitus
389 3427 592 3492 dissolvatur.
637 3428 801 3512 Exempla
830 3428 1087 3492 damnationis
1079 3449 1114 3496 m
1142 3449 1294 3514 personas
1323 3453 1396 3550 con·

95 3549 214 3622 ceptae,
230 3545 346 3598 extant
361 3553 394 3596 ru
410 3553 481 3597 can
496 3537 536 3616 8,
552 3537 626 3600 et9.
643 3536 715 3600 dist
731 3537 792 3600 27..

135 3647 222 3710 Sunt
237 3645 299 3707 irta
314 3642 476 3725 generalia
494 3642 592 3706 voluti
620 3656 813 3742 praecepta,
830 3643 948 3726 quibus
963 3644 1017 3706 via
1032 3643 1218 3728 planissime
1248 3649 1398 3713 sternitur

98 3751 137 3816 ad
151 3753 241 3835 leges
256 3752 426 3814 universas
449 3749 689 3832 expendendas,
716 3753 837 3834 quibus
862 3731 1139 3818 matrimoniorum
1168 3755 1398 3839 impedimenta

99 3863 284 3944 praestituta
298 3859 438 3924 fuerunt.
482 3859 633 3943 Agedum
657 3845 762 3944 igitur,
778 3873 810 3924 ot
824 3861 969 3944 proprius
994 3861 1189 3949 accedamus
1204 3866 1246 3928 ad
1261 3887 1335 3944 rem,
1352 3867 1400 3930 in-

101 3972 298 4058 vestigando,
314 3981 346 4034 et
374 3991 527 4053 personas
542 3971 584 4036 ad
614 3971 872 4038 contrahendum
901 3973 1091 4056 conjugium
1118 3975 1260 4054 idoneas,
1290 3987 1321 4040 et
1350 3998 1397 4040 so·

102 4079 287 4160 lemnitates,
303 4097 342 4141 ac
357 4077 495 4142 sormam
510 4080 721 4144 contrahendi
733 4079 882 4164 conjugii,
894 4081 1012 4164 quibus
1024 4081 1159 4162 omissis,
1172 4095 1228 4147 aut
1240 4083 1403 4147 demerent

102 4187 189 4269 tibus,
203 4185 303 4251 modo
318 4183 442 4248 irritum
457 4185 645 4270 conjugium
660 4189 712 4268 sit,
727 4187 824 4250 modo
840 4196 965 4252 tantum
982 4185 1141 4253 illicitum.
