3210 4990
188 455 249 523 lte
539 473 779 524 ntssnnrarro
801 475 957 542 aurare,
979 475 1055 526 cnr.
1078 455 1133 526 IV.-

225 602 337 684 Neque
352 601 403 664 his
417 595 522 665 obstat
545 603 607 665 lex.
636 603 663 664 l.
689 601 758 664 cod.
782 601 945 665 Theodos.
968 602 1010 665 de
1035 605 1166 668 incestis
1180 599 1309 688 nuptiis,
1325 605 1420 689 quasi
1433 619 1482 672 ex

183 731 223 776 ea
251 713 421 778 videantur
457 713 595 795 primum
631 713 841 795 Imperatores
870 715 1111 794 Constantinus,
1142 727 1173 778 et
1202 717 1364 782 Constans
1393 720 1480 783 baec

182 824 344 888 connubia
369 821 607 904 improbavissc.
650 819 737 885 Nam
762 821 844 884 lraec
870 821 923 885 lex
949 813 1081 886 inducta
1104 825 1165 888 luit
1190 826 1231 888 ad
1257 829 1479 893 revocandum

180 931 506 1002 senatusconsultum
531 928 761 1010 Claudianum,
776 930 864 1012 quod
880 929 990 994 lavore
1005 930 1132 996 Claudii
1148 932 1353 1014 Imperatoris
1364 935 1481 1018 Agrip

181 1043 292 1126 pinam
321 1051 449 1124 neptem
478 1057 573 1102 suam
598 1031 718 1102 nesorio
744 1055 853 1101 amore
877 1037 1091 1121 depereuntis,
1119 1053 1320 1105 concesserat
1352 1042 1481 1125 patrius

179 1165 291 1236 neptes
305 1167 422 1214 uxores
436 1147 561 1212 ducere.
604 1147 720 1218 Quum
735 1147 777 1210 de
790 1149 934 1230 personis
957 1149 989 1212 in
1006 1159 1188 1214 transversa
1211 1153 1297 1216 linea
1322 1155 1484 1218 conmun-

148 1265 221 1352 ,ιιι
249 1265 420 1346 quaeritur,
443 1257 546 1324 multo
570 1257 734 1322 dissimilis
759 1259 839 1322 ratio
861 1271 919 1343 est;
944 1279 1049 1343 neque
1077 1263 1165 1328 enirn
1190 1275 1334 1348 respectu
1363 1283 1480 1332 earum

178 1371 332 1448 obtinent,
358 1387 442 1449 quae
468 1363 563 1428 modo
588 1364 743 1445 dicebam,
767 1365 920 1430 nimirum
946 1369 1140 1432 reverentiae
1164 1369 1318 1449 debitum,
1345 1387 1481 1454 exque

179 1479 370 1565 aequalibus
398 1473 557 1540 societatis
585 1475 754 1540 vinculum
778 1475 978 1542 excludatur.
1021 1477 1086 1543 eeu
1112 1481 1145 1544 in
1174 1481 1235 1560 his,
1260 1482 1332 1546 aliis
1361 1483 1479 1566 princi·

177 1593 239 1676 piis
254 1607 303 1653 res
318 1587 510 1666 totanititur3
527 1585 566 1648 ils
580 1583 743 1662 nimirum,
769 1601 854 1666 quae
877 1585 1073 1650 tractationis
1089 1586 1179 1650 initio
1201 1605 1379 1670 posueram,
1394 1588 1480 1654 dum

175 1697 338 1766 naturalia
347 1695 421 1782 J'ura
435 1695 468 1758 in
493 1692 651 1777 conjugiis
675 1692 904 1756 contrahendis
928 1691 1151 1776 expenderem,
1175 1703 1206 1756 et
1220 1693 1263 1756 ad
1278 1713 1326 1772 ea,
1341 1711 1426 1776 quae
1440 1694 1479 1758 in

176 1828 246 1893 cap.
263 1807 312 1872 18.
328 1817 360 1870 et
372 1805 423 1870 20.
439 1799 576 1868 levitici
591 1807 611 1866 d
626 1796 697 1864 Deo
711 1805 885 1864 consututu
900 1797 1038 1879 t'uertmt,
1060 1801 1346 1866 accommodarem.
1389 1803 1480 1866 Pate

175 1917 223 1978 cis
259 1933 326 1978 rem
362 1909 606 1974 contrahamus·
649 1907 728 1972 Duo
755 1909 884 1972 obstant
911 1908 1069 1992 conjugiis
1097 1912 1412 1993 consanguineorum
1440 1913 1479 1977 in

177 2021 367 2088 transversis
382 2017 475 2082 lineis
488 2018 744 2082 constitutorum.
786 2015 932 2082 Primum
948 2017 1091 2082 societati
1112 2019 1282 2086 hominurn
1307 2020 1480 2103 fovendae,

79 2198 81 2204 ,
175 2127 444 2217 adjuvandaeque
459 2127 602 2212 apprime
627 2125 834 2208 conueniensJ
866 2125 1003 2190 alterum
1032 2128 1171 2192 naturali
1200 2129 1331 2198 cuidam
1360 2131 1480 2196 hones-

175 2241 231 2305 tati
258 2250 521 2317 consentaneum,
548 2247 720 2320 postquam
748 2235 896 2300 humana
924 2246 1040 2301 natura
1077 2241 1209 2320 peccato
1223 2240 1355 2322 originis
1390 2241 1480 2306 labe·

174 2351 295 2415 iactata
306 2367 371 2413 non
386 2345 456 2410 sine
470 2343 613 2428 quadam
627 2341 692 2406 fera
709 2339 915 2426 turpitudinis
931 2355 1007 2406 nota
1021 2345 1226 2410 matrimonio
1240 2363 1301 2408 usa
1314 2343 1384 2410 suit.
1417 2347 1480 2412 So-

173 2462 279 2526 cietati
292 2434 487 2524 cbnueniens
502 2465 557 2534 est,
570 2455 666 2539 juxta
680 2474 726 2534 ea,
748 2473 832 2536 quae
847 2454 1004 2519 scribebat
1018 2455 1223 2539 Augustinus
1247 2476 1345 2542 supra
1360 2457 1476 2524 lauda-

145 2571 148 2580 '
174 2583 225 2652 tus
241 2571 274 2633 in
290 2569 356 2633 libr.
387 2567 438 2632 lo.
467 2563 507 2629 de
533 2563 671 2628 Ciuitate
696 2561 758 2626 Dei
783 2581 852 2645 cap.
881 2563 938 2643 lfa,
964 2573 1001 2628 ut
1023 2563 1103 2628 dum
1132 2565 1402 2647 multiplicaretur
1417 2567 1506 2632 ho·-

80 2659 85 2668 ’
172 2677 300 2740 ιιιίιιιιιιι
327 2691 490 2755 numerus,
505 2682 682 2754 mutuaque
697 2670 829 2754 proinde
858 2667 1050 2737 adfectioob
1079 2673 1185 2736 larius
1210 2673 1339 2739 indies
1367 2675 1479 2744 reddi-

172 2799 242 2866 tum
267 2783 436 2868 sanguinis
461 2780 629 2845 vinculum
651 2789 832 2862 tepesceret,
858 2779 1035 2844 studiosius
1060 2793 1234 2863 curaretur,
1252 2803 1317 2866 quo
1343 2803 1400 2868 per
1426 2807 1474 2850 re·

152 2886 563 2980 1ιιιοιιοιιιιιιιιιιιιιιιιιιιιιιι
591 2887 776 2971 conjugales
805 2889 1056 2972 conjunctiones,
1087 2889 1288 2957 reduceretur
1309 2913 1407 2974 arnor,
1440 2909 1476 2962 et

155 2985 374 3065 successuum
401 3007 644 3062 restauraretur.
687 2993 837 3060 Naturali
866 2996 996 3061 cuidam
1029 2998 1188 3063 honestati
1216 3016 1476 3074 consentaneum

100 3159 107 3178 .
173 3123 221 3175 ast
236 3122 307 3194 post
328 3121 477 3174 naturam
503 3117 633 3190 peccato
655 3107 788 3190 originis
813 3107 1024 3214 benefactum,
1050 3087 1206 3174 ut‘rnemo
1231 3115 1299 3198 ejus
1322 3118 1477 3200 conjugio

173 3205 342 3296 fruatur,
334 3233 367 3279 m
397 3215 489 3299 cujus
518 3231 580 3276 usu
610 3213 713 3295 ipsam
742 3209 919 3276 nativitatis
952 3207 1030 3282 sitae
1066 3203 1230 3282 maculam
1265 3221 1476 3301 quodamodo

172 3335 372 3411 praesentem
387 3321 485 3384 menti
502 3339 580 3384 suae
595 3319 719 3397 laceret,
735 3317 823 3401 quod
848 3317 1054 3418 contingeret,
1078 3323 1133 3386 ubi
1156 3343 1230 3389 eam
1245 3325 1375 3400 duceret
1385 3347 1475 3406 ,ιιιιι-

173 3455 248 3511 retn,
264 3445 319 3496 aut
335 3433 381 3494 illi
402 3431 470 3494 viro
480 3431 675 3513 jungeretur,
701 3429 736 3490 in
761 3429 853 3510 cujus
874 3445 1010 3510 peremta
1025 3427 1121 3491 facile
1136 3409 1196 3493 sibi
1212 3411 1382 3514 parentum
1398 3443 1477 3538 stJo-
1488 3445 1499 3482 ¹-

173 3559 245 3605 rum
272 3523 454 3602 vividam
446 3537 621 3619 imaginem
644 3536 685 3599 ob
713 3535 823 3599 oculos
851 3535 988 3615 positam
1015 3537 1199 3620 adspiceret,
1225 3559 1288 3622 quo
1314 3545 1492 3624 pertinere}

173 3661 251 3734 puto
281 3648 412 3729 prhascs
440 3645 513 3708 illas
542 3663 706 3708 sacrarunt
735 3647 889 3706 veterum
898 3628 1082 3732 literanum,
1118 3647 1211 3725 queis
1239 3649 1530 3746 praestituimus-j

174 3779 214 3822 ste
227 3765 375 3841 paterno,
391 3754 440 3816 uel
453 3761 605 3816 materno
618 3750 792 3835 turpitudo
813 3747 1020 3832 revelaretur,
1046 3749 1182 3814 levitici
1208 3771 1287 3834 cap·
1284 3757 1361 3834 ·.,·18
1357 3767 1401 3818 ·ct
1415 3757 1472 3821 20,
1488 3776 1495 3806 .·

175 3863 343 3933 Quoniam
366 3879 439 3921 vcro
464 3858 530 3923 duo
553 3858 605 3920 isti
629 3859 849 3942 conjugiorum
878 3858 959 3922 lutei
983 3851 1245 3942 consanguineos
1268 3845 1497 3944 collateralesi

176 3969 389 4033 luetmdorum
417 3969 522 4031 obices
550 3967 647 4032 nimis
676 3967 839 4048 generales
865 3979 949 4045 sunt,
980 3965 1084 4042 etub'c
1111 3968 1214 4051 iacileJ
1243 3991 1300 4035 nec
1319 3952 1472 4060 aquali
1486 4009 1492 4017 ·

177 4061 222 4142 tor
237 4082 268 4141 in
283 4079 380 4141 variis
395 4077 706 4158 consanguineorum
721 4075 890 4157 gradibus·
897 4089 1088 4172 ocurrentcs,
1115 4080 1186 4142 ideo
1202 4081 1306 4144 locrrm
1324 4083 1474 4152 lecerunt
1552 4133 1558 4144 ·
1575 4141 1581 4152 .

176 4188 323 4270 pruleuti
348 4185 611 4268 Legumlatorum
637 4185 860 4267 arbitriaque
885 4185 981 4280 deret,
1010 4199 1046 4248 ut
1072 4189 1240 4274 naturale'
1227 4211 1281 4275 Jus
1304 4193 1486 4274 diversam

176 4315 231 4380 pro
246 4295 426 4359 diversitate
452 4295 673 4392 adjunctorum
700 4295 988 4375 interpretationem
1004 4293 1144 4392 habereq
1171 4299 1267 4360 modo
1292 4300 1377 4362 enim
1396 4311 1512 4381 pru-3·

175 4401 285 4464 dantia
300 4399 463 4478 suadebat,
491 4411 525 4462 ut
549 4419 590 4463 cx
618 4403 779 4464 remotiore
802 4403 886 4464 linea
900 4377 973 4484 q'tris
996 4404 1062 4464 siba
1151 4425 1247 4487 ugern
1264 4407 1527 4490 adscisceret,-

172 4512 318 4576 tuodout
338 4512 371 4574 in
397 4509 520 4574 familia
545 4521 714 4595 parentum
739 4529 871 4575 suorum
897 4507 1139 4578 matrimonium
1199 4517 1341 4598 lebraret;
1368 4519 1505 4642 siqui·
