3120 4980
231 411 536 472 ascensentur„
553 409 623 456 var.
646 407 825 469 amasos„
840 405 909 456 aar.
925 405 1077 454 essars.
1091 405 1197 454 seon.
1322 385 1364 452 dl

96 545 167 616 ratur,
188 536 367 618 ibidemque
391 550 487 598 amm
500 531 640 616 quisque
665 529 887 634 innocentiam
909 539 1086 596 testaretur.
1130 527 1242 596 Flacile
1257 537 1370 594 sumtu

97 643 142 705 sibi
154 643 354 725 persuadebat
367 642 509 707 Sanctus
524 639 677 720 haustas,
694 642 821 707 animos
842 637 1048 714 accrrsatoria,
1063 645 1095 698 et
1110 635 1153 699 rei
1168 633 1211 699 ad
1227 633 1306 700 illud
1322 652 1371 696 ss·

95 751 215 833 pulcrum
228 753 474 816 constitutorum
498 749 622 812 territos
638 747 861 830 magnitudine
889 743 1103 826 frequentium
1129 739 1367 818 miraculorum,

95 859 149 922 sine
160 861 323 940 atrrmnts,
337 873 397 924 aut
410 857 581 924 mendacio
595 854 807 920 confessuros.
851 854 963 936 Neque
980 853 1062 915 lenis
1077 862 1144 914 erat
1164 850 1226 912 ista
1241 866 1371 932 persua-

94 967 138 1046 sto,
152 981 305 1052 propterea
329 969 426 1052 qnod,
442 969 489 1032 uti
514 967 672 1034 scribebat
698 965 871 1048 Gregorius
897 963 1040 1048 Magnus
1065 963 1098 1024 in
1115 959 1249 1026 homilia
1270 959 1320 1022 32.
1338 957 1372 1022 in

95 1075 261 1160 Evangelia,
289 1079 335 1142 ad
348 1079 493 1144 catasta
509 1075 704 1160 Martyrum
730 1095 868 1158 corpora
892 1076 1036 1136 cicentes
1050 1073 1149 1152 aegri
1171 1070 1315 1146 maiust,
1341 1075 1374 1131 al

93 1193 243 1264 sanamur,
257 1187 389 1270 perjuri
403 1186 548 1262 veniunt,
574 1193 604 1248 et
619 1193 641 1248 a
655 1183 826 1248 doemonio
847 1190 1019 1246 vexantur.
1064 1179 1225 1244 Eamdent
1240 1178 1281 1242 ob
1296 1195 1374 1240 can·

93 1305 149 1351 sam
162 1292 327 1375 Gregorius
350 1291 437 1355 idem
453 1292 597 1374 Magnus
612 1291 645 1354 in
671 1311 743 1354 can.
759 1291 799 1367 8.,
815 1301 847 1354 et
871 1292 900 1354 9.
917 1289 1050 1352 cans‘t‘t
1077 1299 1201 1370 quaest.
1225 1290 1254 1350 li.
1271 1286 1375 1353 voluit

93 1395 254 1466 Maximum
280 1403 321 1466 de
347 1404 525 1468 simoniaca
551 1403 675 1466 haeresi
701 1413 890 1486 suspectum
915 1401 956 1464 ad
983 1421 1099 1483 corpus
1120 1402 1154 1466 S.
1177 1400 1374 1482 Apollinaris

93 1511 209 1590 pnrgari;
234 1522 264 1574 et
279 1511 433 1589 Monam,
459 1531 498 1574 ac
526 1511 680 1574 Mennam
707 1521 782 1572 ante
796 1529 912 1592 corpus
938 1510 1081 1592 Apostoli
1109 1509 1192 1572 Petri
1220 1519 1375 1592 purgatos

93 1609 174 1676 laissa
186 1629 414 1682 commemorat
428 1619 461 1681 in
477 1637 548 1681 ean.
564 1619 603 1696 6.,
619 1629 649 1679 et
665 1619 693 1680 7.
710 1636 798 1680 cans.
815 1615 844 1679 2.
860 1629 982 1698 quaest.
1000 1619 1028 1679 5.
1059 1615 1215 1688 Quados
1232 1617 1375 1698 reliquiis

91 1699 251 1806 Martyrum
267 1737 429 1808 receptum
445 1737 521 1805 erat,
547 1726 688 1808 idipsum
707 1725 915 1806 recipiebatur
940 1724 1101 1807 proposita
1116 1722 1235 1786 Christi
1260 1721 1376 1786 Serva·

92 1831 152 1893 toris
166 1833 274 1914 Crucc,
290 1845 474 1917 praesertim
491 1835 519 1896 si
534 1834 576 1896 ab
592 1831 754 1916 Episcopo
768 1843 955 1894 consecrata
967 1830 1090 1912 fnisset,
1107 1830 1148 1893 ob
1162 1829 1315 1912 majorem
1332 1846 1377 1890 re-

91 1941 262 2020 verentiam,
275 1957 361 2021 quae
375 1940 418 2003 ad
434 1939 524 2003 illam
539 1940 760 2022 exhibebatnr3
778 1937 866 2002 unde
881 1940 1012 2017 scimus,
1034 1936 1211 2020 aliquando
1223 1935 1377 2020 gravissi·
1468 2020 1471 2031 1

91 2060 148 2106 llas
163 2046 370 2129 poenitentias
394 2047 532 2112 indictas
546 2037 648 2110 fuisse
670 2047 702 2110 in
719 2067 783 2126 eos,
799 2047 856 2129 qui
871 2043 913 2109 ad
930 2047 1067 2110 Crucem
1089 2056 1310 2108 consecratam
1325 2061 1380 2126 pe-

86 2150 223 2232 jeravisse
237 2155 429 2240 deprehensi
444 2157 588 2236 fuissent,
616 2175 687 2218 can.
703 2157 733 2220 2.
748 2175 837 2219 cans.
862 2157 913 2218 22.
930 2167 1054 2238 quaest.
1070 2155 1099 2218 6.
1122 2153 1263 2236 idipsum
1279 2153 1390 2218 etiam-

90 2243 282 2346 raclpiohatur
297 2267 466 2350 propositis
484 2265 687 2351 Evangeliis,
704 2267 750 2329 nti
765 2267 797 2328 in
813 2285 886 2328 oen.
903 2265 951 2328 tt.
967 2283 1057 2328 caus.
1072 2263 1101 2326 2.
1118 2274 1242 2344 quaest.
1260 2263 1290 2326 5.
1326 2261 1379 2326 In·

89 2377 159 2434 terea
173 2375 213 2438 ob
227 2373 428 2458 frequentem
445 2395 541 2440 usum
557 2375 692 2438 istarum
709 2377 937 2458 purgationum
952 2373 1122 2469 hominnm
1137 2371 1272 2455 perfidia
1287 2370 1378 2435 salsis

88 2487 352 2563 protestationibus
378 2488 532 2568 assuevit,
559 2506 619 2550 nec
645 2499 755 2550 tantus
781 2486 842 2550 luit
868 2485 962 2550 timor
984 2483 1148 2570 pejerandi
1162 2481 1204 2546 ad
1227 2481 1380 2564 reliquias

88 2587 262 2679 hasprum,
278 2596 321 2660 ad
336 2596 484 2674 Crucem,
500 2607 532 2659 et
550 2593 742 2678 Evangelia
759 2594 969 2676 quamobrem
984 2591 1115 2658 sacculo
1129 2609 1215 2656 nono
1230 2591 1380 2654 invectus

86 2701 221 2765 astallus
244 2703 444 2788 purgationis
460 2701 576 2778 modiis
603 2703 739 2786 gravior,
766 2701 920 2766 nimirum
936 2701 989 2782 ita,
1016 2712 1052 2766 nt
1067 2719 1140 2764 reus
1162 2710 1237 2762 ante
1252 2719 1378 2764 sacratn

87 2801 316 2875 Eucharistiam
331 2813 525 2879 constitutus
541 2823 708 2876 testaretur
723 2813 844 2876 Christi
859 2813 994 2894 Corpus,
1013 2824 1044 2874 et
1059 2811 1263 2894 Sanguinem
1278 2810 1318 2874 dc
1333 2811 1380 2906 itr-

86 2915 222 2987 nocentia
237 2943 306 3003 stra,
332 2934 364 2986 et
379 2934 514 2998 testatas
530 2923 639 2996 statim
665 2923 928 3006 communicares
953 2925 1014 2988 sibi
1029 2923 1117 2987 enim
1141 2922 1380 3008 persuadebant

86 3027 226 3119 Episcopi
242 3036 329 3100 illius
345 3035 467 3114 aetatis,
482 3035 647 3100 nerninem
662 3037 728 3099 nisi
739 3037 936 3117 cautissime,
951 3047 983 3100 ct
994 3055 1069 3100 oum
1086 3038 1311 3119 protestatione
1326 3055 1380 3100 ve·

86 3139 175 3206 sitatis
188 3145 232 3209 ad
247 3155 374 3208 tantum
388 3135 645 3210 'Sacramentum
660 3165 877 3225 accessurum,
900 3165 942 3208 ne
953 3145 1112 3229 judicium
1124 3147 1221 3231 juxta
1237 3145 1381 3230 phrasim

85 3249 219 3330 Apostoli
236 3253 296 3318 sibi
313 3253 532 3334 manducaret,
547 3265 578 3318 et
594 3255 723 3318 biberet.
768 3257 914 3320 Primum
929 3257 961 3320 id
978 3257 1130 3322 constitui
1150 3233 1256 3340 coepit
1270 3257 1304 3321 in
1320 3257 1382 3322 Ca·

85 3355 205 3435 pitnlari
221 3359 478 3442 Aquisgransnsi
492 3360 652 3432 Ludorici
667 3361 715 3426 Pii
731 3364 809 3427 anni
824 3363 895 3428 817.
911 3383 981 3448 cap.
1007 3365 1065 3445 14.,
1081 3377 1113 3428 et
1128 3367 1161 3428 in
1177 3365 1381 3432 Monasteriis

84 3483 173 3548 penes
188 3471 376 3551 Monaehos‚
401 3471 455 3538 ihi:
480 3469 523 3538 bit
537 3471 578 3538 de
592 3473 693 3559 sarto
707 3476 830 3542 insono
855 3478 969 3556 oratio,
996 3485 1028 3542 ct
1052 3479 1383 3545 excommunicatae

87 3575 276 3664 Corporale!
292 3578 470 3666 amgrrea
488 3580 617 3648 Christi
621 3579 698 3666 fiat,
714 3605 856 3670 pisasque
870 3586 1048 3672 culpabilis
1063 3587 1263 3672 confiteatur.
1307 3585 1381 3652 Cla·

86 3689 145 3754 rins
158 3692 276 3758 deiude
292 3692 325 3757 id
339 3693 551 3758 constitutum
566 3705 616 3758 cst
630 3693 664 3758 in
679 3695 824 3760 Concilio
839 3696 1058 3762 vormaciensi
1073 3709 1141 3762 mm
1152 3705 1297 3782 respectu
1313 3697 1384 3762 Mo·

86 3801 267 3883 nechoram,
283 3821 383 3885 qnam
399 3813 545 3886 respectu
559 3801 767 3884 Clericornm,
785 3804 831 3868 uti
847 3803 970 3890 liquido
985 3817 1112 3871 constat
1126 3825 1168 3871 ex
1183 3825 1307 3872 canone
1321 3806 1383 3886 23,

83 3921 111 3973 et
122 3912 168 3977 25.
185 3893 274 3978 cana
292 3911 461 3998 aqussst.
477 3915 506 3978 5.
551 3913 665 4000 Neque
678 3915 789 3980 minns
803 3915 976 3982 commoda
990 3917 1153 3983 rideretur
1166 3917 1383 4002 interpretatio

83 4025 210 4090 maenis
223 4025 444 4092 'Pribaricnsis
459 4025 492 4092 in
507 4045 580 4092 can.
594 4025 625 4092 t.
640 4045 731 4092 caus.
746 4027 777 4092 2.
791 4039 915 4112 quaest.
931 4031 971 4109 5.,
986 4029 1014 4093 si
1029 4031 1102 4114 quis
1116 4031 1236 4095 dicaret
1249 4028 1383 4094 nomine

86 4129 222 4200 sanam
243 4135 505 4214 maone,
525 4151 697 4218 perquam
712 4133 865 4220 Episcopi
881 4134 922 4200 de
936 4137 1071 4202 crimine
1096 4135 1238 4220 suspeffl
1253 4135 1382 4218 interro·

84 4238 144 4316 gari
158 4237 358 4320 dicebantur,
385 4241 492 4306 venire
506 4241 643 4310 Sacram
669 4243 923 4310 Eucharistiam.
966 4247 1010 4310 At
1023 4245 1123 4310 etism
1137 4253 1229 4309 extra
1251 4245 1384 4308 Germa·

83 4345 176 4430 aiam,
191 4361 224 4414 at
237 4349 381 4416 Galliam
398 4349 497 4416 latius
522 4351 679 4436 producta
694 4351 789 4420 fuerit
802 4353 886 4418 haec
900 4353 1081 4439 disciplina,
1107 4351 1189 4420 mihi
1205 4355 1284 4418 satis
1297 4371 1384 4418 corn·

85 4469 205 4539 pertusa
219 4477 286 4528 noa
300 4467 358 4526 ast
400 4459 553 4528 'lantum'
565 4462 632 4528 scio
645 4461 760 4530 adem
775 4463 846 4549 ipsa
860 4464 969 4530 media
984 4463 1152 4530 Ecclesiae
1174 4473 1278 4529 aetate
1292 4461 1382 4528 inra-
