3276 4984
187 363 243 432 ΙΨ
556 409 559 416 -
638 389 881 444 mssnnrrmo
909 395 1039 443 nurui.-
1080 397 1082 402 ’

186 529 260 574 rum
274 507 483 594 institutione,
499 518 584 595 quus
608 513 815 598 demonstrat,
835 532 914 597 post
936 521 1123 606 conjugium
1138 533 1397 608 protoparentum
1413 543 1486 594 nos·
1502 543 1505 551 ·

187 630 317 698 trorum,
344 619 455 684 suurn
483 622 688 686 matrimonia
715 625 798 690 inter
825 623 946 708 iratres,
976 637 1165 713 sororesque
1188 627 1290 697 fuisse
1312 645 1485 719 contrecta,

184 738 218 792 et
245 725 377 811 quidem
403 729 448 794 ita
470 731 543 814 ipsa
564 730 754 814 disponente
783 745 908 800 natura
951 731 1045 818 Novi,
1071 739 1151 822 quid
1176 741 1283 824 vulgo,
1307 752 1340 808 et
1362 738 1484 826 passim

185 841 268 906 tradi
284 840 394 923 solean
410 842 565 908 nimirum
590 848 611 906 d
635 841 775 926 generali
800 855 936 908 naturae
958 845 1028 929 lege
1053 843 1231 932 dispensari
1253 849 1344 914 initio
1358 849 1484 916 debuit·

184 967 227 1027 se,
254 959 418 1031 propterea
442 947 531 1031 qued
556 949 647 1012 aliter
669 952 878 1034 perpetuitate
902 956 1027 1037 generis
1050 958 1185 1042 prospici
1208 959 1416 1042 nequivisset.
1439 963 1484 1026 At

182 1058 271 1122 enirn
288 1058 556 1138 ministrorum
569 1057 707 1124 candide
731 1060 839 1143 fatear,
856 1079 921 1127 non
946 1065 1025 1128 satis
1049 1065 1173 1150 placere
1194 1079 1298 1150 potest
1311 1069 1373 1132 iste
1387 1069 1486 1134 tradi-

183 1167 235 1248 tio,
252 1170 345 1251 quasi
361 1187 426 1232 non
441 1167 552 1250 procul
566 1167 629 1232 sits
650 1173 673 1234 a
697 1171 889 1234 contumelrr
918 1172 1063 1253 quadarn
1088 1175 1121 1238 in
1145 1173 1382 1259 providentium
1402 1177 1483 1242 divi·

182 1295 261 1344 nam
278 1277 453 1342 inferenda:
469 1277 676 1360 nequeenim
692 1297 834 1362 aequum
850 1276 977 1344 ridetur
1002 1282 1047 1345 ite
1056 1281 1201 1366 judicare
1215 1282 1256 1348 ds
1271 1301 1399 1350 summo
1413 1287 1483 1351 Nu-

180 1389 270 1454 mine
285 1397 419 1452 neturae
442 1389 664 1472 conjugiorum
689 1388 879 1466 institutore,
903 1401 960 1452 aut
974 1407 1029 1452 ess
1045 1401 1178 1454 naturae
1194 1389 1283 1474 leges
1295 1391 1484 1474 praestitus·

179 1501 236 1574 ret,
249 1513 333 1576 quae
348 1495 465 1574 statim,
481 1507 514 1558 et
538 1495 624 1558 illico
648 1499 767 1559 servari
792 1515 857 1560 non
880 1509 1017 1580 possent,
1045 1497 1131 1562 unde
1152 1499 1301 1582 exemplo
1315 1495 1483 1583 dispensa-

125 1683 129 1691 ι
180 1601 267 1664 tione
283 1601 469 1684 indigerent,
493 1619 530 1663 eo
553 1603 622 1684 ipso
648 1612 796 1684 tempore,
812 1623 877 1686 quo
900 1605 1038 1687 primum
1053 1604 1116 1668 sere
1132 1604 1355 1684 indicerentur,
1371 1607 1483 1672 mdes

180 1711 305 1791 tendes,
317 1711 588 1776 interturbandue.
634 1711 740 1793 Magis
757 1713 842 1776 lubet
858 1713 902 1776 ite
916 1714 1071 1795 imprimis
1079 1733 1155 1777 cum
1170 1716 1202 1778 S.
1218 1715 1400 1797 Augustino
1414 1717 1481 1780 dis-

179 1841 291 1886 serere.
335 1823 422 1886 inter
436 1823 528 1901 bona,
544 1841 628 1904 quae
645 1832 680 1884 ut
694 1837 736 1884 err
750 1823 907 1906 conjugiis
932 1821 1143 1902 dimanarunt,
1161 1835 1275 1886 natura
1290 1825 1480 1915 praestituit,

180 1950 229 1998 est
243 1944 396 2016 perpetue
409 1932 559 2011 charitas,
574 1951 657 2012 quas
673 1931 839 1994 universos
854 1932 1001 1994 homines
1017 1930 1149 1994 firmiter
1159 1932 1302 2012 sociaret,
1313 1951 1352 1995 sc
1366 1931 1481 1998 devin-

129 2057 136 2074 ⁴
179 2048 266 2126 clret3
292 2041 454 2126 friguisset
482 2039 577 2121 enim,
603 2053 661 2105 aut
686 2043 839 2123 tepuisset
861 2041 925 2120 illa,
952 2041 978 2104 si
1004 2040 1152 2103 homines
1177 2041 1319 2104 universi
1344 2061 1398 2124 per
1421 2061 1478 2107 vs·

178 2155 240 2218 rios
256 2153 401 2217 surculos
417 2153 523 2236 geniti,
539 2162 570 2214 et
593 2161 714 2214 remote
739 2169 778 2213 ac
803 2169 858 2233 per
884 2151 1004 2234 gradus
1020 2149 1250 2233 propemodum
1264 2150 1408 2214 infinitos
1418 2151 1478 2226 de·

176 2264 319 2328 clinente
334 2262 525 2338 cognatione
540 2278 609 2320 sese
624 2267 737 2322 mutuo
760 2267 949 2340 spectantes,
974 2257 1116 2339 quodam
1142 2257 1311 2321 vinculum
1325 2268 1478 2340 paratum

177 2375 318 2438 sibinen
334 2371 555 2453 intelligerent,
571 2387 637 2450 qno
651 2369 764 2430 sociari
787 2369 904 2430 arctius
930 2369 1046 2436 iterum
1070 2377 1209 2448 possent;
1222 2365 1309 2447 quod
1330 2367 1477 2432 maxime

176 2483 214 2546 fit
228 2479 448 2555 matrimoniis,
465 2477 619 2560 majorem
642 2493 729 2554 sene,
755 2485 786 2538 et
811 2475 904 2556 quasi
931 2471 1102 2536 fraternam
1130 2471 1385 2536 benevolentiam
1399 2492 1477 2538 oon-

175 2591 369 2668 ciliantibus,
385 2588 503 2670 quibus
526 2587 569 2665 fit,
586 2597 622 2648 ut
644 2585 788 2648 nondun
814 2584 959 2646 homines
983 2593 1117 2659 tanturn,
1135 2580 1192 2642 sed
1206 2579 1290 2642 duae
1316 2581 1413 2643 etiam
1426 2581 1475 2644 ts,

174 2703 282 2766 miliae
299 2701 396 2765 unius
411 2697 516 2780 speciq
529 2695 571 2758 ob
585 2713 704 2757 novam
720 2693 886 2758 inductam
901 2691 1168 2754 necessitudinem
1183 2689 1371 2752 habeantur.
1411 2690 1474 2752 Ge-

173 2809 291 2873 neralis
320 2807 380 2870 iste
408 2803 545 2889 conjugii
577 2801 660 2882 finis,
682 2821 781 2884 quem
804 2813 921 2864 nauus
946 2798 1109 2882 spectavit,
1136 2797 1170 2860 in
1193 2796 1474 2882 filiisprotoparerr·

173 2931 225 2980 tur
239 2913 358 2996 optime
373 2909 573 2993 implebitur,
588 2927 665 2970 cunr
681 2908 883 2970 matrimonio
899 2907 959 2988 ipsi
974 2907 1112 2968 invicem
1118 2907 1338 2988 jungerentur.
1370 2903 1474 2968 Tune

172 3027 260 3089 enirn
276 3035 391 3086 nature
402 3022 510 3083 minus
526 3019 693 3080 verebatur
708 3017 749 3079 de
763 3016 921 3078 discordie
931 3017 1011 3078 iuter
1022 3023 1177 3096 parentes,
1190 3023 1222 3074 et
1237 3012 1350 3076 liberos
1364 3014 1475 3078 couci·

172 3133 281 3200 tende:
307 3144 435 3195 tentum
460 3129 591 3192 timebat
617 3127 656 3190 de
679 3126 818 3189 fraterno
843 3123 984 3204 dissidio;
1002 3122 1197 3204 proindeque
1214 3131 1340 3184 tanturn
1355 3121 1473 3190 sellici-

170 3253 204 3306 ta
218 3242 258 3303 de
273 3241 412 3304 fraterna
437 3238 591 3300 charitate
614 3234 762 3313 fovenda,
789 3235 827 3298 iis
843 3233 920 3314 ipsis
943 3230 983 3293 de
1006 3231 1128 3320 causis,
1148 3229 1267 3312 quibus
1282 3230 1471 3312 parentibus

169 3348 399 3414 abstinendum
413 3347 573 3430 praecepit
587 3351 606 3410 d
621 3343 898 3428 conjunctionibus
924 3340 1102 3420 liberorum,
1130 3341 1241 3421 voluit,
1264 3353 1301 3404 ut
1315 3341 1405 3407 liberi
1419 3344 1470 3408 in·

169 3459 274 3521 vicem
285 3459 503 3540 jungerentur,
518 3473 583 3535 quo
599 3452 674 3516 inde
689 3451 818 3513 solidior
842 3449 1026 3514 redderetur
1047 3447 1186 3514 fraterna
1198 3449 1377 3533 concordia3
1394 3462 1470 3520 turn

168 3583 243 3625 vero
258 3565 398 3646 primum
414 3564 548 3624 vetitum
562 3561 660 3622 etiarn
687 3559 794 3643 voluit,
822 3579 862 3620 ue
887 3559 999 3622 iratres
1021 3578 1141 3621 sorores
1156 3559 1316 3640 ducerent,
1331 3562 1469 3642 quando

166 3673 274 3757 plures
295 3681 492 3753 emergerent
513 3683 759 3751 propagatorum
784 3669 954 3730 hominum
977 3667 1097 3749 gradus
1123 3686 1260 3748 quorum
1283 3667 1468 3732 instauran-

166 3784 227 3847 dae
249 3785 490 3846 beuevolentiee
515 3781 713 3844 studendum
741 3779 927 3862 oportunius
957 3778 1124 3844 videretur.
1168 3780 1391 3850 Quamobrem
1416 3779 1468 3845 ita

165 3903 284 3952 cuncta
309 3909 351 3954 ex
379 3889 490 3953 ordine
514 3890 636 3952 Divina
665 3889 870 3952 Providentia
896 3888 1011 3967 tribuit,
1037 3899 1071 3950 ut
1093 3889 1217 3972 quoties
1243 3907 1364 3970 magns
1387 3907 1467 3972 spes

163 4011 248 4060 esset
276 3999 430 4079 futurum,
461 4010 496 4062 ut
525 4000 672 4062 homines
700 3999 840 4062 invicem
860 4000 930 4082 jam
959 3999 1136 4062 arctissimo
1162 3997 1293 4062 vinculo
1318 3997 1466 4080 colligati

164 4110 287 4172 mutuis
303 4129 337 4171 se
351 4108 585 4172 adfectionibus
610 4107 902 4190 complecterentur,
929 4119 999 4170 turn
1020 4106 1153 4170 demum
1175 4105 1216 4167 da
1240 4105 1397 4187 conjugiis
1413 4105 1464 4170 iu·

163 4225 210 4276 ter
224 4214 304 4278 alios
319 4215 424 4298 potius
439 4215 589 4278 ineundis
615 4215 719 4299 legem
743 4216 927 4300 explicaret,
949 4215 1001 4280 de·
1015 4215 1132 4296 quibus
1159 4223 1248 4276 tanta
1272 4231 1346 4295 spes
1360 4214 1464 4278 hebe-

162 4327 188 4390 ri
204 4345 268 4390 non
285 4337 413 4410 poterat.
457 4327 507 4390 De
521 4327 660 4390 duorum
684 4328 851 4393 homiuum
878 4347 920 4390 ex
945 4327 1058 4390 eodem
1074 4337 1205 4408 parente
1220 4327 1461 4408 progenitorum

159 4439 323 4534 cheritqte,
339 4436 395 4501 ubi
419 4436 599 4520 multiplex,
614 4447 646 4501 et
666 4435 741 4500 susa
766 4455 906 4521 propago
930 4453 1000 4500 esse
1025 4434 1137 4518 coepit,
1162 4452 1317 4516 magnam
1342 4432 1462 4498 habuit
