3120 4980
272 437 319 482 na
335 428 541 494 amareris,
558 427 791 491 rra-aeratam,
808 422 854 476 rer
871 427 1140 476 ecarerrrrrcre.
1316 408 1361 476 89

14 597 16 606 =
78 554 278 634 unnedicere,
294 575 365 639 cap.
393 558 420 620 1.
430 547 478 618 ‘de
492 553 671 634 haereticis3
698 550 977 635 quemadmodum
998 561 1030 615 et
1044 551 1096 616 lris
1117 549 1298 616 haereticus
1312 549 1359 614 di·

78 663 179 728 candus
191 675 286 740 esset,
301 662 356 742 qui
371 673 442 724 turn
457 659 591 724 demum
606 675 643 720 aa
657 670 806 742 paratum
819 657 987 722 exhiberet
1006 657 1051 720 etl
1063 655 1280 720 obediendum
1299 655 1359 718 lic·

77 770 181 847 clasiae,
196 785 274 833 enm
297 767 340 830 de
353 769 486 833 raritate
501 768 652 850 propositi
676 766 840 849 dogmatis
854 767 1075 845 convincatur,
1100 775 1292 846 argumento
1306 784 1359 827 ca-

77 875 151 937 nonis
164 875 195 936 2.
209 888 299 936 caua.
314 873 364 937 23
383 888 517 954 quaest,
533 876 570 954 1,
587 885 619 941 et
633 875 769 938 munais
783 873 833 938 30.
849 891 936 938 carre.
953 873 1004 938 24
1020 883 1143 954 quaest.
1160 873 1188 936 3.
1212 872 1359 938 'Librum

78 995 176 1060 rrum,
189 982 383 1065 opinionem,
407 983 600 1046 sententiam
615 983 724 1048 stetini
738 983 886 1046 dicemus
900 981 1105 1061 haereticam,
1128 1001 1168 1044 ac
1182 979 1359 1064 deprehen·

78 1091 173 1157 denus
185 1094 413 1180 ecclesiasticis
436 1092 643 1176 dogmatibus
657 1093 832 1172 adversari,
856 1092 999 1156 etiamsi
1014 1103 1126 1158 auctor
1151 1111 1194 1158 ex
1209 1092 1359 1174 ignorari·

78 1205 112 1270 tir
123 1206 287 1288 scripserit,
302 1206 353 1268 rel
370 1207 632 1288 pronuntiaverit
652 1261 653 1264 ,
675 1204 778 1276 Quod
793 1217 830 1268 ut
844 1203 963 1268 clarius
981 1203 1171 1286 explicetur,
1187 1203 1358 1268 observen-

76 1314 205 1392 dumest,
232 1313 404 1396 multiplex
419 1315 581 1396 designari
607 1331 709 1396 genus
736 1313 988 1396 propositionum
1013 1331 1150 1376 censure
1172 1313 1356 1396 dignarum

14 1411 16 1416 ’
75 1418 142 1482 eliae
154 1431 232 1484 curn
245 1421 370 1504 proprie
395 1421 575 1486 haereticae
589 1421 779 1505 apellantur,
805 1421 890 1485 uliae
904 1421 1067 1504 rapientes
1089 1421 1257 1500 irrereslar,
1273 1422 1358 1486 aliae

76 1529 143 1594 uile
156 1541 316 1610 sonantes,
343 1529 427 1595 eliae
443 1530 662 1614 blasphemae,
688 1530 771 1594 eliae
788 1531 914 1613 impiae,
941 1529 1026 1594 aliae
1047 1541 1198 1596 erroneae
1220 1541 1357 1614 muntem,

76 1661 120 1707 reu
133 1641 238 1721 salsae,
254 1639 339 1706 allae
363 1643 559 1720 temerariae,
576 1643 659 1707 aliae
673 1641 905 1722 scandalosae,
916 1640 1001 1706 eliae
1015 1641 1252 1721 echianaticre,
1274 1643 1357 1706 aliea

74 1749 236 1834 irrjrrriesae.
280 1749 468 1816 Haeretioas
485 1751 607 1833 proprie
622 1747 770 1827 dicimus,
796 1747 1054 1831 qrraeadrersor
1078 1748 1280 1832 dogmaticas
1298 1751 1358 1812 Fro-

72 1856 172 1922 clerire
184 1857 392 1922 delirddonas
414 1857 704 1940 directopugnant,
730 1855 919 1920 Veluniate:
935 1855 1086 1920 (llrrimur
1107 1873 1172 1921 uon
1188 1868 1237 1920 est
1253 1855 1355 1938 Deua

5 2009 6 2012 ,
72 1965 216 2048 rrplerrtes
231 1965 399 2045 haeresim,
429 1981 514 2046 quae
529 1964 633 2047 primo
656 1947 772 2028 obtutu
796 1961 949 2027 videntur
972 1961 1162 2042 haereticae,
1186 1961 1297 2026 adhue
1311 1974 1358 2026 te-

71 2086 136 2136 mo
148 2081 284 2154 possunt
293 2073 390 2155 juxta
404 2089 521 2136 sarram
538 2069 705 2136 Ecclesiae
719 2071 899 2134 doctrinam
913 2069 1078 2154 explicari,
1094 2072 1181 2136 nrale
1196 2083 1357 2153 sonantes,
1450 2098 1452 2102 >

69 2192 142 2258 quae
152 2197 208 2263 per
221 2197 258 2244 se
284 2179 416 2262 qnidam
430 2185 451 2245 a
464 2177 636 2244 Oechaliae
661 2179 727 2244 tide
740 2199 806 2244 narr
821 2179 982 2262 diaooant,
1007 2199 1073 2246 noa
1088 2193 1165 2248 sunt
1188 2193 1297 2247 tarrren
1313 2183 1358 2247 se·

68 2283 174 2349 rendre
185 2287 219 2350 in
235 2287 355 2369 annui
376 2287 418 2350 de
431 2285 558 2354 haeresi
572 2287 617 2352 rit
626 2298 806 2371 surpectus,
821 2290 923 2354 veluti
937 2292 966 2354 ei
979 2292 1062 2374 quie,
1084 2311 1182 2376 quern
1197 2295 1357 2360 Alienum

67 2398 350 2480 amemprcernur,
364 2399 491 2479 dixerit,
508 2399 637 2464 Patrem
652 2399 760 2467 Deum
775 2419 846 2464 aare
861 2401 990 2466 Christo
1005 2405 1167 2488 rariorem
1189 2406 1356 2490 blasphae-
1461 2492 1471 2499 ,.
1555 2445 1556 2448 ¹

66 2517 138 2582 mna,
152 2505 276 2586 qemun·
289 2505 417 2589 injuria,
438 2516 499 2571 aut
518 2505 716 2572 contumelia
741 2504 899 2589 irrogatur
923 2507 958 2573 in
974 2507 1090 2590 ilenur,
1105 2509 1207 2576 veluti
1233 2513 1261 2576 ai
1286 2517 1362 2595 quis

67 2607 165 2678 Deum
188 2615 355 2698 injustum·
371 2614 499 2696 diceret3
526 2615 653 2697 impias,
677 2619 765 2698 qnae
787 2615 946 2681 adversus
971 2619 1123 2702 pietatem
1149 2619 1362 2704 preferuntur,

64 2721 330 2802 quemadmodum
356 2723 385 2788 si
408 2723 483 2806 quis
507 2722 712 2806 praediceret,
737 2724 963 2808 eleemosynae
988 2743 1053 2792 non
1068 2747 1140 2794 erm
1162 2729 1359 2814 largiendam

64 2845 203 2894 retroneis¹
225 2841 363 2909 tamum,
390 2847 448 2896 eeu
476 2828 584 2910 tetras,
606 2847 696 2912 quoe
721 2831 846 2896 tentati
869 2843 1054 2917 repugnent
1075 2847 1169 2902 extre
1190 2854 1309 2902 censes
1324 2837 1361 2902 sr-

62 2937 196 3021 iciant
221 2958 360 3022 mortim3
384 2943 576 3022 temerarias,
601 2961 688 3025 qrrae
713 2953 839 3024 temere,
864 2959 896 3008 et
921 2947 992 3009 sine
1019 2967 1121 3012 carrae
1146 2947 1359 3032 prosecuntur,

62 3049 155 3114 veluti
173 3053 199 3116 ai
225 3051 300 3134 quis
324 3050 531 3135 praedicaret,
557 3063 629 3134 poet
653 3063 785 3116 centnm
809 3071 915 3116 annor
941 3052 1086 3118 intutum
1112 3056 1254 3138 supremi
1274 3057 1359 3140 jndi-

61 3155 97 3218 cii
124 3157 222 3241 diem3
247 3159 469 3238 scandalosns,
498 3179 584 3243 qnae
611 3160 817 3225 audientibus
846 3164 1032 3244 praesertim
1062 3163 1298 3246 infirmioribus,
1327 3177 1362 3232 et

59 3267 165 3332 minus
189 3269 325 3334 arrrditis
353 3271 386 3334 in
416 3269 564 3334 doctrina
587 3269 675 3334 fidei
694 3271 890 3336 scandalum
920 3273 1118 3354 ingenerant,
1147 3287 1179 3338 et
1207 3277 1362 3360 praebent

59 3373 181 3442 facilem
205 3380 333 3444 errandi
359 3381 571 3460 occasionem3
602 3381 835 3460 schismaticae,
863 3401 949 3466 qnae
977 3383 1160 3465 seditiones,
1189 3398 1221 3450 et
1250 3388 1362 3450 turbas

58 3497 194 3566 movent,
222 3487 323 3552 veluti
351 3489 480 3570 siquis
507 3489 634 3568 diceret,
664 3489 752 3552 rnelo
778 3490 921 3574 praelato
948 3511 1015 3556 neu
1040 3513 1121 3558 esse
1139 3495 1359 3578 obtemperen-

57 3586 145 3672 tuen
171 3593 345 3675 inlrrrioaae
367 3593 517 3676 denique,
537 3615 621 3678 quae
636 3597 813 3698 detrahunt
837 3599 1108 3682 aliquidcrrldem
1129 3603 1276 3670 fidelium
1298 3617 1361 3672 stu-

55 3697 107 3770 tui,
132 3699 187 3762 vel
211 3697 399 3768 conditioni.
442 3701 516 3766 Nun
542 3716 701 3786 repugnat
722 3717 841 3786 autern,
871 3727 984 3796 unam,
1006 3709 1220 3794 eamdemque
1250 3731 1361 3796 propo-

53 3804 204 3874 sitionem
224 3793 371 3892 pluribus
385 3812 573 3896 lnrjuamotll
601 3815 684 3878 notis
698 3815 794 3878 adfici
812 3833 914 3900 pesse.
959 3819 1045 3884 Hinc
1067 3819 1165 3902 plane
1189 3821 1359 3906 colligitur,

52 3927 113 3976 non
141 3916 255 3980 statim
280 3937 322 3981 ae
335 3919 510 3986 damnatus
528 3935 577 3985 est
601 3924 738 4008 alicnjus
757 3925 841 4005 liber,
858 3939 915 3990 aut
930 3930 1111 4011 propositio,
1132 3937 1254 3996 censeri
1270 3933 1359 3998 dern-

49 4031 215 4094 ratumne
239 4028 330 4092 illius
354 4042 527 4110 auctorem,
553 4051 652 4114 quem
673 4031 752 4098 forte
777 4035 830 4098 vel
843 4037 1034 4117 ignorantie,
1061 4037 1113 4102 vel
1135 4038 1199 4102 eliu
1220 4057 1285 4104 non
1301 4041 1358 4103 irn-

48 4134 230 4210 probebilis
252 4153 511 4222 museexcnaet,
537 4163 608 4226 cap.
623 4143 653 4206 2
669 4142 710 4206 de
735 4163 867 4211 sumina
882 4145 1052 4227 Trinitatc,
1078 4159 1244 4230 extravag.
1271 4150 1301 4212 2.
1317 4150 1359 4214 de

45 4237 167 4310 haeret.
197 4249 453 4330 int.-cnmm.,e
478 4253 637 4316 contrario
661 4251 817 4328 damnato
843 4267 981 4336 auctore,
1008 4257 1118 4328 statim
1143 4258 1356 4340 ejusctrdicee

42 4346 225 4420 damnatos
238 4359 386 4442 intelligi,
401 4359 526 4444 capi.
541 4361 584 4426 de
597 4339 728 4442 neer‘er,
755 4362 773 4426 l.
789 4364 827 4442 6.,
844 4375 876 4426 et
890 4365 918 4442 Β,
936 4367 958 4431 l.
974 4365 1004 4428 a
1020 4363 1090 4428 ced.
1113 4362 1183 4431 eod.
1201 4363 1257 4442 tit,
1274 4363 1357 4428 Nor.

40 4457 90 4523 42.
106 4483 185 4552 cap.
209 4471 236 4532 t.
253 4472 274 4538 i.
290 4469 330 4550 2.,
355 4470 421 4554 nisi
435 4469 523 4536 aliae
543 4471 583 4542 tle
601 4471 688 4540 libris
702 4484 859 4556 ageretur,
881 4473 920 4622 ,ile
934 4473 1053 4622 qnilflps
1080 4473 1172 4621 nir2lle
1188 4471 1360 4540 haereseos

917 4577 974 4622 err.
1046 4595 1096 4620 .-
1141 4605 1148 4622 .
