3276 4984
240 399 324 448 onur
346 397 434 442 stur
455 379 662 453 arbusteis,
685 391 733 436 en
755 387 922 440 cuonone
942 377 1250 436 consultaturus.
1354 374 1394 438 51

49 569 50 572 ,
133 521 224 586 vincire
236 522 335 586 solent
344 523 440 604 juxta
454 515 712 584 vetustissimum
726 527 857 591 morem,
872 528 943 576 can.
959 511 988 575 3.
1004 521 1035 576 et
1049 513 1078 578 7.
1095 531 1182 576 caua
1205 513 1255 578 30.
1271 529 1397 598 quaest·

131 631 160 708 h,
172 629 391 710 demonstraret,
405 627 569 712 sponsalia
583 623 683 688 fuisse
706 629 878 702 conuecto,
904 622 966 686 nisi
979 623 1058 686 'alie
1084 621 1337 706 suffragarentur
1351 627 1400 692 in·

131 738 341 822 diciarelquia
355 737 538 822 provinciae
552 733 724 816 disciplina
750 732 783 794 in
810 729 993 814 postularet,
1019 729 1068 792 vel
1095 729 1173 811 quia
1198 733 1399 814 sponsalium

130 846 496 932 nundopreec'essisset,
506 841 630 928 jndicio
656 859 737 920 meo,
764 839 932 904 nonsatis
957 847 1078 902 certam
1104 839 1305 938 sponsalium
1330 859 1399 922 pru·

129 957 260 1024 irationem
271 956 408 1035 adferre,
423 963 613 1038 argumento
626 947 762 1034 capituli
778 943 830 1012 ll!
844 947 887 1012 de
900 947 1171 1030 praesumptione.
1216 949 1341 1012 Potiore
1349 951 1401 1036 ju·

129 1083 217 1128 nnon
237 1063 454 1142 concludetur,
469 1059 553 1124 ‚ideo
578 1059 743 1142 sponsalia
769 1056 876 1120 fnisse·
893 1067 1064 1134 contracta,
1088 1053 1176 1138 quod
1199 1057 1284 1124 inter
1306 1057 1408 1146 ottog'

127 1169 271 1236 unitates
286 1169 448 1254 quaedam
464 1165 624 1260 ‘loquendi
647 1163 807 1228 formulae
829 1177 1000 1245 expressae
1025 1161 1299 1245 irrumpentibus
1320 1164 1407 1230 torte

128 1291 261 1344 nntuoee
286 1291 422 1364 sponsos
448 1275 672 1354 salutaverint,
698 1273 852 1338 nisi·alia
866 1271 1028 1356 'adjuncta
1052 1273 1406 1355 concurrantsseteniin‘

126 1387 255 1452 exanimi
271 1387 411 1465 levitate,
427 1405 493 1468 qua
514 1381 680 1464 quaedam
702 1383 830 1466 pr'aeter'
852 1381 1030 1462 sincerem,
1044 1392 1077 1444 et
1101 1376 1404 1450 solidanivolrut'ass

126 1506 171 1562 teu
185 1497 435 1578 pronuntiantur,
448 1509 750 1558 ⁴verusconsensus
776 1491 918 1556 minime
931 1489 1102 1570 inducitur,
1121 1487 1407 1574 urremadrnoduin'

125 1603 246 1672 delinivit
260 1607 471 1673 lastinianus
483 1603 517 1668 in
532 1599 637 1688 specie
643 1601 766 1680 militis,
781 1601 915 1683 quinon
929 1603 1001 1662 selo
1014 1579 1404 1683 qrtemquarn'h'deiodem

123 1734 199 1782 sunm
210 1716 447 1794 declararisset,
464 1715 538 1778 licet
552 1711 633 1776 elias
648 1728 762 1776 venun
788 1712 837 1789 sit,
862 1713 1051 1772 oettame'uta
1080 1710 1219 1776 rnilltlrlri
1234 1707 1337 1776 'milia
1351 1713 1407 1799 jri-¹

124 1823 155 1886 ris
166 1826 360 1892 solemnitate
374 1823 610 1908 indigena'lrl.
627 1819 761 1886 institut.
777 1819 820 1883 de
834 1817 963 1884 militari
989 1829 1191 1884 testamenta
1232 1820 1323 1893 Quia
1349 1840 1402 1888 roz

122 1953 222 2020 usepo
236 1935 405 2018 contingit,
422 1945 514 1998 utex
529 1929 772 1996 inconsideratis
793 1917 979 2014 hujusmodi
1005 1927 1159 2010 loqttendi
1182 1927 1328 1996 tunnulis
1337 1929 1407 2018 jur‘·

121 2041 163 2122 gia
186 2045 256 2108 oriri
283 2043 421 2117 soleant,
451 2050 490 2104 et·
509 2035 747 2104 contractorum
776 2037 977 2119 sponsalium
1006 2039 1219 2122 conjecturae
1235 2042 1410 2124 capiantui

120 2154 244 2218 oonsiuc
258 2150 524 2228 contradictione,
547 2167 614 2212 non
638 2143 909 2228 inopportuneiu
936 2143 1101 2208 nonnullis
1120 2145 1326 2214 'dioecesibus
1351 2149 1406 2214 de·

118 2273 222 2326 cretum
235 2274 295 2342 est,
312 2272 349 2324 ut
363 2257 536 2348 nonealies
559 2255 725 2339 sponsalia
749 2273 825 2316 vere
845 2265 1015 2318 contracta
1029 2255 1287 2342 intelligerentur,
1303 2279 1405 2342 qnam

119 2369 226 2434 nicerte
241 2368 475 2436 intervenirent
490 2366 534 2430 rei
548 2373 662 2448 gestae
672 2363 865 2442 testimonla;
891 2363 1046 2426 nimirum
1061 2351 1199 2443 'alieubi
1217 2373 1251 2430 ut
1266 2365 1332 2432 dno
1346 2374 1407 2430 tes·

119 2485 153 2536 tos
165 2487 268 2540 esunt
283 2473 468 2551 necessarii,
484 2472 536 2538 vel
551 2483 587 2538 ut
601 2473 636 2536 iu
650 2471 805 2554 scriptum
819 2483 893 2535 acta
918 2467 1148 2554 redigerentur,
1164 2475 1282 2540 ellcubi
1297 2478 1405 2558 etiam,

118 2589 146 2640 ut
167 2601 274 2646 coram
289 2579 440 2644 Perocho
447 2579 697 2664 celebrarentur,
711 2578 1015 2662 quamquamaltht
1029 2575 1236 2648 interdictum
1262 2589 1408 2656 uovdrTnt'
1425 2583 1429 2622 ⁵

117 2705 147 2750 ne
159 2690 327 2756 Paroohus
341 2689 541 2766 interveniat,
557 2707 599 2774 up
624 2686 703 2754 forte
727 2689 914 2770 connugat'
929 2689 1001 2752 snb*
1016 2685 1182 2772 praetextu
1205 2698 1429 2778 sponsalium‘

118 2795 285 2864 Paroohum
301 2817 404 2868 cansa
420 2797 615 2863 matrimonii
640 2797 747 2879 potius
771 2793 956 2860 celebrandi
982 2793 1140 2862 adr'oeari'
1158 2795 1201 2862 ad
1226 2801 1407 2868 eludendas

116 2901 388 2970 denuntiationum
404 2903 499 2986 leges.
543 2903 618 2971 Non
633 2920 784 2980 mentem
805 2901 891 2986 quid
915 2903 1093 2968 exhibeant
1106 2903 1410 2990 singulernmdioe-

115 3031 213 3080 oeseon
229 3033 350 3096 mores,
366 3031 457 3094 quos,
473 3021 565 3096 prout
591 3030 640 3074 res
667 3010 820 3090 inciderit,
841 3031 886 3076 ex
907 3010 1177 3080 dioecesanorum
1194 3019 1407 3102 ‘synodorum

115 3119 232 3188 lectione
257 3121 488 3204 uniusquisque
510 3119 678 3192 commode
704 3119 869 3203 intelliget
912 3123 1063 3212 Tantum
1080 3123 1419 3214 elmanensem·

116 3233 190 3297 unni
207 3221 351 3298 ¹nullam
372 3249 445 3292 esse
470 3229 692 3323 praestitutam
717 3229 1011 3296 contrahendarum
1036 3236 1236 3317 sponsalium
1259 3238 1405 3324 sormam,

117 3333 218 3422 illaque
248 3337 365 3402 statim
396 3335 512 3415 valere,
540 3355 579 3400 ac
607 3337 835 3400 contrahentes
860 3340 921 3422 ipsi
950 3343 1175 3425 consmuunu
1196 3351 1407 3428 quamohrem

116 3447 265 3528 sponsalia
280 3457 371 3512 recte
383 3443 520 3510 definies
534 3464 611 3510 curn
634 3443 654 3509 J
657 3445 859 3520 nreoonsulto
884 3448 919 3510 in
945 3447 965 3510 l.
984 3449 1011 3512 l.
1027 3449 1060 3514 ff.
1076 3449 1116 3516 de
1132 3456 1284 3538 spumei,
1297 3463 1332 3524 ut
1343 3462 1409 3528 sint

117 3563 220 3625 mentio
233 3570 266 3625 et
281 3557 498 3644 repromissio
504 3559 711 3642 suturarum
725 3561 934 3642 nuptiarum.

119 3671 124 3682 '
149 3669 302 3740 Qrtorum
327 3684 505 3730 consensus
536 3667 721 3748 requiratur,
751 3685 954 3750 quorumque
984 3669 1125 3736 sufficiat
1146 3673 1180 3739 in
1205 3683 1431 3761 sponsalibus'

116 3771 344 3850 contrahendis,
367 3791 434 3836 nou
460 3791 525 3836 una
547 3770 735 3838 delinitione
759 3777 989 3860 comprehendi
1014 3791 1128 3862 potest.
1169 3783 1332 3854 Nimirum
1355 3811 1411 3855 va·

118 3882 154 3943 ria
166 3887 302 3967 antiquo
312 3885 384 3968 jure
400 3881 568 3966 disciplina
584 3881 645 3946 luit
660 3883 702 3946 ab
716 3903 763 3961 ea,
788 3905 874 3968 quae
899 3887 1028 3952 invecta
1052 3894 1278 3959 recentioribus
1300 3919 1412 3966 saecu-

117 3983 156 4068 lis,
169 3989 316 4075 adparet:
333 3989 441 4052 variae
457 4009 585 4072 quoque
601 4002 677 4056 sunt
692 4011 902 4074 personarum
918 4008 1020 4078 notae,
1036 4017 1112 4063 oum
1137 4001 1229 4066 alind
1251 4005 1287 4070 in
1308 4027 1413 4090 perso-

118 4095 329 4184 nispaternae
344 4099 491 4182 potestati
507 4101 656 4184 subjectis
683 4114 846 4186 receptum
871 4103 974 4186 fuerit,
1001 4107 1110 4172 habito
1135 4111 1233 4175 ctiam
1259 4115 1415 4184 discrimi-

118 4222 150 4268 ne
162 4209 396 4284 masculorum,
413 4219 445 4270 et
460 4207 653 4274 seminarum
668 4210 759 4274 aliud
776 4213 808 4274 in
833 4218 976 4296 personis
999 4221 1142 4303 suijuris
1161 4241 1300 4304 quarum
1316 4225 1416 4292 etiarn
1437 4221 1440 4258 ²

119 4331 251 4400 respectu
269 4317 438 4404 notandae
461 4327 538 4382 sunt
562 4317 669 4380 variae
695 4321 839 4398 rationes,
858 4335 950 4402 prout
965 4325 1087 4388 scilicet
1109 4327 1198 4409 ipsae
1224 4341 1281 4390 aut
1306 4330 1415 4394 adhue

119 4423 144 4488 in
158 4427 315 4514 pupillari
330 4435 432 4493 aetat¹
447 4425 638 4510 consistunt,
654 4445 694 4494 ac
715 4427 779 4496 tub
801 4439 958 4516 potestate
980 4435 1101 4518 tutoris,
1125 4447 1183 4502 ent
1208 4439 1347 4502 minores
1373 4441 1419 4506 di-
