3168 4982
162 383 227 450 228
530 409 773 460 nrsenarsrro
795 416 951 480 serare,
974 422 1051 469 cre.
1073 398 1111 470 V.

161 547 405 614 quamcumque
421 533 585 618 religionis
598 537 827 620 professionem
844 541 914 606 sive
926 563 1120 628 expressam,
1136 541 1206 613 sive
1220 544 1361 631 tacitam,
1375 549 1474 616 dtttn‘

161 637 257 701 modo
271 638 387 704 fuisset
403 641 513 726 religio
529 664 583 728 per
598 640 715 711 Sedent
731 649 949 732 Apostolicam
964 653 1150 738 adproirata3
1168 658 1295 741 jamdiu
1311 663 1397 726 enim
1413 664 1470 726 ob·

161 747 302 811 tinuerat
331 752 527 833 temporibus
557 753 733 820 Bonifaccii
763 756 862 838 Vlll,
879 771 915 823 nt
943 759 1035 826 nulla
1060 764 1184 831 institui
1214 765 1324 848 religio
1349 781 1467 850 posset,

130 931 132 935 ⁸
160 858 223 920 nisi
252 859 425 924 accedente
454 861 549 927 Sedis
579 865 783 946 Apostolicae
812 869 1009 948 auctoritate,
1038 873 1180 960 capuit.
1197 873 1237 938 de
1264 875 1350 959 relig.
1368 876 1467 956 dom,

159 986 229 1048 cap.
247 987 300 1030 un.
318 969 377 1032 eod
407 970 455 1033 tit.
470 971 504 1035 in
519 973 547 1035 6.
591 973 673 1038 Inde
702 974 834 1058 insuper
861 976 991 1042 habitae
1019 978 1152 1042 inerunt
1179 991 1325 1046 veterum
1349 985 1467 1048 courti-

160 1079 308 1156 tutiones,
345 1080 439 1160 quasi
466 1081 594 1163 penitus
617 1083 788 1164 abrogatae
813 1095 885 1167 post
909 1105 1029 1151 novant
1055 1089 1218 1154 invectam
1244 1090 1465 1174 disciplinaur;

160 1185 240 1250 inter
254 1199 396 1250 caeteros
421 1189 563 1270 abrogati
589 1189 718 1261 fuerunt
740 1212 881 1258 canones
898 1196 935 1272 l.,
951 1208 981 1258 et
997 1197 1025 1258 6.
1042 1195 1113 1262 dist.
1129 1197 1172 1268 27
1197 1198 1327 1264 Clarius
1353 1201 1465 1266 adhue

161 1291 406 1363 Bonifaciannnt
434 1300 623 1381 rescriptum
649 1300 826 1383 explicarit
851 1301 956 1366 edicto
971 1323 1029 1366 suo
1058 1305 1201 1370 loannes
1228 1307 1341 1375 XXII,
1358 1309 1390 1370 in
1407 1329 1466 1372 rx-

159 1385 239 1469 tr'nv.
257 1425 311 1469 un.
328 1405 367 1468 da
384 1419 465 1484 voto,
482 1419 514 1470 ct
530 1409 594 1472 voti
611 1409 685 1487 red,
701 1409 865 1492 adjiciens,
881 1428 946 1476 non
976 1411 1123 1474 srrffroere
1153 1411 1335 1496 religiosam
1350 1433 1468 1495 quarn·

158 1531 299 1594 onmque
324 1513 552 1595 professionem
577 1517 608 1579 in
636 1517 824 1600 religionen
849 1517 934 1582 Sede
960 1519 1147 1600 Apostolica
1171 1523 1387 1603 comprobata,
1405 1524 1465 1588 sed

156 1623 290 1686 ulterius
306 1627 431 1706 requiri,
449 1639 484 1688 ut
499 1625 728 1708 undecumque
742 1626 882 1710 perfecta
902 1627 1012 1710 religio
1027 1627 1091 1692 dici
1118 1627 1224 1710 possit,
1253 1647 1291 1690 ea
1308 1629 1464 1694 nimirum

156 1731 250 1814 cujus
284 1729 448 1817 professio
483 1734 529 1796 ed
564 1735 731 1798 cecidetis
766 1735 958 1808 mestediorn,
996 1743 1027 1797 et
1062 1735 1302 1801 abdicationem
1337 1745 1462 1820 rempo-

155 1842 281 1906 mlr'nm
293 1863 372 1906 suos
385 1843 587 1925 professores
602 1843 806 1925 adstringet.
850 1843 1072 1914 Quamobrem
1099 1842 1252 1925 sequitur,
1268 1843 1349 1906 nihil
1366 1845 1466 1908 hodie

154 1952 266 2012 obesse
281 1949 440 2014 caliditati
455 1952 597 2034 conjugii
612 1951 655 2014 ab
669 1969 707 2013 co
720 1949 883 2028 contracti,
899 1951 955 2032 qui
971 1951 1115 2032 religioni
1129 1949 1260 2016 militari
1275 1971 1332 2016 aas
1346 1973 1465 2018 omnes

154 2059 347 2124 conditionis
363 2079 428 2124 non
445 2059 576 2123 babenti
601 2059 753 2126 addictus
775 2057 879 2138 fuerit,
922 2079 1002 2122 eone
1017 2061 1183 2125 minusab
1197 2080 1243 2139 en,
1258 2064 1315 2144 qui
1332 2063 1465 2130 tertium

153 2169 267 2234 Ordini
297 2169 329 2234 S.
360 2169 535 2247 Francisci,
563 2169 623 2230 val.
644 2168 676 2232 S.
703 2167 865 2238 lhuduici
880 2179 972 2235 extra
994 2167 1137 2240 claustra
1159 2169 1272 2234 vivens
1294 2171 1461 2253 professus

152 2279 202 2356 sit,
238 2277 516 2360 quemadmodum
553 2297 613 2341 neo
643 2277 686 2339 ab
714 2295 761 2356 eo,
797 2275 855 2359 qni
891 2277 953 2342 sub
988 2278 1074 2342 ritae
1109 2280 1292 2344 eremiticae
1328 2281 1463 2346 nornine

152 2385 385 2449 continentiam
414 2385 565 2448 inmann
594 2381 749 2466 Episcopi
772 2383 903 2461 voverit,
934 2383 1148 2466 habitumque
1176 2389 1383 2452 eremitarum
1411 2390 1464 2454 in-

152 2491 264 2554 duent.
309 2489 483 2554 Addidisse
513 2491 640 2556 videtur
664 2491 847 2564 Concilium
873 2491 1115 2572 Tridentium,
1145 2494 1378 2578 professionem
1405 2499 1464 2562 de-

151 2601 224 2664 bere
253 2620 323 2664 esse
353 2600 528 2679 solemnes,
555 2620 588 2664 rn
618 2619 691 2664 can.
721 2601 761 2680 6.,
786 2613 820 2666 et
833 2601 863 2664 9.
878 2619 955 2662 sess.
968 2601 1020 2664 24.
1036 2599 1077 2664 de
1092 2601 1164 2666 Ref.
1179 2615 1282 2680 matr,
1301 2604 1387 2668 unde
1401 2603 1465 2669 du-

151 2711 287 2774 bitatum
303 2710 381 2776 olim
396 2711 438 2775 ab
452 2709 695 2792 aliquibusfnit,
706 2728 749 2774 an
765 2709 918 2792 Religiosi
935 2707 1105 2774 societatis
1120 2708 1200 2772 Jesu
1214 2727 1256 2774 ea
1268 2727 1369 2791 prrore
1385 2721 1467 2774 voto

150 2841 352 2906 quamquam
367 2822 477 2886 minus
492 2821 807 2889 selemniteremtsro
822 2819 937 2894 eadem
949 2820 1080 2898 ratione,
1096 2835 1163 2900 qua
1177 2819 1293 2882 caeteri
1307 2815 1462 2882 solemni·

150 2944 197 2996 ter
212 2933 403 3015 profitentes,
428 2931 471 2994 ad
498 2931 719 2998 contrahenda
744 2931 895 3014 conjugia
909 2929 1070 2994 inhabiles
1093 2928 1296 3010 haberentur;
1314 2929 1372 2994 sed
1386 2949 1457 2995 reru

150 3044 307 3127 singulari
327 3044 565 3123 constitutione,
591 3062 677 3124 quae
703 3043 825 3126 incipit:
870 3041 1073 3106 decendente
1098 3039 1253 3119 Domino,
1281 3039 1465 3106 declaravit

150 3155 322 3238 Gregorius
338 3147 433 3218 Xlll.
449 3153 633 3230 decernens,
658 3152 704 3214 ita
717 3169 772 3214 ees
788 3149 956 3214 habendos
971 3169 1042 3213 esse
1058 3151 1091 3214 in
1117 3151 1286 3232 proposito,
1301 3154 1461 3232 quemad·

150 3263 285 3326 niodum
299 3263 417 3326 caeteri
442 3261 626 3324 solemniter
641 3259 783 3344 professi.
827 3259 996 3324 Difficilior
1009 3270 1078 3324 eret
1092 3260 1201 3324 solutu
1224 3259 1324 3323 altera
1338 3279 1460 3342 quaes-

151 3371 202 3452 tio,
218 3391 285 3454 qua
298 3391 398 3434 cansa
414 3383 483 3434 crat
498 3367 734 3451 investiganda,
753 3387 811 3432 cur
826 3387 892 3434 non
917 3367 1050 3450 quidem
1074 3368 1222 3451 simplex,
1238 3368 1295 3430 sed
1311 3369 1462 3434 solemne

150 3499 277 3550 tantum
292 3498 407 3550 votnm
434 3485 585 3568 conjugia
612 3483 783 3563 dirimeres
800 3484 833 3546 in
848 3501 915 3564 qua
943 3479 1130 3546 definienda
1158 3482 1277 3546 mirum
1292 3493 1350 3562 est,
1365 3497 1462 3567 quot,

149 3605 319 3676 etqnanta
355 3592 390 3656 in
425 3577 570 3654 medium
605 3589 732 3672 prodita
766 3587 894 3669 inerint,
931 3590 1040 3654 nescio
1076 3609 1119 3653 an
1155 3590 1287 3672 singula
1323 3591 1365 3654 ad
1402 3611 1458 3656 ss·

150 3717 238 3780 nour,
264 3713 295 3763 et
318 3701 477 3762 sinceram
498 3698 737 3781 philosophiam
763 3697 1016 3763 accommodata.
1060 3699 1237 3762 Gratianus
1263 3713 1333 3782 post
1358 3721 1457 3766 cano-

151 3831 226 3874 nem
240 3811 267 3874 1.
283 3810 355 3873 dist.
370 3808 421 3872 27.
438 3808 629 3891 generaliter
643 3805 782 3886 tradidit,
798 3816 931 3872 tarnum
945 3808 1092 3872 aasabim
1105 3809 1143 3872 in
1155 3807 1369 3872 Seorammrto
1381 3831 1463 3875 con-

141 3927 250 4010 jugii,
268 3921 354 4007 qnod
367 3941 426 3984 nec
439 3941 480 3983 ec
493 3919 669 3982 violatione
683 3919 750 3982 noti
761 3927 868 4002 potest
882 3919 1020 3983 dissolvi
1034 3919 1149 4000 ipsum
1166 3919 1370 4001 conjugium.
1393 3920 1459 3982 Ve-

152 4054 223 4098 uun
238 4033 318 4096 haec
335 4031 414 4096 ratio
429 4047 506 4092 cunr
521 4047 623 4109 aeque
633 4027 741 4109 vigeat
752 4026 784 4090 in
794 4039 870 4088 veto
885 4027 1028 4104 solemni,
1046 4045 1086 4088 ac
1101 4025 1247 4107 simplici,
1265 4029 1456 4107 praesertim

151 4155 270 4223 autern,
288 4142 374 4224 quod
390 4139 582 4204 confirmata
598 4137 746 4200 videatur
762 4136 794 4198 in
810 4135 896 4200 dicto
911 4155 1035 4200 canone
1052 4137 1090 4213 1.,
1110 4133 1142 4198 in
1158 4153 1222 4216 que
1238 4135 1361 4217 species
1385 4147 1461 4202 erat

152 4255 193 4318 de
207 4265 282 4317 voto
293 4251 509 4316 continentiae
524 4249 693 4312 occasione
708 4245 897 4310 Diaeoualis
913 4243 1123 4308 ordinationis
1138 4243 1251 4322 elicito,
1278 4244 1384 4306 tnrbst
1399 4263 1461 4326 po·

151 4365 224 4440 tina,
252 4373 284 4424 et
298 4364 412 4424 evertit
426 4379 466 4422 ea
495 4357 689 4436 discrimina,
705 4375 788 4438 quae
804 4355 914 4436 agnita
937 4352 1064 4418 fuerant
1079 4352 1161 4416 inter
1175 4365 1287 4416 vetum
1303 4352 1460 4434 simplex,

149 4469 348 4534 etsolcutue.
392 4467 455 4532 Alii
481 4463 642 4545 dixerunt,
667 4465 701 4528 in
726 4474 802 4529 voto
826 4462 961 4534 solemni
987 4461 1227 4545 majoreruesse
1254 4461 1462 4529 deliberatio·
1575 4551 1576 4556 γ
