3274 4974
360 453 367 482 ,
424 473 464 510 μ
525 473 530 481 Ι
615 415 938 468 444444444444444
996 463 1038 492 ,Γ
1091 463 1095 476 ,
1367 389 1490 492 403

1166 485 1168 492 .
1193 459 1200 493 1

117 540 244 627 sitionis
258 540 452 630 septentiam
457 472 703 644 4444444444,
682 557 755 633 carr.
772 495 824 602 30.
842 557 883 629 ex
900 493 1103 638 4444444Ιο44,
1117 553 1190 602 cau.
1209 516 1270 629 24
1273 533 1434 620 4444413,
1529 597 1539 612 ,

117 646 297 734 quaest-2,
312 668 383 740 cap
375 640 431 718 .’.,3
444 647 583 732 4140444.
600 665 756 736 excomm.
768 643 926 748 ministr
979 653 983 660 '
1309 697 1313 710 .
1377 704 1381 714 ,

160 753 179 818 J
183 773 238 816 am
254 773 330 816 vero
343 773 572 818 enumeremus
602 727 757 854 4444444444,
768 726 1011 826 ecclesiasticas
1027 751 1123 844 leges,
1146 769 1187 815 ex
1202 749 1322 834 quibua
1337 731 1435 838 444444

123 859 159 926 14
173 861 304 924 casibus
320 861 441 924 indicta
456 860 517 925 luit
533 882 636 946 poena
650 845 869 946 depositionis,
912 848 1013 924 Dixi
1006 861 1170 944 nuptirnis,
1199 857 1434 944 depositionem
1476 857 1480 866 '

117 981 196 1030 esse
211 932 379 1030 definitam
397 931 554 1030 adltersua
569 967 710 1032 Clericus
727 989 766 1047 ep
782 945 997 1063 admittentes,
1013 988 1097 1050 qnae
1112 967 1286 1032 conditioni
1302 969 1435 1034 clerica·

120 1072 144 1138 li
160 1073 387 1138 adversantur
430 1075 468 1138 Id
486 1073 598 1140 verunt
613 1089 670 1156 est,
686 1097 763 1142 curn
780 1077 825 1140 illi
848 1075 1010 1159 judicium
1031 1075 1200 1158 sattguinis
1223 1076 1424 1139 exerwcuettrn

123 1201 196 1246 can.
213 1182 265 1244 29.
284 1181 334 1245 30.
351 1203 439 1250 cans.
455 1184 504 1246 23.
521 1205 550 1266 q.
567 1185 609 1260 8.,
623 1205 685 1268 cap
708 1187 739 1252 5.
762 1205 804 1249 ne
820 1187 904 1252 Olet.
933 1185 981 1247 vel
999 1185 1159 1262 44444444,
1183 1203 1258 1246 curn
1276 1203 1427 1271 pugnare

121 1291 187 1353 rint
202 1289 234 1350 in
253 1287 344 1368 bello,
361 1311 433 1354 can.
451 1295 491 1369 6.,
505 1313 592 1356 caus.
609 1291 661 1356 23.
678 1271 804 1381 quaest.
822 1295 861 1374 8.,
884 1313 955 1378 cap.
972 1297 1001 1357 5.
1019 1293 1060 1356 de
1076 1295 1196 1378 poenis,
1222 1313 1299 1360 eunt
1327 1313 1436 1378 percu·

124 1393 243 1474 tiendo,
268 1395 490 1460 occaedendo
515 1409 664 1464 terrorem
681 1398 883 1479 incusserint,
909 1419 981 1464 can.
1006 1401 1034 1464 7.
1052 1399 1126 1462 dist.
1151 1399 1203 1464 45.
1230 1420 1303 1484 cap·
1333 1403 1360 1462 4.
1392 1399 1432 1462 de

123 1507 206 1572 Cler.
224 1521 372 1590 percuss,
388 1510 442 1590 qui
455 1506 577 1592 judicie
594 1509 761 1572 Ecclesiae
776 1511 971 1592 tempseriut,
995 1521 1025 1572 44
1042 1509 1074 1572 444
1092 1509 1329 1572 Ecclesiastiois
1353 1527 1430 1571 cau·

124 1615 169 1678 sis
184 1615 314 1699 publica
331 1615 436 1699 44444444Ι
444 1617 568 1700 judicia
585 1617 804 1698 posttrlaverin
817 1631 838 1696 t,
854 1637 929 1682 cau.
947 1621 996 1683 11.
1012 1619 1066 1682 44.
1082 1639 1173 1680 cans.
1194 1619 1241 1682 11.
1258 1623 1385 1699 44444444.
1410 1619 1439 1695 1,.

125 1723 182 1806 qui
200 1743 325 1804 uxores,
341 1725 392 1788 441
407 1725 606 1788 concubinos
623 1726 805 1806 habuerint,
823 1745 897 1790 can.
914 1719 943 1788 2:
960 1725 1034 1794 dist.
1051 1727 1112 1804 28,
1138 1746 1200 1790 can
1219 1727 1266 1790 10.
1295 1727 1342 1790 11.
1366 1725 1438 1790 dist.

123 1835 186 1914 32,
212 1855 285 1900 cart·
304 1839 355 1900 10.
374 1839 420 1901 17.
448 1838 497 1900 18.
524 1837 573 1899 19.
589 1837 641 1900 20.
668 1837 718 1900 29.
735 1839 810 1900 dist·
839 1838 893 1902 81.
910 1857 986 1902 can.
999 1838 1030 1902 2.
1048 1839 1079 1902 3.
1095 1839 1125 1901 4.
1143 1837 1213 1900 dist.
1230 1839 1290 1915 82..
1312 1839 1428 1918 carrd.

125 1941 199 2008 dist.
218 1943 277 2023 84,
293 1946 348 2026 qui
368 1943 512 2022 44444444,
530 1945 580 2007 444
598 1945 640 2008 ab
654 1945 720 2008 alio
734 1945 907 2010 dimissam
933 1945 1070 2022 duxerit,
1086 1964 1159 2006 ean·
1175 1945 1203 2008 8.
1220 1945 1293 2009 dist.
1318 1945 1360 2006 50
1399 1945 1440 2006 si·
1468 1969 1488 2008 ο

124 2055 274 2130 moniaci,
297 2073 370 2116 ean.
387 2055 416 2116 3
431 2073 521 2116 caus
537 2054 566 2118 7.
580 2069 758 2135 quaest,
722 2055 747 2118 l
776 2073 825 2116 res
842 2053 1010 2120 Ecclesiae
1025 2073 1081 2137 pro
1096 2053 1228 2118 effraeni
1252 2053 1354 2116 lubitu
1370 2053 1470 2116 dis·

126 2173 303 2251 pergentes
331 2183 402 2227 cau.
421 2163 468 2228 13
486 2165 532 2226 19
548 2163 598 2228 20
616 2161 665 2227 35.
682 2162 733 2225 41
751 2153 840 2226 eaus'.
865 2163 915 2226 12.
932 2175 1055 2244 quaest.
1073 2169 1113 2242 2
1140 2183 1212 2227 cau.
1233 2167 1261 2228 1.
1277 2183 1363 2226 caus
1384 2164 1435 2226 17.

126 2272 307 2355 (praesti,
323 2291 393 2336 444.
408 2276 439 2335 5.
455 2289 551 2334 caus.
562 2273 610 2358 10
628 2279 807 2352 quaest
769 2269 789 2332 3
823 2269 981 2334 benefitia
996 2269 1215 2332 obtrrrentes
1190 2287 1259 2332 stne
1271 2284 1432 2332 consensu

127 2375 292 2474 Fprscopt,
309 2377 435 2459 44444
452 2391 482 2440 et
495 2379 552 2442 21
569 2381 608 2440 de
619 2376 828 2462 pnepetron
853 2389 884 2442 et
899 2375 1041 2460 denique
1057 2377 1280 2458 negligentes
1272 2395 1302 2438 rn
1319 2375 1439 2438 drvrnrs

127 2457 251 2561 4404444,
268 2497 299 2550 44
314 2487 539 2550 44444444444444
555 2487 760 2564 ministeriis,
778 2505 853 2550 een.
872 2487 903 2550 2.
920 2485 949 2548 3.
965 2485 996 2570 4.
1013 2485 1084 2548 dist.
1101 2487 1152 2548 94.
1170 2501 1240 2548 cau
1257 2485 1285 2550 9.
1312 2483 1387 2548 dist
1403 2482 1445 2549 02

127 2569 320 2678 Singulares
336 2597 431 2658 etiarn
456 2613 576 2658 causae
596 2610 681 2674 sunt,
708 2593 828 2677 quibus
844 2608 948 2676 poene
973 2591 1186 2676 depositionis¹
1207 2587 1378 2683 Episcopie
1398 2606 1442 2656 444

131 2705 246 2770 eodeni
262 2709 367 2790 capite
384 2705 576 2784 immineret,
596 2706 746 2770 videlicet
760 2707 817 2789 qni
831 2706 1090 2770 cottseetaverint
1106 2705 1305 2801 Episcopum
1322 2717 1386 2768 ucn
1398 2691 1445 2785 le·

131 2811 407 2894 gitinreeleetunr,
434 2815 509 2876 item
525 2814 582 2896 qni
610 2833 674 2876 non
695 2809 907 2899 praecedente
933 2813 1088 2876 electione
1113 2811 1233 2876 44444444
1258 2811 1445 2892 corrsecratl,

132 2923 254 2988 44443.
282 2924 351 2988 dist.
369 2925 428 3002 02,
454 2943 511 3006 qur
527 2926 710 2988 transierint
735 2921 785 2986 ad
794 2923 876 2986 altas
891 2925 1098 3006 occupandas
1114 2923 1288 3020 Ecclesiae²
1314 2943 1387 2988 can.
1410 2918 1443 2990 b.

131 3049 220 3094 caus
238 3031 267 3094 0.
285 3045 408 3113 44444444.
424 3032 462 3112 2,,
489 3033 785 3114 quiordiueverint
812 3045 904 3098 extra
923 3034 1075 3117 legitirna
1091 3036 1260 3117 teinpora,
1268 3055 1338 3118 cep
1356 3037 1388 3100 2.
1404 3005 1446 3099 de

134 3151 266 3222 tempor.
285 3140 374 3206 ordin
381 3145 466 3226 ,qui
482 3143 690 3226 susceperint,
707 3155 740 3206 44
746 3125 977 3208 oidirraverint
992 3143 1153 3208 0144444444
1169 3143 1319 3224 aliennru,
1345 3131 1445 3210 444444

133 3247 211 3308 444
203 3261 369 3327 renorante
386 3267 455 3332 44444
470 3250 645 3333 Episcopo,
661 3265 733 3314 cett
753 3254 782 3314 1.
799 3269 887 3314 cans.
913 3251 967 3314 21.
983 3262 1106 3333 quaeat
1133 3251 1169 3314 2.
1198 3247 1254 3335 qni
1278 3251 1445 3316 ordinave-

132 3353 199 3418 rint
214 3355 339 3434 invitns,
356 3375 425 3418 can.
442 3359 472 3420 t.
490 3355 628 3440 dist374.
646 3359 697 3421 441
714 3345 893 3446 imperitos,
904 3379 977 3425 can.
1002 3361 1033 3424 2.
1049 3361 1123 3424 dist.
1139 3363 1198 3442 36,
1225 3363 1277 3425 444
1304 3363 1446 3446 neophy-

134 3473 192 3542 tos,
209 3481 279 3548 4444.
298 3465 323 3527 4.
341 3463 411 3526 dist.
428 3463 487 3544 48,
504 3467 555 3528 444
572 3469 655 3530 elias
672 3457 959 3550 ir·regttlares,'catt.
978 3469 1003 3530 1.
1019 3470 1048 3533 5.
1064 3469 1139 3530 dist.
1153 3469 1214 3547 51,
1235 3487 1307 3532 444.
1321 3469 1351 3532 3.
1372 3467 1445 3534 dist.

98 3607 103 3618 ·
134 3573 186 3638 81.
230 3575 412 3659 Singularis
427 3597 558 3658 quoque
574 3577 784 3661 depositionis
797 3599 899 3644 cause
913 3593 961 3642 est
977 3591 1121 3662 respectu
1137 3580 1327 3658 Sacerdotis,
1341 3579 1397 3662 qui
1413 3577 1447 3644 se'

132 3682 358 3764 conjunxisset
385 3683 517 3765 turpiter
542 3703 620 3772 444444
646 3675 694 3764 ea,
728 3705 828 3766 quotu
855 3686 1095 3767 baptizavisset,
1122 3705 1191 3750 can.
1219 3679 1258 3749 8:
1278 3706 1366 3750 cans.
1397 3689 1446 3780 eo

96 3813 99 3819 ·
134 3801 260 3870 quaest.
291 3791 326 3870 1.,
351 3791 428 3856 itern
454 3805 604 3876 respectu
632 3793 843 3858 Sacerdotem
872 3789 1102 3860 Corrlestriottes
1127 3795 1273 3862 fidelium
1289 3799 1448 3880 exeipieru

136 3899 230 3977 titun,
246 3902 412 3968 sisecnrn
429 3906 612 3988 poenitente
628 3903 811 3988 polluerint
838 3927 908 3972 cau.
926 3907 953 3972 0.
973 3909 1020 3972 10
1036 3919 1123 3973 oeus
1141 3909 1190 3972 30
1217 3903 1394 3992 4444444.,1
1420 3909 1450 3974 sl

135 4005 257 4072 delleta
272 4027 335 4074 nott
351 4005 529 4078 celaverint
545 4011 620 4078 fidei
636 4031 715 4078 strae
731 4016 763 4080 itr
780 4017 1018 4081 sacramentali
1039 4017 1242 4082 consessione
1266 4020 1440 4082 commissu

135 4136 208 4184 cau.
224 4121 252 4184 2.
269 4121 309 4183 de
325 4135 441 4203 poenit
457 4121 573 4186 discti.
578 4139 671 4206 ‚.eap
700 4123 749 4188 12.
765 4124 806 4187 de
822 4139 949 4208 poenit
976 4139 1007 4190 et
1023 4145 1108 4204 rem
1136 4127 1163 4189 si
1190 4127 1399 4210 raptoribus
1391 4095 1448 4190 4444Ξ

133 4229 380 4312 poenitentibus,
410 4243 441 4294 et
470 4232 634 4296 restituere
662 4230 917 4296 detrectantibus
946 4233 1189 4298 absolutionem
1222 4233 1448 4367 eotrceeserintr

135 4355 208 4420 cap.
224 4339 252 4403 2.
270 4335 310 4402 414
327 4351 450 4422 44444444
481 4341 508 4403 ei
523 4339 667 4404 4444444444
684 4339 923 4404 l’arocbianunr
939 4341 1156 4424 poeniteutiae
1169 4359 1270 4404 cansa
1296 4319 1448 4423 4444444441

135 4443 211 4522 rint,
226 4461 301 4510 cau.
317 4444 348 4510 3.
364 4443 404 4509 de
419 4430 535 4533 poenit·
560 4443 632 4536 dist.
658 4448 697 4546 ⁶:
733 4449 895 4544 4144444444
921 4447 1144 4526 Diacortortnu
1166 4450 1299 4530 44444444,
1322 4435 1451 4533 uma

1631 2351 1633 2398 l

1632 2435 1633 2492 l
