3276 4984
228 403 322 452 etun
344 405 431 449 stur
454 403 656 468 sronsucru,
680 407 727 452 ur
749 407 917 458 euououo
938 405 1245 454 conrasuuuroa.
1351 391 1391 456 dl

89 544 120 590 re
133 523 310 608 sponsalia,
335 527 399 590 nisi
422 545 507 592 novo
533 545 723 612 sponsorum
738 527 912 594 accedente
933 547 1105 594 consensu:
1127 531 1326 596 semelenim
1341 531 1394 598 de·

88 635 168 698 lecta
182 634 328 700 conditio
343 637 485 720 amplius
499 655 565 702 nou
581 637 738 720 impietur,
754 649 786 702 et
801 638 919 722 spousi,
946 639 1003 721 qui
1028 659 1083 723 per
1109 639 1271 706 desectum
1286 642 1395 708 condi·

89 743 185 804 rionis
200 743 304 809 semei
319 743 416 808 sciuri
432 756 516 824 suut,
534 759 700 827 nequeunt
715 746 784 810 sine
808 763 894 809 novo
919 764 1082 810 consensu
1108 747 1225 812 iterum
1249 750 1392 834 obligari,

89 865 280 936 argumento
296 855 315 918 i.
330 857 362 918 9.
391 854 462 918 cod.
477 855 518 919 de
533 859 654 920 remiss.
669 858 801 939 pignos,
816 855 835 919 l.
849 857 898 922 10.
912 867 944 920 et
954 857 1004 920 29.
1021 855 1053 920 ff.
1067 857 1107 920 de
1119 857 1282 924 condition
1293 873 1325 926 et
1338 863 1393 926 do-

89 975 263 1046 monstrat,
279 976 312 1028 et
326 966 346 1028 i.
363 967 413 1031 89.
432 969 454 1034 l.
471 969 499 1030 1.
515 966 550 1032 ft.
564 966 606 1030 de
631 968 717 1032 verb.
748 965 855 1047 siguis.
878 965 992 1048 Neque
1017 985 1093 1030 vero
1118 969 1191 1050 quis
1214 969 1247 1034 iu
1270 987 1394 1034 conua-

91 1075 168 1138 rium
183 1083 381 1156 argumenta
396 1080 418 1140 tr
431 1075 591 1138 similibus
605 1073 771 1156 producat,
786 1095 828 1140 ex
843 1093 882 1138 ca
892 1097 916 1138 r.
934 1078 962 1140 7.
980 1073 1000 1138 d
1013 1097 1019 1134 t
1039 1099 1044 1140 ι
1060 1087 1220 1142 rocurator
1233 1079 1266 1142 in
1281 1079 1321 1161 6.,
1336 1090 1395 1144 aut

89 1199 212 1264 excep.
231 1181 281 1244 17.
299 1178 338 1242 de
355 1179 525 1264 praebend.
546 1181 578 1244 iu
599 1182 628 1246 7.
652 1179 816 1262 Equidem
833 1181 952 1244 ibidem
969 1181 1079 1263 agitur
1093 1181 1134 1246 de
1148 1185 1285 1267 negotiis
1296 1186 1329 1250 in
1340 1205 1395 1249 vo·

90 1289 246 1356 luntatem
262 1291 394 1355 alterius
408 1291 543 1372 collatis,
559 1311 624 1356 uon
640 1305 749 1356 tumen
765 1293 818 1372 iia,
834 1305 871 1357 ut
895 1311 1074 1357 consensus
1099 1293 1226 1359 alienus
1240 1297 1393 1364 conditio

90 1423 157 1466 uem
170 1402 283 1482 faciat,
296 1421 360 1466 nou
374 1403 437 1466 uisi
449 1404 549 1466 semei
572 1413 630 1466 aut
653 1402 863 1486 implendam,
878 1413 937 1466 eut
961 1403 1168 1486 defecturam,
1185 1407 1395 1488 quemadmo-

89 1513 161 1576 dum
179 1515 213 1578 in
229 1515 393 1597 proposito
406 1525 515 1578 nostro
529 1515 694 1598 contingit.
718 1514 809 1580 Haec
824 1533 901 1578 vero
916 1533 983 1580 uon
1008 1515 1090 1580 adeo
1105 1517 1204 1600 rigide
1214 1519 1393 1604 intelligen-

89 1621 126 1684 da
137 1622 249 1700 veiim,
266 1633 304 1686 ut
319 1605 464 1686 corruere
479 1623 576 1688 etiem
591 1623 756 1706 sponsalia
768 1623 930 1704 dicautur,
944 1643 1012 1708 quo
1023 1641 1100 1690 casu
1113 1639 1262 1710 parentes
1276 1631 1394 1712 statim,

89 1751 124 1794 sc
138 1731 401 1813 contradixerint,
423 1733 609 1816 nuliapene
633 1729 849 1796 intercedente
873 1752 965 1798 mora
989 1736 1191 1812 senteutiam,
1206 1738 1394 1804 consilium·

88 1859 148 1922 que
162 1843 373 1924 mutaveriut3
390 1861 475 1924 quae
501 1844 588 1906 enirn
610 1841 696 1906 fiunt
718 1841 938 1922 incontinenti,
964 1861 1030 1908 uon
1056 1847 1225 1928 posteriore
1250 1857 1392 1931 tempore

88 1949 169 2012 iacta
183 1961 369 2030 censentur,
385 1957 575 2034 argumento
591 1951 652 2032 leg.
668 1949 699 2014 6.
717 1951 739 2017 l.
755 1949 859 2014 ultim.
874 1949 908 2016 ii.
924 1951 965 2016 de
979 1955 1108 2020 duobus
1131 1955 1201 2020 reis

123 2059 265 2124 Gravior
275 2069 324 2122 est
351 2059 535 2143 disputatio,
560 2057 686 2141 quoties
700 2057 900 2124 conditiones
916 2060 969 2124 vei
984 2073 1109 2139 uatum,
1124 2061 1177 2126 vet
1188 2063 1259 2145 jure
1274 2063 1392 2147 impos·

86 2167 192 2232 sibiles
206 2167 427 2250 spousiaiibus
442 2167 645 2252 adJiciautur.
688 2167 738 2232 Ne
764 2167 988 2248 allucinemur‚
1004 2187 1043 2230 ao
1057 2175 1223 2251 propterea
1237 2187 1302 2234 uon
1317 2187 1392 2234 con·

86 2276 264 2342 fundamus
293 2277 492 2342 conditiones
520 2277 664 2362 proprias
692 2295 769 2342 cum
799 2277 988 2360 impropriis,
1017 2295 1124 2359 neque
1152 2295 1227 2342 eum
1256 2277 1393 2344 diiiiciii·
1425 2333 1430 2342 .

85 2387 142 2450 bus
166 2387 393 2470 impossibiles.
437 2387 632 2472 improprias
660 2386 862 2450 conditiones
893 2384 973 2464 dico,
1003 2387 1148 2467 quaein
1176 2389 1391 2472 praeter'tum,

85 2515 292 2580 acpraeseus
315 2507 445 2580 tempus
469 2497 703 2578 concipiuntur:
726 2506 825 2577 atque
850 2494 929 2557 istae
958 2493 987 2554 si
1011 2511 1079 2556 rem
1103 2491 1323 2558 demonstrent
1336 2513 1393 2560 na·

85 2617 153 2669 tura
169 2605 414 2688 impossibiiem3
432 2605 465 2668 iu
480 2623 580 2667 causa
595 2615 681 2684 suut,
696 2613 733 2668 ut
748 2603 857 2666 statim
868 2602 956 2666 irrita
976 2600 1120 2664 evadent
1134 2603 1299 2684 sponsalia
1313 2604 1392 2686 quia

84 2717 195 2779 statim
217 2733 333 2778 verum
356 2723 414 2792 cst,
438 2731 496 2775 eas
517 2711 663 2791 deiicere,
689 2711 743 2774 vei
771 2709 935 2774 deiecisse.
979 2707 1078 2801 Quod
1107 2709 1133 2770 si
1160 2725 1226 2770 rem
1242 2708 1392 2772 demons-

85 2839 167 2888 trent
182 2823 415 2906 impossibiiem
426 2823 506 2906 jure,
524 2841 589 2898 seu,
601 2819 688 2903 quod
705 2819 791 2884 idem
806 2831 863 2900 est,
888 2819 1012 2884 sectum
1035 2818 1179 2900 quodam
1194 2819 1320 2902 legibus
1335 2822 1394 2886 im·

86 2936 265 3014 probatum,
282 2932 416 2994 incensa
432 2941 516 3010 sunt,
533 2929 692 2994 utstatim
708 2929 898 3008 subsistant,
914 2926 966 2989 vei
982 2943 1048 2990 non
1072 2925 1249 2990 subsistant
1262 2945 1393 3010 sponsa-

86 3045 135 3120 lia,
152 3051 252 3123 prout
265 3057 386 3114 verum,
404 3037 456 3100 vai
471 3037 595 3100 salsum
613 3047 669 3118 est,
692 3036 778 3119 quod
789 3035 826 3100 in
841 3055 879 3098 ea
894 3031 1048 3116 loquendi
1070 3031 1208 3098 ionnuia
1223 3033 1393 3129 indicatur,

87 3169 188 3231 nerine
204 3150 286 3211 istae
301 3145 501 3208 conditiones
517 3146 714 3228 impropriae
725 3147 797 3230 jure
812 3143 1041 3228 improbantur,
1056 3153 1165 3226 utpote
1188 3163 1273 3226 quae
1294 3145 1393 3212 delin-

87 3257 205 3338 quendi
221 3256 427 3318 occasionem
441 3254 575 3318 minime
598 3255 759 3334 praebent,
786 3265 916 3317 tautum
943 3253 1097 3316 delictum
1118 3255 1187 3336 jam
1212 3253 1393 3320 admissum

89 3367 270 3449 respiciunt.
314 3362 471 3434 Difficiles
500 3361 699 3426 conditiones
724 3379 812 3441 voco,
838 3381 923 3444 quae
951 3361 1025 3424 iicet
1049 3363 1282 3444 propemodum
1308 3363 1394 3426 iacto

90 3474 302 3558 impossibiles
317 3472 488 3534 videantur
503 3483 612 3534 terneu
632 3471 811 3552 aliquando
826 3484 918 3534 extra
933 3471 1078 3534 ordinem
1093 3471 1135 3534 ad
1150 3472 1298 3538 effectum
1314 3473 1394 3538 redi·

91 3587 117 3663 gi
133 3593 279 3666 possunt,
295 3579 571 3663 quemadmodum
587 3581 797 3663 contingeret,
824 3580 849 3642 si
879 3581 952 3662 quis
980 3579 1073 3642 valde
1097 3581 1226 3664 inopem
1252 3583 1393 3664 pueliam

90 3693 148 3760 nbi
162 3697 376 3781 desponderet
391 3697 515 3779 adjecta
531 3695 722 3775 conditione,
735 3697 761 3759 si
776 3705 897 3758 certam
910 3695 1075 3778 ingentem
1087 3695 1297 3776 pecuniarum
1307 3713 1394 3760 sum-

94 3831 166 3876 mnu
181 3815 267 3876 dnus
283 3833 384 3874 carisa
399 3811 542 3890 douarct;
561 3829 665 3890 unque
680 3810 767 3872 en'ur
783 3809 904 3884 dubito,
916 3809 993 3889 quin
1011 3807 1174 3890 sponsalia
1190 3807 1252 3870 sub
1267 3828 1305 3870 ca
1319 3827 1395 3873 cou-

95 3922 208 3986 ditione
224 3935 389 3986 contracta
404 3921 549 3984 adinstar
564 3939 658 3982 verae
674 3939 690 3980 c
725 3917 900 3982 rdiiionaiis
916 3918 1120 3999 obligationis
1135 3919 1354 3998 consisterent,
1362 3931 1395 3982 et

95 4033 282 4094 conditionis
307 4041 452 4106 eventus,
479 4032 571 4113 cujus
594 4027 712 4108 ulique,
739 4038 812 4089 utut
836 4027 1009 4104 levissima,
1034 4047 1107 4110 spes
1130 4047 1200 4088 esse
1217 4037 1326 4108 potest,
1353 4027 1394 4090 sit

97 4137 342 4219 exspectandus.
398 4137 513 4217 Itaque
539 4137 664 4216 numius
691 4135 730 4198 de
755 4152 841 4212 veru,
867 4155 971 4217 euque
996 4135 1186 4217 impossibili
1211 4135 1394 4199 conditione

99 4246 405 4318 sermoiustituatur,
422 4245 490 4306 sive
513 4239 598 4306 sarto
623 4241 829 4324 impossibilis
856 4241 1021 4320 habeatur,
1047 4243 1114 4304 sive
1135 4243 1206 4324 jure
1232 4261 1291 4324 ego
1316 4253 1394 4323 putu

18 4425 19 4428 Ἴ
100 4353 129 4414 iu
156 4355 216 4416 inc
242 4375 281 4433 re,
307 4363 507 4416 contrarium
534 4351 734 4434 sponsalium
760 4369 825 4412 uon
851 4349 1041 4414 dissimilem
1058 4347 1394 4413 esseacoutmeribue

103 4461 261 4544 universis,
276 4462 409 4546 quaudo
431 4461 545 4526 uuiiibt
571 4462 605 4524 iu
627 4461 699 4544 jure
721 4474 857 4543 excepta
883 4466 903 4524 a
929 4459 1068 4542 generali
1095 4457 1208 4541 regula
1232 4455 1396 4540 sponsalia
