3134 4984
193 450 257 516 130
423 471 513 518 rrae
531 471 656 536 ratur,
671 470 915 521 nrssasrarro
927 441 1101 540 sacunino,
1117 479 1194 525 cnr.
1211 461 1271 526 lii.

188 593 260 658 cod.
276 593 345 658 eod.
363 593 409 658 tit.
451 595 695 661 Recentioribus
710 597 849 662 saeculis
870 619 912 663 ex
927 599 1100 684 disciplina
1122 603 1334 668 tribunalium
1348 615 1472 670 extraor-

81 731 83 736 ’
189 707 351 771 dinarium
366 727 503 791 poenam
519 728 575 790 pro
590 709 725 772 admissi
740 709 902 791 qualitate,
926 723 958 775 et
972 714 1154 778 conditione
1170 735 1376 797 personarum
1391 717 1473 780 modo

187 807 374 878 leniendam
399 815 495 882 modo
510 817 778 898 exasperandam,
805 817 907 902 infligi
924 822 1034 902 solere,
1051 823 1246 905 Pragmatici
1271 827 1471 890 universitas·

188 932 306 1004 tantur,
323 925 411 1007 quod
426 925 565 990 invaluit
579 947 620 990 ex
635 927 787 1008 rescripto
802 928 945 1010 Gregorii
962 928 1077 1012 Magni
1093 933 1126 995 in
1142 933 1227 995 dicto
1242 953 1313 997 can.
1336 935 1384 998 lo.
1397 953 1474 998 caus.

186 1029 237 1094 26.
254 1039 377 1112 quaest.
393 1031 422 1094 5.
456 1031 721 1096 Ecclesiasticam
732 1035 990 1120 Jurisdictionem
1006 1039 1162 1103 adversus
1178 1043 1246 1124 eJns
1261 1037 1403 1106 criniiuis
1417 1063 1475 1106 ros

186 1136 246 1198 soli
262 1137 416 1220 Episcopi
430 1137 508 1202 olim
524 1139 663 1222 singulis
688 1141 891 1208 dioecesibus
904 1147 1105 1228 exercebant,
1132 1150 1176 1212 ite
1192 1161 1227 1212 ut
1243 1151 1476 1233 inquisitoribus

187 1251 208 1309 ir
223 1245 308 1310 Sede
322 1246 508 1328 Apostolica
523 1247 679 1331 delegatis
695 1271 734 1314 aa
749 1250 888 1315 facultas
906 1272 970 1317 uon
985 1257 1186 1338 competeret,
1203 1259 1264 1321 uisi
1279 1259 1400 1322 crimen
1414 1259 1477 1322 hae·

186 1355 283 1419 rasim
299 1366 425 1438 saperet
439 1357 655 1436 manifestam,
682 1379 752 1443 cap.
769 1362 797 1424 Β.
814 1379 895 1424 vers.
913 1363 1004 1428 Sane
1028 1364 1069 1428 da
1084 1365 1253 1430 haereticis
1268 1369 1300 1431 in
1317 1370 1347 1432 o.
1390 1371 1429 1432 At
1442 1387 1477 1430 re-

186 1463 341 1528 centiores
358 1465 531 1529 Pontifices
557 1469 839 1536 constitutionibus
856 1473 924 1534 suis
947 1493 1020 1536 cam
1043 1493 1172 1557 quoqne
1201 1488 1389 1558 potestatem
1406 1477 1478 1540 dele·

172 1577 531 1658 .grrts1nqrristroribrrs
548 1579 698 1660 fecerunt,
725 1583 807 1644 acsi
824 1583 981 1648 adversus
1007 1597 1173 1668 suspectos
1188 1589 1228 1652 de
1251 1590 1379 1654 haeresi
1394 1608 1480 1672 egeu-

185 1687 265 1751 dum
292 1689 342 1750 sit.
387 1688 484 1751 Porro
499 1689 541 1752 ad
568 1690 779 1754 avertendam
805 1711 1047 1776 quamcumque
1075 1697 1244 1760 haereseos
1271 1701 1479 1782 suspicionem

187 1797 323 1861 ulterius
339 1797 608 1881 progrediendum
624 1797 685 1862 suit
699 1801 925 1864 ecclesiasticis
940 1785 1232 1884 constitutionibus
1250 1808 1403 1872 nimirum
1417 1807 1480 1870 iicet

184 1905 271 1970 civili
283 1907 354 1989 juro
369 1905 589 1969 Romanorum
606 1907 638 1968 in
654 1907 785 1968 casibus
801 1907 917 1986 dubiis,
933 1920 964 1971 et
979 1909 1107 1972 incertis
1124 1931 1188 1976 non
1204 1913 1409 1996 improbetur,
1424 1933 1480 1978 rern

186 2013 325 2075 sortibus
350 2013 514 2092 committi,
544 2013 563 2076 l.
582 2014 629 2076 14.
646 2013 678 2076 ff.
705 2013 745 2076 do
756 2015 895 2097 judiciis,
923 2016 943 2078 l.
960 2019 987 2080 5.
1013 2011 1163 2082 ffiiaurrl.
1189 2023 1308 2100 ercisc,
1338 2023 1356 2086 i.
1374 2023 1403 2086 3.
1421 2021 1479 2086 cod.

187 2141 351 2185 commun.
378 2121 418 2184 de
434 2123 504 2206 leg,
530 2123 628 2186 sacris
645 2135 752 2186 tamen
778 2125 958 2188 canonibus
984 2125 1140 2210 suffragia
1164 2127 1388 2212 eligendorum
1409 2141 1482 2194 sorte

187 2229 345 2292 committi
360 2229 495 2294 vetitum
511 2239 568 2308 est,
594 2251 663 2312 cap.
679 2231 708 2294 3.
726 2231 766 2294 de
782 2233 949 2314 sortilegis
967 2253 1004 2296 eo
1020 2236 1117 2299 etiam
1143 2239 1262 2318 potiore
1273 2242 1345 2322 J'urc
1360 2239 1483 2303 damna-

187 2351 239 2402 tae
249 2337 443 2424 jampridem
469 2337 598 2402 fueraut
622 2351 723 2403 sortes
749 2341 831 2420 illae,
858 2361 940 2424 quas
964 2343 1172 2425 appellabant
1194 2345 1396 2427 Sanctorum,
1417 2363 1484 2408 cum

187 2447 337 2510 uidelicet
353 2448 425 2527 quis
450 2445 493 2508 ad
508 2445 728 2528 Erangallcas
743 2447 880 2530 paginas
894 2447 1090 2530 confugeret,
1119 2461 1154 2514 ut
1169 2450 1299 2514 illarum
1322 2471 1423 2534 aeque
1436 2470 1486 2513 cn.

189 2561 272 2624 riosa
294 2557 547 2638 investigatione,
575 2575 613 2618 ac
628 2557 850 2638 superstitiosa
875 2559 1133 2642 interpretatione
1158 2557 1267 2622 sutura
1289 2559 1484 2642 praedicasti

188 2689 261 2740 tarr.
279 2687 332 2734 un.
348 2685 437 2734 caus.
453 2665 503 2730 26.
520 2655 643 2753 quaest.
661 2665 698 2750 1,
715 2683 785 2728 can.
803 2663 831 2732 3.
848 2685 936 2736 caus.
952 2665 1002 2730 26.
1017 2677 1142 2759 qrracst.
1157 2667 1187 2736 2

725 3071 876 3138 CAPUT
898 3071 956 3165 ill.

440 3299 494 3366 De
507 3297 880 3384 uiolatajurrbp'urcndi,
897 3308 957 3362 aut
969 3299 1037 3362 voti
1052 3297 1249 3381 Religione..

321 3527 397 3592 Huc
419 3525 605 3592 referendus
627 3537 676 3590 est
696 3521 812 3590 titulos
832 3522 882 3586 24.
906 3517 975 3589 libr.
991 3525 1030 3606 2.,
1052 3531 1085 3588 at
1106 3522 1154 3586 tit.
1175 3521 1226 3588 34.
1249 3521 1318 3587 libr.
1340 3521 1369 3585 3.

200 3755 593 4002 QUEMADMODUM
615 3893 797 3977 religiosum
812 3909 883 3955 esse
898 3891 992 3955 debet
1007 3887 1095 3952 fideli
1109 3889 1185 3967 vim,
1202 3877 1313 3953 Deum
1326 3886 1367 3952 ad
1380 3883 1488 3950 confir·

197 4007 373 4070 mationem
384 4004 527 4067 veritatis
537 4001 745 4086 iurejurando
758 4005 873 4079 testari,
890 4001 934 4062 ita
946 3997 1157 4062 mendacibus
1169 3997 1306 4081 impium
1317 4007 1372 4076 est,
1385 3993 1488 4058 Deum

196 4109 291 4196 quasi
314 4109 476 4174 mendacii
501 4109 552 4172 sni
578 4123 748 4192 patronum
772 4109 931 4170 advocare
955 4105 1099 4190 perjurio3
1126 4103 1213 4186 quod
1241 4103 1340 4169 veluti
1354 4105 1488 4168 immane

195 4221 303 4286 scelus
318 4238 468 4304 expresse
482 4227 503 4285 a
519 4219 590 4282 Deo
612 4219 645 4282 iu
661 4217 776 4280 veteris
793 4215 974 4280 testamenti
990 4213 1088 4276 literis
1103 4212 1298 4277 damnatum
1319 4211 1383 4288 fuit,
1397 4203 1489 4272 Levi-

198 4331 253 4394 tici
266 4349 336 4412 cap.
353 4331 392 4409 5,
407 4347 479 4392 cen.
496 4329 544 4392 12.
561 4347 648 4390 caus.
664 4326 715 4388 22.
731 4333 855 4406 quaest.
872 4324 900 4385 1.
944 4321 1019 4385 Non
1034 4317 1208 4382 defuerunt
1222 4318 1309 4397 olim,
1335 4314 1387 4398 qui
1399 4319 1489 4397 puia-

197 4447 276 4516 rant,
291 4456 387 4500 omne
397 4435 626 4520 jusjurandum
641 4433 788 4520 illicitum
799 4451 878 4512 csse,
894 4441 951 4494 aut
966 4429 1081 4493 saltem
1096 4427 1289 4507 dubitarent,
1305 4445 1346 4489 an
1358 4425 1388 4486 in
1401 4433 1490 4482 cons·

197 4557 293 4629 pecto
310 4543 532 4630 Evangelicae
557 4542 722 4608 doctrinae
737 4537 1026 4618 indiscriminatim,
1051 4545 1083 4600 et
1105 4529 1296 4620 generaliter
1318 4525 1488 4614 inproban-
