3120 4980
534 411 625 470 turm
644 415 874 464 arr-carrusa.
1045 430 1049 442 ·
1093 428 1097 442 ·
1315 391 1358 460 tn

85 539 469 624 qreinpropesirorrostro
492 541 616 605 crimea
629 559 701 603 esse
715 539 878 616 dicemrra·
900 553 966 602 non
989 531 1220 620 quodcumque
1243 550 1354 618 peccat

85 659 146 728 terr,
159 651 250 730 idest,
277 667 343 714 nou
357 650 587 732 quodcumque
601 659 659 713 aut
671 647 854 714 admissura
868 645 1025 710 adsersus
1045 645 1157 723 legum
1172 644 1280 722 vetita,
1295 653 1354 710 aut

84 761 309 839 paeermtmrm
335 759 493 822 adversus
509 759 618 841 iegum
643 768 822 840 praecepta,
848 755 905 820 sad
921 754 1003 818 iilud
1017 764 1076 818 aut
1097 752 1282 818 admissum
1295 751 1351 819 ad·

84 885 172 932 renus
185 869 286 952 legum
301 871 412 948 vetita,
427 879 484 932 aut
499 853 761 950 praetermissum
776 864 933 928 adversus
947 864 1057 946 legum
1071 871 1249 946 praecepta,
1264 861 1352 944 quod

83 995 163 1060 poena
175 979 313 1064 sequitur
327 981 370 1043 ab
384 979 403 1042 J
406 977 499 1042 udiee
514 979 597 1040 inter
608 975 757 1042 homine-s
772 973 953 1054 indicenda,
975 973 1057 1038 adeo
1072 967 1113 1036 ut‘
1122 972 1266 1056 legitima
1280 987 1354 1054 poe·

82 1103 128 1148 nac
139 1085 258 1150 indictio
271 1087 392 1150 crimen
408 1092 428 1149 a
445 1095 577 1168 peccato
590 1083 778 1165 distinguat.
808 1081 1059 1146 Observandum
1074 1090 1181 1144 tamen
1197 1089 1254 1158 est,
1270 1079 1368 1144 nihii.

80 1195 104 1256 io
116 1196 166 1258 hac
180 1217 209 1260 re
223 1197 382 1273 interesse,
398 1211 439 1258 an
457 1209 562 1275 poeno
576 1193 647 1274 lege
662 1191 842 1274 specialiter
852 1189 1034 1268 definiatur,
1050 1207 1094 1252 an
1111 1187 1353 1272 praetermeat

80 1302 205 1380 aequitati
219 1303 237 1365 J
241 1301 342 1366 rtdittis
368 1300 556 1364 definienda
570 1299 751 1382 mandatae
777 1317 903 1379 semper
916 1299 1004 1364 enim
1020 1315 1123 1379 poena
1144 1297 1262 1362 dieitur
1276 1297 1355 1380 legi·

79 1407 145 1486 tina,
159 1428 251 1493 quam
266 1429 308 1474 err
323 1411 517 1492 praescripto
543 1410 622 1492 legis
637 1409 656 1473 J
660 1409 745 1472 udex
760 1407 888 1490 infligit,
904 1419 976 1471 utut
991 1407 1118 1486 modus,
1140 1417 1173 1470 et
1186 1407 1352 1488 quantitas

79 1535 175 1599 poarrae
188 1521 362 1602 piurirrrum
378 1519 519 1601 pandera
530 1537 572 1581 ex
587 1517 731 1602 ejusdem
746 1515 873 1580 Judieie
888 1516 1016 1580 arbitrio
1032 1516 1188 1580 rideatur.

108 1627 205 1710 itaque
218 1630 340 1694 crimen
367 1628 490 1710 proprie
505 1626 630 1706 dieitur,
647 1637 758 1688 contro
773 1624 861 1706 quod
882 1641 987 1706 poena
1001 1623 1191 1688 decernitur.
1234 1623 1300 1688 Sed
1317 1623 1351 1688 in

76 1729 123 1793 hac
135 1735 284 1826 pqaitiom
294 1735 480 1816 caeteroqui
495 1735 672 1818 perspicua,
686 1745 718 1796 ct
733 1733 834 1816 plana
846 1731 1024 1796 uououiiaa
1045 1730 1261 1796 instituendae
1272 1742 1367 1796 suut·
1463 1757 1467 1762 ’

76 1841 295 1924 caramentes,
308 1847 440 1928 quibus
455 1845 565 1929 padam
587 1847 684 1910 etiarn
701 1845 765 1924 flat,
782 1843 894 1925 qualia
908 1843 974 1908 sint
988 1842 1113 1922 delicta,
1128 1854 1250 1908 ,contra
1264 1863 1351 1926 quaa

75 1953 156 2034 poena
169 1939 342 2022 seruanda*
355 1957 458 2036 fuerit,
473 1957 506 2020 e't
519 1958 630 2038 qualia
645 1958 715 2020 sine
729 1975 833 2038 poena
845 1953 1083 2036 rettrrquosea
1111 1953 1148 2018 Id
1164 1955 1362 2025 creausus-1

74 2075 279 2129 monstraretur
293 2065 458 2148 exemptis,
478 2085 584 2147 qaam¹
595 2063 940 2147 genaraiibua-reguiie,
951 2063 1056 2143 immo
1074 2074 1107 2126 at
1120 2063 1365 2144 demonstrabis

73 2180 112 2234 tur
132 2175 160 2237 itr
182 2177 307 2258 integre
333 2178 531 2240 tractatione.
572 2177 746 2266 anmrtrm
768 2177 862 2258 Juvat
881 2175 976 2238 initio
1000 2173 1164 2258 generalia
1182 2173 1351 2256 quaedam

69 2275 217 2370 praecepta
231 2285 382 2367 stabilire,
407 2303 581 2370 quaecum
592 2305 710 2352 nermo
725 2301 797 2350 esse
808 2285 1036 2350 consueuerint
1057 2285 1365 2370 Lagamiatoriirrsqt

71 2389 691 2476 areapraetarea'possujntInterpretirrus
706 2392 822 2474 legum,
840 2391 941 2456 vetusti
957 2392 1072 2456 irrrnerr
1082 2392 1121 2456 ad
1137 2394 1292 2458 intimum
1307 2394 1359 2460 lea

70 2501 290 2583 gumapirittrrn
305 2499 562 2584 adaequandum.
602 2501 691 2565 Sunt
704 2501 775 2579 isto,
789 2512 828 2564 ut
843 2519 939 2566 neruo
952 2520 1018 2566 neu
1035 2501 1130 2581 ridet,
1148 2503 1360 2587 trtriqnajuri·

68 2609 244 2672 mmmunie:
257 2609 701 2692 qrrtrmebrarnopqmstunum
716 2621 773 2689 eutr
788 2610 1073 2692 meoipereauiroe
1086 2611 1130 2674 ed
1144 2611 1358 2704 piacitapru·

66 2711 181 2782 dantum
205 2715 360 2797 dirorum,
384 2719 454 2781 sire
468 2717 515 2782 itti
530 2719 596 2782 sint
620 2719 725 2788 civilis
751 2719 940 2800 mpientia'e,
963 2717 1033 2784 siue
1047 2717 1351 2804 usctptnraeeocto·

66 2821 202 2888 siasdeae‘
213 2837 442 2910 praeceptorem
457 2844 596 2910 quorum
610 2826 793 2890 sententias*
803 2827 857 2892 ubi
873 2827 1113 2905 corrtulerirnrts,
1135 2845 1350 2910 agnoseemus

65 2939 160 2995 rntrtuo
173 2953 362 3016 consensum
372 2943 514 2998 :tantum
529 2935 616 3017 apud
633 2935 718 2998 viros
733 2935 968 3000 ecclesiasticos
989 2935 1349 3020 quaedamsinguisria

64 3035 259 3122 inveniemus,
276 3043 355 3125 quin
369 3043 430 3121 isti,
445 3041 527 3108 dum
551 3043 679 3125 regulus
694 3043 862 3124 traderent,
886 3045 999 3124 muita,
1010 3057 1110 3127 quae
1124 3045 1166 3110 ad
1181 3045 1287 3112 torum
1299 3047 1348 3112 iu·

62 3155 171 3213 ternum
185 3151 354 3234 pertinent,
370 3141 509 3229 samiis,
536 3169 621 3232 qum
634 3150 677 3213 ad
691 3149 799 3216 forum
821 3163 994 3218 externum
1009 3156 1154 3235 attinent,
1180 3173 1349 3238 congesse-

61 3264 130 3332 runt,
145 3255 191 3320 uti
205 3273 375 3338 congerere
401 3256 580 3346 debuerunt
595 3255 652 3336 ilii,
668 3259 724 3340 qui
739 3260 906 3344 utriusque
920 3259 980 3326 feri
995 3263 1135 3344 regimen
1158 3265 1346 3330 rrectisnrrt.

62 3351 143 3420 Porro
157 3361 283 3442 utrique
297 3359 488 3444 generaliter
500 3365 746 3442 constituerunt,
762 3376 833 3430 turn
848 3387 918 3430 esse
934 3385 1003 3433 reos
1019 3369 1129 3450 poetria
1144 3373 1346 3453 coercendos,

60 3479 147 3542 quum
163 3467 226 3532 taie
252 3467 331 3533 soret
345 3469 536 3549 admissum,
561 3471 648 3553 quod
664 3473 857 3554 societatem,
884 3493 992 3538 retusa
1007 3473 1171 3556 publicam
1194 3476 1346 3558 turbaret;

60 3569 167 3638 interea
181 3586 289 3642 tantan
315 3579 347 3642 in
361 3578 425 3642 hoc
439 3578 641 3661 explicando,
669 3597 733 3644 non
749 3571 881 3662 quidem
895 3579 1081 3662 contrarias,
1104 3582 1169 3646 sed.
1184 3583 1284 3666 paulo
1300 3585 1346 3650 di·

58 3697 154 3748 tersas
167 3687 297 3770 regulas
320 3700 562 3771 preposuerunt,
584 3689 678 3771 quasi
704 3692 888 3756 incedentes
903 3711 958 3776 per
971 3693 1119 3760 diversas
1142 3696 1284 3776 semitas,
1299 3697 1344 3762 ud

58 3807 146 3860 traam
159 3798 375 3880 eamdemque
389 3811 518 3878 metam,
533 3821 571 3864 ac
587 3800 687 3866 finem
702 3803 919 3868 collinearent.

91 3901 200 3966 Civilis
213 3903 400 3985 sapientiae,
424 3925 483 3970 seu
496 3907 700 3991 philosophia
725 3910 879 3993 dogmata
901 3911 1078 3998 explicarit
1090 3913 1198 3978 Aulus
1220 3915 1347 3982 Gallius

57 4003 207 4092 utnbcu.
232 4011 386 4078 Noctium
402 4016 583 4081 Atticarum
607 4037 677 4099 cup.
697 4017 754 4098 ld,
782 4020 836 4084 ubi
851 4019 903 4098 ait,
922 4029 983 4084 tres
997 4032 1068 4084 essa
1090 4037 1209 4086 causas
1223 4024 1343 4104 quibus

56 4105 265 4190 existimatum
279 4135 335 4203 est,
351 4131 439 4190 certa
453 4125 570 4212 delieta
585 4107 701 4212 puniri.
744 4129 855 4193 Prima
869 4141 925 4211 eat,
940 4151 1042 4214 quum
1055 4149 1159 4216 poena
1174 4134 1347 4202 adhibetur
1372 4183 1375 4192 -

54 4227 231 4311 castigandi,
247 4243 347 4314 atque
366 4233 564 4300 emendandi
579 4236 690 4316 gratia,
714 4247 750 4302 ut
765 4238 793 4300 is
807 4241 863 4320 qui
879 4238 1008 4309 fortuito
1022 4240 1165 4323 deliquit,
1191 4245 1341 4308 attentior

55 4329 113 4412 fiat,
127 4340 365 4423 eorrectiorqua:
390 4343 500 4408 Altera
515 4355 564 4408 ast
583 4345 862 4412 animadvertendi
877 4367 986 4430 causo,
1013 4369 1090 4416 cunr
1104 4349 1256 4433 dignitas,
1270 4369 1346 4416 atre·

54 4443 216 4534 utiusque
229 4449 307 4532 ejus,
333 4449 367 4514 iu
381 4469 480 4536 quern
494 4461 544 4518 est
555 4463 735 4538 peecatum,
762 4455 884 4521 tuenda
899 4466 955 4537 eat,
971 4475 1012 4522 ne
1034 4457 1260 4542 praetermissa
1276 4459 1348 4525 arri·
