<?xml version="1.0" encoding="UTF-8"?>
<!DOCTYPE html PUBLIC "-//W3C//DTD XHTML 1.0 Transitional//EN"
    "http://www.w3.org/TR/xhtml1/DTD/xhtml1-transitional.dtd">
<html xmlns="http://www.w3.org/1999/xhtml" xml:lang="en" lang="en">
 <head>
  <title>
</title>
<meta http-equiv="Content-Type" content="text/html;charset=utf-8" />
  <meta name='ocr-system' content='tesseract 3.04.00' />
  <meta name='ocr-capabilities' content='ocr_page ocr_carea ocr_par ocr_line ocrx_word'/>
</head>
<body>
  <div class='ocr_page' id='page_1' title='image "./carolisebastian00beragoog_0302.png"; bbox 0 0 3146 4980; ppageno 0'>
   <div class='ocr_carea' id='block_1_1' title="bbox 355 436 1369 502">
    <p class='ocr_par' dir='ltr' id='par_1_1' title="bbox 355 436 1369 502">
     <span class='ocr_line' id='line_1_1' title="bbox 355 436 1369 502; baseline 0.006 -6"><span class='ocrx_word' id='word_1_1' title='bbox 355 451 402 497; x_wconf 72' lang='lat' dir='ltr'>DE</span> <span class='ocrx_word' id='word_1_2' title='bbox 416 449 599 498; x_wconf 69' lang='lat' dir='ltr'>CONSBMU</span> <span class='ocrx_word' id='word_1_3' title='bbox 616 451 816 496; x_wconf 70' lang='lat' dir='ltr'>aramum</span> <span class='ocrx_word' id='word_1_4' title='bbox 834 451 875 498; x_wconf 78' lang='lat' dir='ltr'>IN</span> <span class='ocrx_word' id='word_1_5' title='bbox 889 449 1080 499; x_wconf 72' lang='lat' dir='ltr'>consuant.</span> <span class='ocrx_word' id='word_1_6' title='bbox 1304 436 1369 502; x_wconf 58' lang='grc' dir='ltr'><em>Μ</em></span> 
     </span>
    </p>
   </div>
   <div class='ocr_carea' id='block_1_2' title="bbox 23 563 1380 4601">
    <p class='ocr_par' dir='ltr' id='par_1_2' title="bbox 23 563 1379 4152">
     <span class='ocr_line' id='line_1_2' title="bbox 97 563 1374 660; baseline 0.009 -26"><span class='ocrx_word' id='word_1_7' title='bbox 97 570 212 637; x_wconf 86' lang='lat' dir='ltr'>obtinere</span> <span class='ocrx_word' id='word_1_8' title='bbox 225 572 394 656; x_wconf 66' lang='lat' dir='ltr'>debebnnu</span> <span class='ocrx_word' id='word_1_9' title='bbox 421 583 549 638; x_wconf 85' lang='lat' dir='ltr'>tentum</span> <span class='ocrx_word' id='word_1_10' title='bbox 563 573 703 638; x_wconf 83' lang='lat' dir='ltr'>lbcultas</span> <span class='ocrx_word' id='word_1_11' title='bbox 728 563 842 638; x_wconf 86' lang='lat' dir='ltr'>iisdem</span> <span class='ocrx_word' id='word_1_12' title='bbox 864 574 1109 657; x_wconf 81' lang='lat' dir='ltr'><strong>concedebatur,</strong></span> <span class='ocrx_word' id='word_1_13' title='bbox 1133 584 1168 641; x_wconf 91' lang='lat' dir='ltr'>ut</span> <span class='ocrx_word' id='word_1_14' title='bbox 1183 579 1309 660; x_wconf 81' lang='lat' dir='ltr'>quoties</span> <span class='ocrx_word' id='word_1_15' title='bbox 1324 581 1374 645; x_wconf 89' lang='lat' dir='ltr'>in·</span> 
     </span>
     <span class='ocr_line' id='line_1_3' title="bbox 93 677 1372 776; baseline 0.006 -28"><span class='ocrx_word' id='word_1_16' title='bbox 93 685 160 768; x_wconf 86' lang='lat' dir='ltr'>juria</span> <span class='ocrx_word' id='word_1_17' title='bbox 172 687 406 753; x_wconf 87' lang='lat' dir='ltr'>matrimonium</span> <span class='ocrx_word' id='word_1_18' title='bbox 430 687 618 750; x_wconf 76' lang='lat' dir='ltr'>contrahere</span> <span class='ocrx_word' id='word_1_19' title='bbox 633 693 654 753; x_wconf 75' lang='lat' dir='ltr'>a</span> <span class='ocrx_word' id='word_1_20' title='bbox 669 697 758 770; x_wconf 89' lang='lat' dir='ltr'>patre</span> <span class='ocrx_word' id='word_1_21' title='bbox 771 677 1022 770; x_wconf 75' lang='lat' dir='ltr'>prohiberentur,</span> <span class='ocrx_word' id='word_1_22' title='bbox 1040 701 1311 772; x_wconf 83' lang='lat' dir='ltr'>conquererentur</span> <span class='ocrx_word' id='word_1_23' title='bbox 1326 694 1372 776; x_wconf 89' lang='lat' dir='ltr'>lp-</span> 
     </span>
     <span class='ocr_line' id='line_1_4' title="bbox 96 783 1371 888; baseline 0.009 -30"><span class='ocrx_word' id='word_1_24' title='bbox 96 783 199 880; x_wconf 85' lang='lat' dir='ltr'>siapud</span> <span class='ocrx_word' id='word_1_25' title='bbox 213 799 358 882; x_wconf 87' lang='lat' dir='ltr'>publicos</span> <span class='ocrx_word' id='word_1_26' title='bbox 375 797 591 882; x_wconf 78' lang='lat' dir='ltr'>Magistratus,</span> <span class='ocrx_word' id='word_1_27' title='bbox 617 812 754 880; x_wconf 88' lang='lat' dir='ltr'>quorum</span> <span class='ocrx_word' id='word_1_28' title='bbox 769 797 875 862; x_wconf 89' lang='lat' dir='ltr'>officio</span> <span class='ocrx_word' id='word_1_29' title='bbox 890 799 1083 864; x_wconf 86' lang='lat' dir='ltr'>mandatum</span> <span class='ocrx_word' id='word_1_30' title='bbox 1098 813 1175 882; x_wconf 88' lang='lat' dir='ltr'>erat,</span> <span class='ocrx_word' id='word_1_31' title='bbox 1195 813 1232 867; x_wconf 93' lang='lat' dir='ltr'>ut</span> <span class='ocrx_word' id='word_1_32' title='bbox 1246 815 1371 888; x_wconf 89' lang='lat' dir='ltr'>patrem</span> 
     </span>
     <span class='ocr_line' id='line_1_5' title="bbox 94 904 1369 991; baseline 0.009 -27"><span class='ocrx_word' id='word_1_33' title='bbox 94 916 218 985; x_wconf 75' lang='lat' dir='ltr'>cogerent</span> <span class='ocrx_word' id='word_1_34' title='bbox 231 905 274 970; x_wconf 89' lang='lat' dir='ltr'>ad</span> <span class='ocrx_word' id='word_1_35' title='bbox 297 904 576 984; x_wconf 85' lang='lat' dir='ltr'>consentiendum,</span> <span class='ocrx_word' id='word_1_36' title='bbox 601 905 879 988; x_wconf 81' lang='lat' dir='ltr'>quemadmodum</span> <span class='ocrx_word' id='word_1_37' title='bbox 904 906 996 969; x_wconf 90' lang='lat' dir='ltr'>etad</span> <span class='ocrx_word' id='word_1_38' title='bbox 1021 906 1326 991; x_wconf 89' lang='lat' dir='ltr'>dotandamfiliam,</span> <span class='ocrx_word' id='word_1_39' title='bbox 1342 911 1369 977; x_wconf 88' lang='lat' dir='ltr'>sl</span> 
     </span>
     <span class='ocr_line' id='line_1_6' title="bbox 93 1009 1371 1100; baseline 0.005 -26"><span class='ocrx_word' id='word_1_40' title='bbox 93 1009 221 1094; x_wconf 82' lang='lat' dir='ltr'>jampost</span> <span class='ocrx_word' id='word_1_41' title='bbox 247 1013 425 1095; x_wconf 85' lang='lat' dir='ltr'>legitimam</span> <span class='ocrx_word' id='word_1_42' title='bbox 438 1011 701 1094; x_wconf 83' lang='lat' dir='ltr'>vigintiquinque</span> <span class='ocrx_word' id='word_1_43' title='bbox 726 1029 886 1075; x_wconf 85' lang='lat' dir='ltr'>annorum</span> <span class='ocrx_word' id='word_1_44' title='bbox 910 1023 1049 1077; x_wconf 88' lang='lat' dir='ltr'>aetatem</span> <span class='ocrx_word' id='word_1_45' title='bbox 1065 1027 1177 1097; x_wconf 87' lang='lat' dir='ltr'>sponte</span> <span class='ocrx_word' id='word_1_46' title='bbox 1198 1019 1371 1100; x_wconf 79' lang='lat' dir='ltr'>nupsisset,</span> 
     </span>
     <span class='ocr_line' id='line_1_7' title="bbox 94 1119 1371 1209; baseline 0.009 -28"><span class='ocrx_word' id='word_1_47' title='bbox 94 1119 135 1182; x_wconf 85' lang='lat' dir='ltr'>cui</span> <span class='ocrx_word' id='word_1_48' title='bbox 146 1121 355 1186; x_wconf 82' lang='lat' dir='ltr'>conditionem</span> <span class='ocrx_word' id='word_1_49' title='bbox 373 1139 532 1204; x_wconf 64' lang='lat' dir='ltr'>⁴quaerero</span> <span class='ocrx_word' id='word_1_50' title='bbox 545 1130 635 1204; x_wconf 89' lang='lat' dir='ltr'>pater</span> <span class='ocrx_word' id='word_1_51' title='bbox 659 1119 863 1202; x_wconf 80' lang='lat' dir='ltr'>neglexisset,</span> <span class='ocrx_word' id='word_1_52' title='bbox 880 1121 900 1184; x_wconf 96' lang='lat' dir='ltr'>l.</span> <span class='ocrx_word' id='word_1_53' title='bbox 919 1123 967 1186; x_wconf 83' lang='lat'>19.</span> <span class='ocrx_word' id='word_1_54' title='bbox 982 1122 1015 1186; x_wconf 84' lang='lat' dir='ltr'>ff.</span> <span class='ocrx_word' id='word_1_55' title='bbox 1041 1125 1082 1188; x_wconf 87' lang='lat' dir='ltr'>de</span> <span class='ocrx_word' id='word_1_56' title='bbox 1097 1124 1160 1189; x_wconf 89' lang='lat' dir='ltr'>ritu</span> <span class='ocrx_word' id='word_1_57' title='bbox 1185 1129 1333 1209; x_wconf 80' lang='lat' dir='ltr'>nuptiar,</span> <span class='ocrx_word' id='word_1_58' title='bbox 1350 1128 1371 1194; x_wconf 93' lang='lat' dir='ltr'>l.</span> 
     </span>
     <span class='ocr_line' id='line_1_8' title="bbox 96 1215 1373 1313; baseline 0.009 -29"><span class='ocrx_word' id='word_1_59' title='bbox 96 1221 222 1290; x_wconf 81' lang='lat' dir='ltr'>nltvara</span> <span class='ocrx_word' id='word_1_60' title='bbox 250 1225 363 1313; x_wconf 67' lang='lat' dir='ltr'>Names</span> <span class='ocrx_word' id='word_1_61' title='bbox 376 1225 550 1291; x_wconf 82' lang='lat' dir='ltr'>enirncod.</span> <span class='ocrx_word' id='word_1_62' title='bbox 576 1223 617 1290; x_wconf 88' lang='lat' dir='ltr'>de</span> <span class='ocrx_word' id='word_1_63' title='bbox 642 1225 725 1289; x_wconf 88' lang='lat' dir='ltr'>dotis</span> <span class='ocrx_word' id='word_1_64' title='bbox 741 1225 960 1308; x_wconf 87' lang='lat' dir='ltr'>promissione.</span> <span class='ocrx_word' id='word_1_65' title='bbox 1003 1215 1181 1293; x_wconf 73' lang='lat' dir='ltr'>Parentum</span> <span class='ocrx_word' id='word_1_66' title='bbox 1204 1248 1323 1296; x_wconf 90' lang='lat' dir='ltr'>nomen</span> <span class='ocrx_word' id='word_1_67' title='bbox 1338 1234 1373 1298; x_wconf 92' lang='lat' dir='ltr'>in</span> 
     </span>
     <span class='ocr_line' id='line_1_9' title="bbox 94 1323 1374 1424; baseline 0.011 -33"><span class='ocrx_word' id='word_1_68' title='bbox 94 1329 142 1393; x_wconf 88' lang='lat' dir='ltr'>hac</span> <span class='ocrx_word' id='word_1_69' title='bbox 154 1353 182 1396; x_wconf 89' lang='lat' dir='ltr'>ra</span> <span class='ocrx_word' id='word_1_70' title='bbox 194 1335 297 1400; x_wconf 85' lang='lat' dir='ltr'>multo</span> <span class='ocrx_word' id='word_1_71' title='bbox 320 1335 525 1418; x_wconf 80' lang='lat' dir='ltr'>latiusjuxta</span> <span class='ocrx_word' id='word_1_72' title='bbox 539 1323 723 1400; x_wconf 79' lang='lat' dir='ltr'>n&#39;arurelsm</span> <span class='ocrx_word' id='word_1_73' title='bbox 748 1335 958 1416; x_wconf 84' lang='lat' dir='ltr'>honestatem,</span> <span class='ocrx_word' id='word_1_74' title='bbox 986 1355 1086 1418; x_wconf 90' lang='lat' dir='ltr'>quam</span> <span class='ocrx_word' id='word_1_75' title='bbox 1097 1341 1193 1422; x_wconf 77' lang='lat' dir='ltr'>Juxta</span> <span class='ocrx_word' id='word_1_76' title='bbox 1207 1341 1311 1404; x_wconf 88' lang='lat' dir='ltr'>civilis</span> <span class='ocrx_word' id='word_1_77' title='bbox 1321 1344 1374 1424; x_wconf 86' lang='lat' dir='ltr'>ju·</span> 
     </span>
     <span class='ocr_line' id='line_1_10' title="bbox 95 1439 1373 1528; baseline 0.007 -26"><span class='ocrx_word' id='word_1_78' title='bbox 95 1439 127 1502; x_wconf 90' lang='lat' dir='ltr'>ris</span> <span class='ocrx_word' id='word_1_79' title='bbox 137 1443 269 1524; x_wconf 80' lang='lat' dir='ltr'>effectus,</span> <span class='ocrx_word' id='word_1_80' title='bbox 295 1443 494 1528; x_wconf 84' lang='lat' dir='ltr'>intelligitur.</span> <span class='ocrx_word' id='word_1_81' title='bbox 537 1443 670 1508; x_wconf 82' lang='lat' dir='ltr'>Etenim</span> <span class='ocrx_word' id='word_1_82' title='bbox 685 1453 810 1522; x_wconf 86' lang='lat' dir='ltr'>natura,</span> <span class='ocrx_word' id='word_1_83' title='bbox 836 1462 922 1526; x_wconf 83' lang='lat' dir='ltr'>quae</span> <span class='ocrx_word' id='word_1_84' title='bbox 937 1445 1127 1526; x_wconf 85' lang='lat' dir='ltr'>generaliter</span> <span class='ocrx_word' id='word_1_85' title='bbox 1144 1447 1301 1511; x_wconf 87' lang='lat' dir='ltr'>rationem</span> <span class='ocrx_word' id='word_1_86' title='bbox 1315 1448 1373 1510; x_wconf 92' lang='lat' dir='ltr'>ha·</span> 
     </span>
     <span class='ocr_line' id='line_1_11' title="bbox 91 1549 1371 1635; baseline 0.005 -23"><span class='ocrx_word' id='word_1_87' title='bbox 91 1549 133 1612; x_wconf 85' lang='lat' dir='ltr'>bet</span> <span class='ocrx_word' id='word_1_88' title='bbox 144 1554 340 1634; x_wconf 73' lang='lat' dir='ltr'>maerentise,</span> <span class='ocrx_word' id='word_1_89' title='bbox 355 1564 389 1618; x_wconf 87' lang='lat' dir='ltr'>et</span> <span class='ocrx_word' id='word_1_90' title='bbox 400 1553 546 1635; x_wconf 83' lang='lat' dir='ltr'>obsequii</span> <span class='ocrx_word' id='word_1_91' title='bbox 560 1553 594 1616; x_wconf 91' lang='lat' dir='ltr'>in</span> <span class='ocrx_word' id='word_1_92' title='bbox 608 1562 757 1634; x_wconf 88' lang='lat' dir='ltr'>parentes</span> <span class='ocrx_word' id='word_1_93' title='bbox 780 1551 973 1635; x_wconf 82' lang='lat' dir='ltr'>praestandi,</span> <span class='ocrx_word' id='word_1_94' title='bbox 989 1569 1173 1615; x_wconf 82' lang='lat' dir='ltr'>aesomnes</span> <span class='ocrx_word' id='word_1_95' title='bbox 1187 1553 1371 1635; x_wconf 88' lang='lat' dir='ltr'>complecti·</span> 
     </span>
     <span class='ocr_line' id='line_1_12' title="bbox 94 1641 1373 1745; baseline 0.008 -27"><span class='ocrx_word' id='word_1_96' title='bbox 94 1667 193 1744; x_wconf 78' lang='lat' dir='ltr'>torpeo</span> <span class='ocrx_word' id='word_1_97' title='bbox 216 1663 476 1745; x_wconf 73' lang='lat' dir='ltr'>uniuscuiusque</span> <span class='ocrx_word' id='word_1_98' title='bbox 499 1659 603 1743; x_wconf 87' lang='lat' dir='ltr'>gradu</span> <span class='ocrx_word' id='word_1_99' title='bbox 627 1671 659 1722; x_wconf 89' lang='lat' dir='ltr'>ct</span> <span class='ocrx_word' id='word_1_100' title='bbox 684 1658 789 1738; x_wconf 90' lang='lat' dir='ltr'>modo,</span> <span class='ocrx_word' id='word_1_101' title='bbox 815 1661 939 1740; x_wconf 87' lang='lat' dir='ltr'>quibus</span> <span class='ocrx_word' id='word_1_102' title='bbox 954 1661 1146 1742; x_wconf 86' lang='lat' dir='ltr'>obsequium</span> <span class='ocrx_word' id='word_1_103' title='bbox 1168 1662 1316 1744; x_wconf 88' lang='lat' dir='ltr'>habetur;</span> <span class='ocrx_word' id='word_1_104' title='bbox 1333 1641 1373 1728; x_wconf 84' lang='lat' dir='ltr'>ac</span> 
     </span>
     <span class='ocr_line' id='line_1_13' title="bbox 93 1766 1374 1852; baseline -0.004 -16"><span class='ocrx_word' id='word_1_105' title='bbox 93 1780 236 1851; x_wconf 75' lang='lat' dir='ltr'>pmpteres</span> <span class='ocrx_word' id='word_1_106' title='bbox 250 1770 351 1836; x_wconf 82' lang='lat' dir='ltr'>etiarn</span> <span class='ocrx_word' id='word_1_107' title='bbox 364 1769 393 1832; x_wconf 84' lang='lat' dir='ltr'>si</span> <span class='ocrx_word' id='word_1_108' title='bbox 407 1779 497 1852; x_wconf 87' lang='lat' dir='ltr'>pater</span> <span class='ocrx_word' id='word_1_109' title='bbox 512 1767 618 1830; x_wconf 86' lang='lat' dir='ltr'>filium</span> <span class='ocrx_word' id='word_1_110' title='bbox 629 1767 890 1848; x_wconf 74' lang='lat' dir='ltr'>emancipaverit,</span> <span class='ocrx_word' id='word_1_111' title='bbox 906 1766 1070 1832; x_wconf 76' lang='lat' dir='ltr'>ueletiam</span> <span class='ocrx_word' id='word_1_112' title='bbox 1086 1768 1113 1829; x_wconf 87' lang='lat' dir='ltr'>si</span> <span class='ocrx_word' id='word_1_113' title='bbox 1128 1767 1169 1830; x_wconf 90' lang='lat' dir='ltr'>de</span> <span class='ocrx_word' id='word_1_114' title='bbox 1180 1777 1282 1831; x_wconf 87' lang='lat' dir='ltr'>matre</span> <span class='ocrx_word' id='word_1_115' title='bbox 1298 1787 1374 1852; x_wconf 90' lang='lat' dir='ltr'>aga·</span> 
     </span>
     <span class='ocr_line' id='line_1_14' title="bbox 93 1873 1375 1960; baseline 0.002 -22"><span class='ocrx_word' id='word_1_116' title='bbox 93 1885 138 1955; x_wconf 87' lang='lat' dir='ltr'>tur,</span> <span class='ocrx_word' id='word_1_117' title='bbox 151 1876 274 1946; x_wconf 86' lang='lat' dir='ltr'>dcavis</span> <span class='ocrx_word' id='word_1_118' title='bbox 298 1895 428 1960; x_wconf 88' lang='lat' dir='ltr'>quoque</span> <span class='ocrx_word' id='word_1_119' title='bbox 452 1893 511 1938; x_wconf 87' lang='lat' dir='ltr'>seu</span> <span class='ocrx_word' id='word_1_120' title='bbox 525 1874 675 1958; x_wconf 87' lang='lat' dir='ltr'>paternis,</span> <span class='ocrx_word' id='word_1_121' title='bbox 701 1891 760 1936; x_wconf 88' lang='lat' dir='ltr'>seu</span> <span class='ocrx_word' id='word_1_122' title='bbox 785 1873 946 1951; x_wconf 83' lang='lat' dir='ltr'>maternis,</span> <span class='ocrx_word' id='word_1_123' title='bbox 973 1875 1142 1938; x_wconf 87' lang='lat' dir='ltr'>consensio</span> <span class='ocrx_word' id='word_1_124' title='bbox 1156 1875 1294 1940; x_wconf 59' lang='lat' dir='ltr'>‘illorum</span> <span class='ocrx_word' id='word_1_125' title='bbox 1314 1877 1375 1940; x_wconf 91' lang='lat' dir='ltr'>erit</span> 
     </span>
     <span class='ocr_line' id='line_1_15' title="bbox 92 1978 1375 2071; baseline 0.003 -27"><span class='ocrx_word' id='word_1_126' title='bbox 92 1996 205 2051; x_wconf 75' lang='lat' dir='ltr'>munus</span> <span class='ocrx_word' id='word_1_127' title='bbox 220 1985 415 2065; x_wconf 84' lang='lat' dir='ltr'>adhibendo,</span> <span class='ocrx_word' id='word_1_128' title='bbox 431 1978 594 2066; x_wconf 77' lang='lat' dir='ltr'>quatenus</span> <span class='ocrx_word' id='word_1_129' title='bbox 604 1983 747 2048; x_wconf 86' lang='lat' dir='ltr'>invicem</span> <span class='ocrx_word' id='word_1_130' title='bbox 760 1999 827 2048; x_wconf 90' lang='lat' dir='ltr'>non</span> <span class='ocrx_word' id='word_1_131' title='bbox 841 1993 1006 2064; x_wconf 86' lang='lat' dir='ltr'>repugnet,</span> <span class='ocrx_word' id='word_1_132' title='bbox 1022 1993 1054 2046; x_wconf 87' lang='lat' dir='ltr'>ct</span> <span class='ocrx_word' id='word_1_133' title='bbox 1068 2003 1106 2046; x_wconf 93' lang='lat' dir='ltr'>eo</span> <span class='ocrx_word' id='word_1_134' title='bbox 1120 1985 1375 2071; x_wconf 67' lang='lat' dir='ltr'>honestiusque</span> 
     </span>
     <span class='ocr_line' id='line_1_16' title="bbox 92 2089 1373 2179; baseline 0.002 -23"><span class='ocrx_word' id='word_1_135' title='bbox 92 2095 202 2178; x_wconf 81' lang='lat' dir='ltr'>propius</span> <span class='ocrx_word' id='word_1_136' title='bbox 216 2097 427 2178; x_wconf 86' lang='lat' dir='ltr'>attinguntur,</span> <span class='ocrx_word' id='word_1_137' title='bbox 443 2094 496 2157; x_wconf 87' lang='lat' dir='ltr'>vel</span> <span class='ocrx_word' id='word_1_138' title='bbox 510 2111 575 2175; x_wconf 92' lang='lat' dir='ltr'>quo</span> <span class='ocrx_word' id='word_1_139' title='bbox 590 2093 696 2177; x_wconf 89' lang='lat' dir='ltr'>majus</span> <span class='ocrx_word' id='word_1_140' title='bbox 709 2089 807 2154; x_wconf 88' lang='lat' dir='ltr'>etiam</span> <span class='ocrx_word' id='word_1_141' title='bbox 822 2092 1012 2173; x_wconf 85' lang='lat' dir='ltr'>obsequium</span> <span class='ocrx_word' id='word_1_142' title='bbox 1028 2094 1204 2178; x_wconf 88' lang='lat' dir='ltr'>unicuique</span> <span class='ocrx_word' id='word_1_143' title='bbox 1229 2093 1373 2179; x_wconf 82' lang='lat' dir='ltr'>debetur,</span> 
     </span>
     <span class='ocr_line' id='line_1_17' title="bbox 91 2201 1375 2288; baseline 0 -18"><span class='ocrx_word' id='word_1_144' title='bbox 91 2220 209 2288; x_wconf 76' lang='lat' dir='ltr'>tanqua</span> <span class='ocrx_word' id='word_1_145' title='bbox 222 2207 266 2269; x_wconf 88' lang='lat' dir='ltr'>ob</span> <span class='ocrx_word' id='word_1_146' title='bbox 278 2225 349 2270; x_wconf 85' lang='lat' dir='ltr'>rem</span> <span class='ocrx_word' id='word_1_147' title='bbox 362 2203 484 2287; x_wconf 78' lang='lat' dir='ltr'>passim</span> <span class='ocrx_word' id='word_1_148' title='bbox 498 2203 764 2267; x_wconf 83' lang='lat' dir='ltr'>honestissimum</span> <span class='ocrx_word' id='word_1_149' title='bbox 779 2201 861 2266; x_wconf 80' lang='lat' dir='ltr'>illud</span> <span class='ocrx_word' id='word_1_150' title='bbox 875 2202 1021 2282; x_wconf 89' lang='lat' dir='ltr'>habetur,</span> <span class='ocrx_word' id='word_1_151' title='bbox 1046 2203 1141 2285; x_wconf 88' lang='lat' dir='ltr'>eique</span> <span class='ocrx_word' id='word_1_152' title='bbox 1155 2205 1236 2268; x_wconf 86' lang='lat' dir='ltr'>nihil</span> <span class='ocrx_word' id='word_1_153' title='bbox 1252 2205 1375 2270; x_wconf 86' lang='lat' dir='ltr'>deside·</span> 
     </span>
     <span class='ocr_line' id='line_1_18' title="bbox 90 2310 1376 2398; baseline 0.005 -24"><span class='ocrx_word' id='word_1_154' title='bbox 90 2313 213 2382; x_wconf 84' lang='lat' dir='ltr'>nudum</span> <span class='ocrx_word' id='word_1_155' title='bbox 225 2315 373 2398; x_wconf 77' lang='lat' dir='ltr'>supersit,</span> <span class='ocrx_word' id='word_1_156' title='bbox 400 2313 596 2397; x_wconf 76' lang='lat' dir='ltr'>conjugium,</span> <span class='ocrx_word' id='word_1_157' title='bbox 612 2312 700 2395; x_wconf 91' lang='lat' dir='ltr'>quod</span> <span class='ocrx_word' id='word_1_158' title='bbox 715 2313 862 2377; x_wconf 89' lang='lat' dir='ltr'>omnium</span> <span class='ocrx_word' id='word_1_159' title='bbox 877 2310 971 2376; x_wconf 87' lang='lat' dir='ltr'>suerit</span> <span class='ocrx_word' id='word_1_160' title='bbox 993 2313 1142 2378; x_wconf 89' lang='lat' dir='ltr'>unanimi</span> <span class='ocrx_word' id='word_1_161' title='bbox 1163 2317 1376 2380; x_wconf 85' lang='lat' dir='ltr'>consensione</span> 
     </span>
     <span class='ocr_line' id='line_1_19' title="bbox 91 2420 1375 2508; baseline 0.009 -26"><span class='ocrx_word' id='word_1_162' title='bbox 91 2423 323 2494; x_wconf 83' lang='lat' dir='ltr'>combrolretum.</span> <span class='ocrx_word' id='word_1_163' title='bbox 365 2424 409 2488; x_wconf 73' lang='lat' dir='ltr'>At</span> <span class='ocrx_word' id='word_1_164' title='bbox 418 2423 501 2508; x_wconf 83' lang='lat' dir='ltr'>juris</span> <span class='ocrx_word' id='word_1_165' title='bbox 524 2421 630 2488; x_wconf 85' lang='lat' dir='ltr'>civilis</span> <span class='ocrx_word' id='word_1_166' title='bbox 654 2421 844 2501; x_wconf 88' lang='lat' dir='ltr'>conditores,</span> <span class='ocrx_word' id='word_1_167' title='bbox 869 2420 925 2502; x_wconf 92' lang='lat' dir='ltr'>qui</span> <span class='ocrx_word' id='word_1_168' title='bbox 946 2423 988 2485; x_wconf 91' lang='lat' dir='ltr'>ob</span> <span class='ocrx_word' id='word_1_169' title='bbox 1014 2422 1179 2487; x_wconf 85' lang='lat' dir='ltr'>difformes</span> <span class='ocrx_word' id='word_1_170' title='bbox 1203 2425 1375 2493; x_wconf 89' lang='lat' dir='ltr'>hominum</span> 
     </span>
     <span class='ocr_line' id='line_1_20' title="bbox 23 2534 1377 2619; baseline -0.004 -15"><span class='ocrx_word' id='word_1_171' title='bbox 23 2597 24 2604; x_wconf 74' lang='grc'>,</span> <span class='ocrx_word' id='word_1_172' title='bbox 89 2535 198 2600; x_wconf 83' lang='lat' dir='ltr'>animos</span> <span class='ocrx_word' id='word_1_173' title='bbox 211 2553 280 2600; x_wconf 84' lang='lat' dir='ltr'>non</span> <span class='ocrx_word' id='word_1_174' title='bbox 294 2535 377 2604; x_wconf 81' lang='lat' dir='ltr'>adeo</span> <span class='ocrx_word' id='word_1_175' title='bbox 401 2535 496 2601; x_wconf 82' lang='lat' dir='ltr'>facile</span> <span class='ocrx_word' id='word_1_176' title='bbox 511 2553 637 2617; x_wconf 81' lang='lat' dir='ltr'>sperare</span> <span class='ocrx_word' id='word_1_177' title='bbox 651 2545 798 2618; x_wconf 88' lang='lat' dir='ltr'>poterant</span> <span class='ocrx_word' id='word_1_178' title='bbox 819 2544 945 2598; x_wconf 85' lang='lat' dir='ltr'>tantam</span> <span class='ocrx_word' id='word_1_179' title='bbox 959 2534 1001 2596; x_wconf 90' lang='lat' dir='ltr'>in</span> <span class='ocrx_word' id='word_1_180' title='bbox 1016 2551 1212 2616; x_wconf 90' lang='lat' dir='ltr'>unoquoque</span> <span class='ocrx_word' id='word_1_181' title='bbox 1225 2535 1377 2619; x_wconf 84' lang='lat' dir='ltr'>conjugio</span> 
     </span>
     <span class='ocr_line' id='line_1_21' title="bbox 23 2639 1377 2724; baseline -0.001 -20"><span class='ocrx_word' id='word_1_182' title='bbox 23 2653 24 2656; x_wconf 73' lang='grc'>’</span> <span class='ocrx_word' id='word_1_183' title='bbox 90 2643 255 2708; x_wconf 75' lang='lat' dir='ltr'>ammonam</span> <span class='ocrx_word' id='word_1_184' title='bbox 268 2643 525 2722; x_wconf 76' lang='lat' dir='ltr'>consensionem,</span> <span class='ocrx_word' id='word_1_185' title='bbox 550 2651 649 2724; x_wconf 86' lang='lat' dir='ltr'>atque</span> <span class='ocrx_word' id='word_1_186' title='bbox 663 2641 789 2706; x_wconf 88' lang='lat' dir='ltr'>consilii</span> <span class='ocrx_word' id='word_1_187' title='bbox 811 2643 980 2718; x_wconf 87' lang='lat' dir='ltr'>unitatem,</span> <span class='ocrx_word' id='word_1_188' title='bbox 1000 2641 1141 2704; x_wconf 85' lang='lat' dir='ltr'>contenti</span> <span class='ocrx_word' id='word_1_189' title='bbox 1155 2639 1286 2706; x_wconf 84' lang='lat' dir='ltr'>suerunt</span> <span class='ocrx_word' id='word_1_190' title='bbox 1299 2660 1377 2706; x_wconf 66' lang='lat' dir='ltr'>con»</span> 
     </span>
     <span class='ocr_line' id='line_1_22' title="bbox 23 2749 1376 2835; baseline 0.002 -23"><span class='ocrx_word' id='word_1_191' title='bbox 23 2805 24 2812; x_wconf 74' lang='grc'>,</span> <span class='ocrx_word' id='word_1_192' title='bbox 90 2751 217 2816; x_wconf 74' lang='lat' dir='ltr'>nachore</span> <span class='ocrx_word' id='word_1_193' title='bbox 240 2750 387 2834; x_wconf 82' lang='lat' dir='ltr'>quadarn</span> <span class='ocrx_word' id='word_1_194' title='bbox 401 2751 522 2835; x_wconf 81' lang='lat' dir='ltr'>ragrrla,</span> <span class='ocrx_word' id='word_1_195' title='bbox 547 2769 615 2834; x_wconf 86' lang='lat' dir='ltr'>qua</span> <span class='ocrx_word' id='word_1_196' title='bbox 628 2751 744 2814; x_wconf 85' lang='lat' dir='ltr'>saltem</span> <span class='ocrx_word' id='word_1_197' title='bbox 769 2761 903 2828; x_wconf 83' lang='lat' dir='ltr'>servata,</span> <span class='ocrx_word' id='word_1_198' title='bbox 930 2749 1173 2814; x_wconf 87' lang='lat' dir='ltr'>matrimonium</span> <span class='ocrx_word' id='word_1_199' title='bbox 1183 2751 1318 2833; x_wconf 87' lang='lat' dir='ltr'>justum,</span> <span class='ocrx_word' id='word_1_200' title='bbox 1334 2769 1376 2815; x_wconf 87' lang='lat' dir='ltr'>ac</span> 
     </span>
     <span class='ocr_line' id='line_1_23' title="bbox 89 2855 1378 2946; baseline 0 -20"><span class='ocrx_word' id='word_1_201' title='bbox 89 2855 254 2940; x_wconf 78' lang='lat' dir='ltr'>legitimum</span> <span class='ocrx_word' id='word_1_202' title='bbox 276 2863 341 2928; x_wconf 85' lang='lat' dir='ltr'>dici</span> <span class='ocrx_word' id='word_1_203' title='bbox 356 2873 471 2946; x_wconf 80' lang='lat' dir='ltr'>posset.</span> <span class='ocrx_word' id='word_1_204' title='bbox 514 2863 678 2928; x_wconf 86' lang='lat' dir='ltr'>Nimirum</span> <span class='ocrx_word' id='word_1_205' title='bbox 692 2881 846 2926; x_wconf 88' lang='lat' dir='ltr'>concesso</span> <span class='ocrx_word' id='word_1_206' title='bbox 872 2863 1027 2944; x_wconf 87' lang='lat' dir='ltr'>singulari</span> <span class='ocrx_word' id='word_1_207' title='bbox 1037 2863 1108 2946; x_wconf 89' lang='lat' dir='ltr'>jure</span> <span class='ocrx_word' id='word_1_208' title='bbox 1123 2862 1213 2944; x_wconf 86' lang='lat' dir='ltr'>patri,</span> <span class='ocrx_word' id='word_1_209' title='bbox 1240 2874 1297 2926; x_wconf 90' lang='lat' dir='ltr'>aut</span> <span class='ocrx_word' id='word_1_210' title='bbox 1311 2879 1378 2926; x_wconf 88' lang='lat' dir='ltr'>avo</span> 
     </span>
     <span class='ocr_line' id='line_1_24' title="bbox 23 2971 1374 3058; baseline -0.002 -18"><span class='ocrx_word' id='word_1_211' title='bbox 23 3035 24 3040; x_wconf 73' lang='grc'>,</span> <span class='ocrx_word' id='word_1_212' title='bbox 89 2981 311 3058; x_wconf 66' lang='lat' dir='ltr'>paternaqms</span> <span class='ocrx_word' id='word_1_213' title='bbox 326 2985 484 3056; x_wconf 84' lang='lat' dir='ltr'>tanquam</span> <span class='ocrx_word' id='word_1_214' title='bbox 508 2973 652 3040; x_wconf 77' lang='lat' dir='ltr'>familiae</span> <span class='ocrx_word' id='word_1_215' title='bbox 667 2975 827 3057; x_wconf 84' lang='lat' dir='ltr'>principes</span> <span class='ocrx_word' id='word_1_216' title='bbox 852 2973 1069 3036; x_wconf 86' lang='lat' dir='ltr'>honoratiores</span> <span class='ocrx_word' id='word_1_217' title='bbox 1094 2971 1205 3036; x_wconf 87' lang='lat' dir='ltr'>haberi</span> <span class='ocrx_word' id='word_1_218' title='bbox 1231 2971 1374 3054; x_wconf 88' lang='lat' dir='ltr'>docebat,</span> 
     </span>
     <span class='ocr_line' id='line_1_25' title="bbox 23 3075 1376 3170; baseline -0.001 -20"><span class='ocrx_word' id='word_1_219' title='bbox 23 3147 24 3150; x_wconf 74' lang='grc'>,</span> <span class='ocrx_word' id='word_1_220' title='bbox 87 3083 163 3162; x_wconf 91' lang='lat' dir='ltr'>quod</span> <span class='ocrx_word' id='word_1_221' title='bbox 171 3087 225 3170; x_wconf 84' lang='lat' dir='ltr'>jus</span> <span class='ocrx_word' id='word_1_222' title='bbox 240 3085 367 3168; x_wconf 83' lang='lat' dir='ltr'>patriae</span> <span class='ocrx_word' id='word_1_223' title='bbox 383 3087 550 3168; x_wconf 83' lang='lat' dir='ltr'>potcstatis</span> <span class='ocrx_word' id='word_1_224' title='bbox 564 3081 817 3167; x_wconf 84' lang='lat' dir='ltr'>appellaverunt,</span> <span class='ocrx_word' id='word_1_225' title='bbox 835 3085 962 3166; x_wconf 88' lang='lat' dir='ltr'>justum</span> <span class='ocrx_word' id='word_1_226' title='bbox 977 3101 1048 3144; x_wconf 87' lang='lat' dir='ltr'>esse</span> <span class='ocrx_word' id='word_1_227' title='bbox 1068 3083 1312 3146; x_wconf 84' lang='lat' dir='ltr'>matrimonium</span> <span class='ocrx_word' id='word_1_228' title='bbox 1327 3075 1376 3148; x_wconf 85' lang='lat' dir='ltr'>di·</span> 
     </span>
     <span class='ocr_line' id='line_1_26' title="bbox 89 3191 1378 3280; baseline 0.003 -28"><span class='ocrx_word' id='word_1_229' title='bbox 89 3205 200 3275; x_wconf 81' lang='lat' dir='ltr'>rerunt,</span> <span class='ocrx_word' id='word_1_230' title='bbox 214 3195 302 3280; x_wconf 83' lang='lat' dir='ltr'>qued</span> <span class='ocrx_word' id='word_1_231' title='bbox 317 3195 514 3266; x_wconf 65' lang='grc'><strong>1011111111</strong></span> <span class='ocrx_word' id='word_1_232' title='bbox 528 3191 650 3273; x_wconf 74' lang='lat' dir='ltr'>finisset,</span> <span class='ocrx_word' id='word_1_233' title='bbox 674 3211 712 3254; x_wconf 87' lang='lat' dir='ltr'>eo</span> <span class='ocrx_word' id='word_1_234' title='bbox 725 3192 954 3270; x_wconf 86' lang='lat' dir='ltr'>consentiente,</span> <span class='ocrx_word' id='word_1_235' title='bbox 970 3191 1027 3273; x_wconf 92' lang='lat' dir='ltr'>qui</span> <span class='ocrx_word' id='word_1_236' title='bbox 1042 3191 1147 3256; x_wconf 86' lang='lat' dir='ltr'>lilium</span> <span class='ocrx_word' id='word_1_237' title='bbox 1169 3193 1202 3254; x_wconf 92' lang='lat' dir='ltr'>in</span> <span class='ocrx_word' id='word_1_238' title='bbox 1217 3211 1257 3255; x_wconf 90' lang='lat' dir='ltr'>ea</span> <span class='ocrx_word' id='word_1_239' title='bbox 1271 3203 1378 3275; x_wconf 78' lang='lat' dir='ltr'>potes·</span> 
     </span>
     <span class='ocr_line' id='line_1_27' title="bbox 89 3298 1378 3386; baseline -0.001 -23"><span class='ocrx_word' id='word_1_240' title='bbox 89 3303 293 3383; x_wconf 66' lang='lat' dir='ltr'>tatchaberet</span> <span class='ocrx_word' id='word_1_241' title='bbox 320 3303 367 3368; x_wconf 85' lang='lat' dir='ltr'>uti</span> <span class='ocrx_word' id='word_1_242' title='bbox 382 3313 432 3366; x_wconf 86' lang='lat' dir='ltr'>est</span> <span class='ocrx_word' id='word_1_243' title='bbox 455 3321 539 3376; x_wconf 82' lang='lat' dir='ltr'>avus</span> <span class='ocrx_word' id='word_1_244' title='bbox 553 3313 715 3386; x_wconf 80' lang='lat' dir='ltr'>paternus,</span> <span class='ocrx_word' id='word_1_245' title='bbox 740 3299 793 3364; x_wconf 81' lang='lat' dir='ltr'>vel</span> <span class='ocrx_word' id='word_1_246' title='bbox 809 3310 907 3383; x_wconf 71' lang='lat' dir='ltr'>poten</span> <span class='ocrx_word' id='word_1_247' title='bbox 936 3299 1035 3361; x_wconf 88' lang='lat' dir='ltr'>immo</span> <span class='ocrx_word' id='word_1_248' title='bbox 1049 3317 1110 3361; x_wconf 88' lang='lat' dir='ltr'>neo</span> <span class='ocrx_word' id='word_1_249' title='bbox 1134 3298 1282 3364; x_wconf 85' lang='lat' dir='ltr'>sufficere</span> <span class='ocrx_word' id='word_1_250' title='bbox 1299 3316 1378 3362; x_wconf 89' lang='lat' dir='ltr'>oon-</span> 
     </span>
     <span class='ocr_line' id='line_1_28' title="bbox 88 3405 1379 3524; baseline -0.002 -52"><span class='ocrx_word' id='word_1_251' title='bbox 88 3427 208 3478; x_wconf 71' lang='lat' dir='ltr'>murum</span> <span class='ocrx_word' id='word_1_252' title='bbox 222 3413 277 3478; x_wconf 87' lang='lat' dir='ltr'>avi</span> <span class='ocrx_word' id='word_1_253' title='bbox 292 3413 424 3496; x_wconf 83' lang='lat' dir='ltr'>paterni,</span> <span class='ocrx_word' id='word_1_254' title='bbox 451 3411 508 3478; x_wconf 84' lang='lat' dir='ltr'>sed</span> <span class='ocrx_word' id='word_1_255' title='bbox 523 3410 640 3493; x_wconf 87' lang='lat' dir='ltr'>requiri</span> <span class='ocrx_word' id='word_1_256' title='bbox 655 3419 844 3524; x_wconf 86' lang='lat' dir='ltr'>praeterea</span> <span class='ocrx_word' id='word_1_257' title='bbox 842 3425 1037 3472; x_wconf 87' lang='lat' dir='ltr'>consensum</span> <span class='ocrx_word' id='word_1_258' title='bbox 1053 3407 1161 3488; x_wconf 87' lang='lat' dir='ltr'>patris,</span> <span class='ocrx_word' id='word_1_259' title='bbox 1184 3408 1212 3470; x_wconf 88' lang='lat' dir='ltr'>si</span> <span class='ocrx_word' id='word_1_260' title='bbox 1227 3405 1379 3492; x_wconf 83' lang='lat' dir='ltr'>inhujus</span> 
     </span>
     <span class='ocr_line' id='line_1_29' title="bbox 88 3487 1377 3601; baseline -0.003 -17"><span class='ocrx_word' id='word_1_261' title='bbox 88 3529 265 3596; x_wconf 70' lang='lat' dir='ltr'>masuram</span> <span class='ocrx_word' id='word_1_262' title='bbox 279 3520 368 3583; x_wconf 84' lang='lat' dir='ltr'>lilius</span> <span class='ocrx_word' id='word_1_263' title='bbox 382 3537 445 3583; x_wconf 86' lang='lat' dir='ltr'>avo</span> <span class='ocrx_word' id='word_1_264' title='bbox 458 3519 585 3584; x_wconf 85' lang='lat' dir='ltr'>mortuo</span> <span class='ocrx_word' id='word_1_265' title='bbox 599 3537 734 3584; x_wconf 75' lang='lat' dir='ltr'>casinus</span> <span class='ocrx_word' id='word_1_266' title='bbox 749 3527 825 3596; x_wconf 89' lang='lat' dir='ltr'>eset,</span> <span class='ocrx_word' id='word_1_267' title='bbox 821 3487 874 3580; x_wconf 92' lang='lat' dir='ltr'>l.</span> <span class='ocrx_word' id='word_1_268' title='bbox 895 3517 943 3580; x_wconf 85' lang='lat'>16.</span> <span class='ocrx_word' id='word_1_269' title='bbox 961 3520 983 3583; x_wconf 81' lang='grc'>1.</span> <span class='ocrx_word' id='word_1_270' title='bbox 1000 3519 1028 3579; x_wconf 95' lang='grc'>1.</span> <span class='ocrx_word' id='word_1_271' title='bbox 1043 3515 1076 3578; x_wconf 82' lang='grc'>11.</span> <span class='ocrx_word' id='word_1_272' title='bbox 1093 3514 1135 3578; x_wconf 85' lang='lat' dir='ltr'>¹de</span> <span class='ocrx_word' id='word_1_273' title='bbox 1148 3517 1210 3580; x_wconf 87' lang='lat' dir='ltr'>ritu</span> <span class='ocrx_word' id='word_1_274' title='bbox 1225 3520 1377 3601; x_wconf 73' lang='lat' dir='ltr'>nuptiae,</span> 
     </span>
     <span class='ocr_line' id='line_1_30' title="bbox 88 3625 1378 3712; baseline 0.003 -26"><span class='ocrx_word' id='word_1_275' title='bbox 88 3639 123 3686; x_wconf 84' lang='lat' dir='ltr'>ex</span> <span class='ocrx_word' id='word_1_276' title='bbox 136 3645 195 3708; x_wconf 84' lang='lat' dir='ltr'>qun</span> <span class='ocrx_word' id='word_1_277' title='bbox 210 3627 367 3712; x_wconf 67' lang='lat' dir='ltr'>explioffi</span> <span class='ocrx_word' id='word_1_278' title='bbox 381 3626 477 3694; x_wconf 83' lang='lat' dir='ltr'>debet</span> <span class='ocrx_word' id='word_1_279' title='bbox 500 3628 599 3692; x_wconf 71' lang='grc'><strong>1112.</strong></span> <span class='ocrx_word' id='word_1_280' title='bbox 614 3625 647 3690; x_wconf 84' lang='lat' dir='ltr'>ff.</span> <span class='ocrx_word' id='word_1_281' title='bbox 670 3626 787 3691; x_wconf 85' lang='lat' dir='ltr'>eodem</span> <span class='ocrx_word' id='word_1_282' title='bbox 802 3625 904 3706; x_wconf 87' lang='lat' dir='ltr'>titulo;</span> <span class='ocrx_word' id='word_1_283' title='bbox 932 3637 1001 3690; x_wconf 87' lang='lat' dir='ltr'>tum</span> <span class='ocrx_word' id='word_1_284' title='bbox 1016 3626 1151 3690; x_wconf 86' lang='lat' dir='ltr'>demum</span> <span class='ocrx_word' id='word_1_285' title='bbox 1170 3625 1378 3692; x_wconf 80' lang='lat' dir='ltr'>absolventes</span> 
     </span>
     <span class='ocr_line' id='line_1_31' title="bbox 89 3729 1375 3822; baseline 0.006 -28"><span class='ocrx_word' id='word_1_286' title='bbox 89 3729 182 3800; x_wconf 86' lang='lat' dir='ltr'>tilium</span> <span class='ocrx_word' id='word_1_287' title='bbox 194 3740 236 3804; x_wconf 78' lang='lat' dir='ltr'>ab</span> <span class='ocrx_word' id='word_1_288' title='bbox 249 3739 446 3821; x_wconf 83' lang='lat' dir='ltr'>obligatione</span> <span class='ocrx_word' id='word_1_289' title='bbox 466 3737 598 3822; x_wconf 87' lang='lat' dir='ltr'>petendi</span> <span class='ocrx_word' id='word_1_290' title='bbox 613 3737 744 3822; x_wconf 84' lang='lat' dir='ltr'>petauri,</span> <span class='ocrx_word' id='word_1_291' title='bbox 770 3737 821 3801; x_wconf 88' lang='lat' dir='ltr'>vel</span> <span class='ocrx_word' id='word_1_292' title='bbox 835 3735 916 3798; x_wconf 83' lang='lat' dir='ltr'>aviti</span> <span class='ocrx_word' id='word_1_293' title='bbox 930 3751 1119 3816; x_wconf 81' lang='lat' dir='ltr'>consensus,</span> <span class='ocrx_word' id='word_1_294' title='bbox 1143 3755 1219 3800; x_wconf 91' lang='lat' dir='ltr'>cum</span> <span class='ocrx_word' id='word_1_295' title='bbox 1234 3737 1375 3802; x_wconf 83' lang='lat' dir='ltr'>emanci-</span> 
     </span>
     <span class='ocr_line' id='line_1_32' title="bbox 88 3844 1376 3933; baseline 0 -23"><span class='ocrx_word' id='word_1_296' title='bbox 88 3844 204 3922; x_wconf 72' lang='lat' dir='ltr'>patione</span> <span class='ocrx_word' id='word_1_297' title='bbox 227 3845 1053 3933; x_wconf 66' lang='grc'><strong>1113111111111111111111,1.10.1111111111</strong></span> <span class='ocrx_word' id='word_1_298' title='bbox 1077 3847 1098 3908; x_wconf 95' lang='lat' dir='ltr'>l.</span> <span class='ocrx_word' id='word_1_299' title='bbox 1114 3847 1153 3926; x_wconf 90' lang='grc'>2.,</span> <span class='ocrx_word' id='word_1_300' title='bbox 1169 3857 1200 3909; x_wconf 91' lang='lat' dir='ltr'>et</span> <span class='ocrx_word' id='word_1_301' title='bbox 1214 3847 1265 3912; x_wconf 85' lang='grc'>25.</span> <span class='ocrx_word' id='word_1_302' title='bbox 1282 3847 1360 3910; x_wconf 88' lang='lat' dir='ltr'>de</span> <span class='ocrx_word' id='word_1_303' title='bbox 1336 3865 1376 3910; x_wconf 88' lang='lat' dir='ltr'>rr·</span> 
     </span>
     <span class='ocr_line' id='line_1_33' title="bbox 89 3957 1375 4042; baseline 0.006 -28"><span class='ocrx_word' id='word_1_304' title='bbox 89 3963 120 4015; x_wconf 93' lang='lat' dir='ltr'>tu</span> <span class='ocrx_word' id='word_1_305' title='bbox 133 3971 226 4042; x_wconf 79' lang='lat' dir='ltr'>nupt,</span> <span class='ocrx_word' id='word_1_306' title='bbox 241 3961 262 4023; x_wconf 89' lang='lat' dir='ltr'>l.</span> <span class='ocrx_word' id='word_1_307' title='bbox 278 3961 308 4026; x_wconf 84' lang='lat'>3.</span> <span class='ocrx_word' id='word_1_308' title='bbox 337 3964 359 4029; x_wconf 85' lang='grc'>1.</span> <span class='ocrx_word' id='word_1_309' title='bbox 375 3958 511 4024; x_wconf 65' lang='lat' dir='ltr'>onds</span> <span class='ocrx_word' id='word_1_310' title='bbox 531 3961 640 4024; x_wconf 91' lang='lat' dir='ltr'>bonor</span> <span class='ocrx_word' id='word_1_311' title='bbox 656 3977 791 4042; x_wconf 80' lang='lat' dir='ltr'>possess</span> <span class='ocrx_word' id='word_1_312' title='bbox 807 3969 906 4022; x_wconf 85' lang='lat' dir='ltr'>contr.</span> <span class='ocrx_word' id='word_1_313' title='bbox 924 3959 995 4039; x_wconf 83' lang='lat' dir='ltr'>tab,</span> <span class='ocrx_word' id='word_1_314' title='bbox 1011 3958 1032 4022; x_wconf 93' lang='lat' dir='ltr'>l.</span> <span class='ocrx_word' id='word_1_315' title='bbox 1050 3959 1097 4038; x_wconf 86' lang='grc'>12,</span> <span class='ocrx_word' id='word_1_316' title='bbox 1115 3959 1173 4038; x_wconf 88' lang='grc'>18.</span> <span class='ocrx_word' id='word_1_317' title='bbox 1191 3957 1375 4022; x_wconf 77' lang='grc'><strong>11201111.</strong></span> 
     </span>
     <span class='ocr_line' id='line_1_34' title="bbox 89 4060 260 4152; baseline 0.058 -29"><span class='ocrx_word' id='word_1_318' title='bbox 89 4060 125 4124; x_wconf 89' lang='lat' dir='ltr'>de</span> <span class='ocrx_word' id='word_1_319' title='bbox 138 4069 260 4152; x_wconf 81' lang='lat' dir='ltr'>nuptiis</span> 
     </span>
    </p>

    <p class='ocr_par' dir='ltr' id='par_1_3' title="bbox 89 4169 1380 4601">
     <span class='ocr_line' id='line_1_35' title="bbox 127 4169 1375 4260; baseline 0.002 -28"><span class='ocrx_word' id='word_1_320' title='bbox 127 4169 292 4258; x_wconf 86' lang='lat' dir='ltr'>Perspicua</span> <span class='ocrx_word' id='word_1_321' title='bbox 305 4176 388 4240; x_wconf 86' lang='lat' dir='ltr'>haec</span> <span class='ocrx_word' id='word_1_322' title='bbox 410 4187 499 4258; x_wconf 86' lang='lat' dir='ltr'>sunt,</span> <span class='ocrx_word' id='word_1_323' title='bbox 522 4185 620 4260; x_wconf 82' lang='lat' dir='ltr'>atque</span> <span class='ocrx_word' id='word_1_324' title='bbox 634 4185 727 4242; x_wconf 79' lang='lat' dir='ltr'>extra</span> <span class='ocrx_word' id='word_1_325' title='bbox 751 4195 882 4242; x_wconf 89' lang='lat' dir='ltr'>ornnem</span> <span class='ocrx_word' id='word_1_326' title='bbox 905 4173 1115 4240; x_wconf 86' lang='lat' dir='ltr'>dubitationis</span> <span class='ocrx_word' id='word_1_327' title='bbox 1137 4173 1242 4237; x_wconf 89' lang='lat' dir='ltr'>aleam</span> <span class='ocrx_word' id='word_1_328' title='bbox 1259 4172 1375 4256; x_wconf 68' lang='lat' dir='ltr'>posite,</span> 
     </span>
     <span class='ocr_line' id='line_1_36' title="bbox 89 4271 1376 4372; baseline -0.003 -24"><span class='ocrx_word' id='word_1_329' title='bbox 89 4291 128 4340; x_wconf 78' lang='lat'>01</span> <span class='ocrx_word' id='word_1_330' title='bbox 141 4283 249 4362; x_wconf 81' lang='lat' dir='ltr'>qtubus</span> <span class='ocrx_word' id='word_1_331' title='bbox 263 4284 441 4368; x_wconf 84' lang='lat' dir='ltr'>dedrrcitur,</span> <span class='ocrx_word' id='word_1_332' title='bbox 457 4285 606 4356; x_wconf 86' lang='lat' dir='ltr'>illicitum</span> <span class='ocrx_word' id='word_1_333' title='bbox 621 4305 692 4350; x_wconf 88' lang='lat' dir='ltr'>esse</span> <span class='ocrx_word' id='word_1_334' title='bbox 705 4285 893 4372; x_wconf 86' lang='lat' dir='ltr'>conjugium</span> <span class='ocrx_word' id='word_1_335' title='bbox 908 4271 1149 4350; x_wconf 76' lang='lat' dir='ltr'>n&#39;filiofamiliss</span> <span class='ocrx_word' id='word_1_336' title='bbox 1164 4293 1376 4362; x_wconf 86' lang='lat' dir='ltr'>contractum,</span> 
     </span>
     <span class='ocr_line' id='line_1_37' title="bbox 90 4385 1377 4480; baseline 0.009 -35"><span class='ocrx_word' id='word_1_337' title='bbox 90 4385 116 4446; x_wconf 84' lang='lat' dir='ltr'>ei</span> <span class='ocrx_word' id='word_1_338' title='bbox 130 4396 237 4456; x_wconf 81' lang='lat' dir='ltr'>temere</span> <span class='ocrx_word' id='word_1_339' title='bbox 250 4405 421 4478; x_wconf 83' lang='lat' dir='ltr'>parentum</span> <span class='ocrx_word' id='word_1_340' title='bbox 445 4397 614 4462; x_wconf 84' lang='lat' dir='ltr'>consensio</span> <span class='ocrx_word' id='word_1_341' title='bbox 629 4415 693 4461; x_wconf 88' lang='lat' dir='ltr'>non</span> <span class='ocrx_word' id='word_1_342' title='bbox 708 4395 804 4461; x_wconf 80' lang='lat' dir='ltr'>fuerit</span> <span class='ocrx_word' id='word_1_343' title='bbox 817 4397 979 4480; x_wconf 84' lang='lat' dir='ltr'>requisita,</span> <span class='ocrx_word' id='word_1_344' title='bbox 995 4395 1077 4474; x_wconf 86' lang='lat' dir='ltr'>etsi,</span> <span class='ocrx_word' id='word_1_345' title='bbox 1100 4393 1243 4478; x_wconf 87' lang='lat' dir='ltr'>exceptis</span> <span class='ocrx_word' id='word_1_346' title='bbox 1258 4411 1377 4456; x_wconf 72' lang='lat' dir='ltr'>meme</span> 
     </span>
     <span class='ocr_line' id='line_1_38' title="bbox 90 4496 1380 4601; baseline -0.001 -34"><span class='ocrx_word' id='word_1_347' title='bbox 90 4496 162 4562; x_wconf 67' lang='grc'><strong>1101</strong></span> <span class='ocrx_word' id='word_1_348' title='bbox 173 4501 389 4591; x_wconf 82' lang='lat' dir='ltr'>negligentum</span> <span class='ocrx_word' id='word_1_349' title='bbox 403 4516 572 4592; x_wconf 74' lang='lat' dir='ltr'>permittere</span> <span class='ocrx_word' id='word_1_350' title='bbox 585 4507 763 4592; x_wconf 81' lang='lat' dir='ltr'>speciebus,</span> <span class='ocrx_word' id='word_1_351' title='bbox 779 4525 846 4572; x_wconf 90' lang='lat' dir='ltr'>nou</span> <span class='ocrx_word' id='word_1_352' title='bbox 860 4507 1038 4571; x_wconf 78' lang='lat' dir='ltr'>acoessmit.</span> <span class='ocrx_word' id='word_1_353' title='bbox 1080 4503 1198 4601; x_wconf 81' lang='lat' dir='ltr'>Utrum</span> <span class='ocrx_word' id='word_1_354' title='bbox 1212 4521 1288 4568; x_wconf 86' lang='lat' dir='ltr'>vero</span> <span class='ocrx_word' id='word_1_355' title='bbox 1302 4517 1380 4566; x_wconf 84' lang='lat' dir='ltr'>con·</span> 
     </span>
    </p>
   </div>
   <div class='ocr_carea' id='block_1_3' title="bbox 0 0 1578 4980">
    <p class='ocr_par' dir='ltr' id='par_1_4' title="bbox 0 0 1578 4980">
     <span class='ocr_line' id='line_1_39' title="bbox 0 0 1578 4980; baseline 0 0"><span class='ocrx_word' id='word_1_356' title='bbox 0 0 1578 4980; x_wconf 95' lang='lat' dir='ltr'> </span> 
     </span>
    </p>
   </div>
  </div>
 </body>
</html>
