3134 4984
222 443 286 520 182
381 485 391 496 -
468 475 558 523 esras
575 481 699 543 aaran,
717 483 957 535 oresearamo
972 491 1122 556 rearis,
1143 497 1221 544 car.
1238 479 1280 546 11.

217 607 285 656 non
304 591 482 676 laudantes,
510 601 566 662 sed
584 605 810 686 permittentes,
836 583 1050 697 eamdemque
1075 620 1169 682 certis
1185 619 1306 688 finibus
1330 639 1497 709 coercentes,

221 701 277 765 ubi
293 701 415 767 Notarii
441 706 654 792 Episcopales
670 713 786 778 salario
812 716 954 783 destituti
970 738 1085 806 esseut,
1111 723 1191 789 sorte
1205 748 1247 792 cx
1273 729 1379 814 inopia
1394 753 1499 796 mensa·

219 833 301 895 nrm,
318 817 364 881 uti
380 835 506 897 vocant,
534 821 788 908 Episcopalium3
814 829 865 892 his
880 833 966 896 eninr
982 853 1057 899 curn
1072 837 1227 902 alimenta
1248 861 1290 904 ex
1305 842 1499 907 oblationibus

219 919 330 988 danda
345 935 460 1003 essent,
478 927 584 992 visum
600 929 661 994 suit
675 945 760 996 certa
776 937 897 1000 ratione
918 945 1161 1016 occurrendum.
1205 947 1319 1012 Simile
1333 953 1499 1036 exemplum

218 1045 269 1097 est
295 1032 327 1096 in
352 1033 465 1098 eedem
490 1036 636 1101 Concilio
662 1039 856 1122 Tridentino
881 1067 958 1110 sess.
973 1049 1023 1112 24.
1050 1049 1091 1112 de
1106 1051 1175 1115 Res.
1192 1073 1261 1137 cap.
1292 1057 1351 1132 ld,
1368 1057 1418 1120 ubi
1433 1069 1499 1139 post·

216 1127 319 1220 quatu
334 1139 518 1204 Tridentini
545 1143 656 1208 Patres
672 1147 817 1215 detestati
832 1165 908 1217 snut
923 1157 1098 1222 nonnullas
1122 1165 1383 1245 consuetudines,
1401 1167 1500 1248 quibus

219 1250 417 1312 simoniacae
441 1251 524 1314 labis
538 1255 679 1336 suspicio
693 1263 804 1338 inerat,
831 1264 991 1344 quasdam
1008 1275 1114 1330 tamen
1140 1271 1268 1334 arbitrio
1285 1271 1430 1357 Episcopi
1446 1293 1499 1355 pro

217 1357 345 1420 bandas
361 1359 565 1441 reliquerunt,
592 1383 676 1445 quae
692 1367 873 1430 laudabiles
889 1371 1072 1438 riderentur
1098 1377 1129 1439 in
1147 1377 1398 1445 admissionibus
1413 1385 1499 1447 Cane

218 1467 364 1532 uicorum
379 1468 422 1532 ad
440 1471 650 1554 praebendas3
676 1475 782 1556 qualis
798 1494 849 1542 ex.
866 1499 910 1561 gr.
926 1479 1013 1562 foret,
1030 1489 1055 1546 sl
1073 1487 1215 1550 moribus
1230 1504 1393 1574 receptum
1410 1493 1499 1574 proba·

218 1589 311 1657 retur,
330 1593 364 1644 ut
380 1580 594 1663 praebendam
611 1583 747 1666 adeptus
763 1587 884 1668 aliquid
901 1589 1034 1654 donaret
1049 1594 1090 1656 ad
1108 1593 1253 1661 Ecclesie
1278 1600 1411 1678 cultum,
1424 1615 1452 1663 et
1463 1621 1499 1662 or·

126 1735 128 1740 .
153 1747 156 1755 ,
216 1699 419 1751 numentum.
464 1689 617 1754 Habetin
633 1693 772 1774 speciem
788 1698 895 1778 potius
909 1701 1111 1766 exercendae
1134 1705 1350 1790 obligationis,
1365 1711 1501 1792 qrraeBe·

218 1790 391 1856 ncficiariis
407 1796 553 1858 imminet
568 1815 610 1861 ex
625 1799 823 1884 primogenia
839 1805 1039 1871 institutione
1053 1811 1292 1894 beneficiorum,
1311 1837 1409 1900 quem
1424 1821 1501 1882 simo

216 1905 331 1966 niacae
346 1909 578 1988 praestationis.
603 1912 686 1974 Cum
704 1915 791 1977 enim
806 1935 848 1980 ex
863 1915 1041 1984 redditibus
1062 1921 1292 1992 beneficiorum
1309 1933 1409 2010 portio
1422 1949 1500 2012 qnae

125 2024 127 2028 ·
215 1997 294 2074 dam
311 2011 528 2094 impendenda
553 2017 595 2080 sit
610 2022 643 2082 in
659 2019 825 2086 Ecclesias
840 2037 951 2104 sertas,
968 2039 1133 2114 tectosque
1160 2037 1305 2117 tuendas,
1324 2059 1391 2104 non
1405 2041 1498 2123 impro

216 2117 323 2183 babile
337 2135 394 2200 est,
410 2123 574 2189 admoneri
600 2129 690 2192 initio
704 2134 959 2214 praebendarum
976 2137 1196 2220 adquisitores,
1224 2153 1259 2205 nr
1275 2141 1365 2210 sactu
1391 2165 1444 2209 suo
1457 2145 1501 2207 ad·

217 2227 342 2294 discere
357 2231 519 2316 incipient,
535 2235 679 2302 redditus
693 2241 950 2323 praebendarum
965 2246 997 2309 in
1015 2245 1182 2310 Ecclesiae
1198 2251 1295 2312 etiam
1312 2251 1501 2316 commodum
1558 2335 1561 2352 Ι

214 2355 288 2403 esse
311 2343 553 2406 convertendos.
597 2343 672 2408 Scio
686 2348 828 2429 quidem,
851 2351 1026 2416 nouuullos
1051 2373 1094 2418 ex
1109 2355 1341 2439 interpretibus
1365 2361 1500 2437 extitisse,
1560 2419 1561 2434 ,

215 2449 272 2534 qui
289 2449 382 2532 priori
399 2462 573 2514 memorato
588 2453 781 2518 Tridentino
796 2457 923 2522 decreto
939 2461 971 2523 in
986 2481 1056 2545 cap
1075 2463 1103 2526 1.
1118 2458 1195 2528 s'ess.
1211 2463 1262 2529 21.
1278 2485 1345 2532 non
1362 2469 1502 2552 obrenpe

215 2567 324 2622 rantes
338 2559 477 2639 guaviter
499 2561 632 2642 quidem
647 2559 834 2644 delinquere
858 2567 1064 2650 tradiderunt,
1080 2583 1112 2634 et
1126 2591 1195 2635 reos
1216 2573 1287 2638 llari
1301 2575 1438 2661 insignis
1449 2579 1501 2639 ino

215 2665 407 2749 bedientiae,
435 2672 555 2735 interea
569 2682 679 2737 tamen
705 2674 903 2740 simoniacos·
922 2681 1049 2762 proprie
1073 2681 1137 2747 dici
1152 2703 1217 2749 non
1247 2703 1351 2770 posse,
1374 2707 1432 2752 nee
1444 2707 1502 2772 poe
1558 2667 1559 2711 ¹

215 2768 268 2846 nis
282 2780 531 2846 simoniacorum
547 2783 655 2864 terrem
671 2781 949 2865 quemadmodum
964 2790 1059 2852 etiam
1076 2789 1286 2872 tradiderunt,
1303 2797 1502 2860 simoniacum
1557 2783 1558 2827 l

215 2907 280 2958 non
297 2905 368 2954 esse
383 2889 593 2974 Episcopum,
617 2892 673 2974 qui
689 2893 929 2976 procurationes
955 2895 988 2960 iu
1005 2894 1141 2978 pecnnia
1157 2913 1332 2964 numerata
1346 2903 1462 2983 exigar,
1475 2899 1503 2962 li
1556 2899 1557 2943 l

207 3011 266 3066 eet
280 2997 615 3065 adrersnscanonum
631 3001 813 3065 sanctiones
825 2996 1014 3084 delinquere
1028 3003 1246 3085 adsumerent,
1261 3018 1451 3092 argomento
1462 3023 1504 3068 es·
1555 2995 1556 3059 l

215 3109 311 3194 pituli
328 3111 355 3172 1.
372 3107 406 3173 in
421 3108 496 3190 line,
521 3119 554 3174 et
568 3106 702 3194 capituli
717 3111 746 3174 2.
762 3109 803 3174 de
817 3111 1020 3175 oensrbus‘ln
1032 3112 1062 3176 o.
1104 3107 1228 3176 Verum
1243 3131 1270 3176 sr
1285 3115 1503 3200 qnis'eonside
1554 3111 1555 3178 l

214 3227 264 3284 ret
279 3217 462 3302 verba'lpsa
476 3217 662 3284 Tridentini
677 3218 804 3300 decreti,
820 3219 875 3283 nbi
892 3215 1085 3299 abususilll,
1107 3231 1139 3284 et
1152 3221 1357 3304 eomrptelae
1367 3223 1504 3287 diermrn
1553 3213 1554 3294 l

212 3331 416 3404 simoniacae
425 3329 593 3414 pravitati
613 3331 773 3412 savarres,
788 3331 843 3394 ubi
857 3332 954 3396 etiarn
970 3330 1189 3396 inobedrentes
1201 3355 1330 3419 poeseos
1351 3338 1455 3421 njrrr
1465 3333 1505 3395 irr-
1552 3323 1553 3410 l

205 3443 325 3532 fidelos
338 3445 516 3530 ipsosaoto
527 3443 696 3509 inerrrrere
709 3436 922 3524 constituitud
938 3445 1048 3510 statim
1063 3437 1228 3530 intelliget,
1251 3458 1412 3530 tanquam
1426 3447 1504 3508 dne

215 3555 328 3622 niueos
350 3553 518 3618 babendes
532 3571 611 3634 esse,
637 3571 714 3618 eum
730 3539 887 3618 sdveisns
911 3553 1146 3643 inqbedientise
1161 3553 1319 3638 simplicis
1341 3571 1414 3618 reos
1426 3551 1503 3616 nans

212 3663 259 3732 ait
271 3669 359 3728 certa
372 3665 407 3728 in
418 3649 489 3748 jn're
504 3661 627 3728 indicta
641 3679 754 3746 poena,
776 3681 861 3746 quae
875 3663 946 3746 ipso
961 3659 1046 3726 sacto
1061 3663 1251 3742 incurrerem
1274 3659 1438 3744 siqm'dern
1451 3659 1504 3721 irre

214 3768 397 3840 bedlentiae
420 3789 542 3838 crimen
558 3771 738 3841 admodum
762 3771 910 3856 generale
925 3783 983 3856 est;
1009 3781 1042 3836 et
1054 3763 1210 3856 quonlam
1226 3771 1270 3835 ‘in
1286 3769 1505 3836 omni'deliote-

215 3869 289 3946 rum
304 3865 424 3963 gauere
436 3878 624 3958 admittitur,
639 3895 704 3942 nou
720 3875 849 3961 aequali
871 3879 905 3944 in
920 3877 1072 3943 omnibus
1087 3875 1148 3944 suit
1163 3894 1266 3962 mena
1280 3876 1502 3944 danuam

227 4009 232 4016 ·
259 3989 314 4054 Ex
329 3998 420 4073 parte
440 3973 635 4072 legis-quae
656 3988 831 4054 simoniam
853 3987 1007 4072 prohibat,
1034 3987 1166 4053 tradunt
1189 3985 1399 4072 Pragmstlei,
1420 3985 1503 4050 dira

214 4083 458 4168 essestmmite'
473 4098 621 4183 speeiem,
636 4115 720 4182 qnae
734 4095 847 4162 divino
862 4097 931 4180 ipso
939 4115 1012 4182 pue
1027 4085 1220 4179 'damnatus
1236 4095 1326 4182 qnod
1340 4094 1433 4182 altrat
1444 4107 1502 4155 err

213 4193 332 4280 himin
350 4210 669 4276 *mmmemio‘rernm
695 4227 782 4273 mare
796 4227 970 4292 sacrarum,
996 4229 1037 4273 se
1051 4205 1276 4294 spiritualium,
1302 4207 1416 4286 dam,
1434 4217 1504 4288 ΨΜ

216 4325 345 4387 mntem
358 4316 576 4382 eeclesiastico
588 4317 667 4402 ¹J'urs
682 4313 886 4401 lmprobatnr,
911 4317 1189 4399 quemadmodum
1203 4315 1340 4382 evenire·
1358 4317 1464 4382 dicum
1474 4309 1502 4374 ld

216 4417 673 4514 pensionibus'eccleslssticls,
699 4438 757 4491 sut
771 4427 805 4490 ln
814 4427 942 4512 juribus
955 4423 1184 4494 alimentorum
1209 4433 1230 4493 d
1244 4425 1448 4492 doemonis
1459 4439 1502 4504 ps

213 4525 391 4612 noemmin
404 4531 562 4602 ememus
581 4533 780 4630 monasticae
794 4533 1008 4622 professionis.
1051 4533 1126 4622 Ego
1138 4531 1219 4600 sade
1232 4533 1315 4599 base
1334 4527 1530 4656 dismimifflk.
