3146 4980
177 463 242 542 442
540 485 783 542 presencium
804 447 1126 558 4444444444441.

177 619 257 684 tlnm
281 617 412 682 obtenta
436 616 607 699 superioris
631 615 837 681 ecclesiastici
850 615 1058 701 dispensatio.
1100 617 1180 688 Qua
1195 614 1229 680 ln
1251 627 1286 679 re
1299 605 1480 698 aliquando

175 727 303 792 evenire
318 732 429 810 potest,
457 736 493 788 ut
506 743 548 788 ex
563 725 754 809 eorrjngibns
780 741 868 788 nnus
882 723 924 788 ad
941 722 1023 789 thori
1037 723 1298 788 dissociationem
1323 733 1479 804 teneatur,

175 837 255 900 alter
268 851 344 897 vero
365 835 437 917 jure
453 833 535 896 thori
560 831 608 896 uti
633 831 719 918 licite
743 829 852 915 possit.
896 831 989 902 Quid
1004 833 1092 896 enim
1106 849 1156 896 ern
1173 847 1229 916 gr,
1255 831 1282 897 si
1298 851 1385 897 unus
1403 841 1481 895 voto

75 987 77 992 -
133 1023 135 1026 J
174 945 391 1012 continentiae
416 940 593 1029 ignorante,
619 941 672 1006 vel
687 943 789 1007 invito
814 941 913 1008 altero
926 945 1063 1028 conjuge
1088 961 1124 1007 se
1138 941 1361 1008 obstrinxerit?
1403 943 1480 1028 lpse

175 1056 307 1140 quidem
324 1073 446 1118 vovens
472 1051 613 1118 adebito
627 1034 765 1135 petendo
790 1051 971 1133 abstinebit,
998 1051 1086 1136 quod
1101 1061 1210 1117 tamen
1237 1053 1395 1118 tenebitur
1407 1049 1481 1117 red·

176 1162 252 1225 dere
267 1159 449 1244 postulanti,
465 1177 537 1224 can.
562 1159 599 1240 4.,
616 1169 648 1224 et
661 1160 784 1250 passim
809 1179 898 1224 caus.
913 1159 964 1225 33.
989 1149 1114 1244 quaest.
1130 1163 1161 1226 6.
1187 1179 1258 1247 cap.
1273 1163 1325 1227 11.
1350 1159 1391 1226 de
1406 1181 1482 1227 con-

177 1271 436 1355 vera‘conj'ngat.
479 1269 580 1348 Quid,
599 1269 627 1333 si
652 1270 786 1334 maritus
811 1271 1091 1354 consanguineam
1116 1269 1236 1354 uxoris,
1261 1283 1320 1338 aut
1343 1289 1482 1339 uxorem
1567 1327 1568 1336 ,

177 1382 441 1463 consanguineus
463 1378 524 1442 viri
546 1377 745 1462 cognoverit?
787 1377 840 1442 Ob
861 1361 947 1444 hane
970 1381 1252 1464 supervenientem
1275 1381 1483 1449 adfinitatem
1567 1367 1568 1438 j

179 1497 252 1555 reus
263 1490 358 1574 J'ungi
380 1487 499 1552 insonti
522 1503 587 1552 non
602 1485 725 1570 poterit,
750 1485 824 1550 licet
838 1485 949 1552 insons
972 1505 1038 1553 non
1060 1487 1176 1554 debeat
1192 1489 1265 1576 J'ure
1280 1507 1340 1554 suo
1361 1509 1483 1555 carere.
1567 1489 1568 1496 ’

179 1593 307 1660 Eadem
322 1596 443 1660 ratione
459 1595 487 1659 si
501 1594 581 1659 sorte
596 1613 681 1662 unus
695 1613 738 1658 ex
751 1595 944 1680 coniugibus
958 1597 1109 1665 conscius
1124 1598 1165 1662 sit
1176 1581 1398 1682 impedimenti
1414 1610 1484 1664 tna·

176 1703 364 1771 trimonium
380 1703 567 1784 dirimentis,-
582 1715 619 1771 nt
630 1702 806 1788 loquuntur
819 1704 928 1787 nostri,
943 1705 1031 1790 quod
1042 1705 1124 1770 alter
1136 1707 1257 1792 conjux
1271 1707 1404 1792 ignoret,
1421 1727 1485 1774 nec

177 1815 311 1898 probare
324 1815 473 1880 conscius
487 1807 522 1876 in
533 1811 656 1897 judicio
670 1813 779 1894 possit,
794 1818 815 1878 a
830 1813 923 1877 thoro
937 1813 1065 1898 penitus
1081 1813 1261 1894 abstinebit,
1283 1831 1349 1898 que
1364 1813 1399 1879 in
1413 1833 1486 1898 spe·

181 2248 277 2316 tuerit
290 2245 510 2326 demonstrari,
526 2231 738 2312 nihilominus
748 2247 820 2332 jure
835 2245 1055 2332 refragabitur,
1081 2245 1258 2314 dummodo
1272 2245 1408 2309 ornniuo
1421 2263 1490 2308 cer·

183 2367 236 2421 tus
252 2355 292 2418 sit
306 2353 347 2418 de
369 2353 608 2437 impedimento,
632 2371 692 2418 nec
706 2353 772 2418 levi
794 2353 939 2436 quadam
962 2351 1153 2423 credulitate
1175 2351 1367 2436 adducatur3
1386 2365 1489 2438 atque
1567 2399 1568 2436 J

182 2460 250 2526 huc
264 2460 408 2543 pertinet,
431 2459 519 2543 quod
534 2461 694 2544 rescripsit
715 2461 872 2550 Summus
895 2460 1044 2528 Pontifex
1069 2461 1104 2525 in
1118 2481 1188 2546 cap.
1204 2459 1256 2527 44.
1279 2471 1418 2527 sentent.
1432 2481 1490 2526 ex·
1567 2457 1568 2546 ᾗ

184 2589 357 2651 commun,
380 2571 546 2636 conscium
555 2569 654 2636 illurn
679 2571 850 2656 conjugem
872 2569 984 2634 debere
1002 2569 1119 2656 potina
1139 2568 1490 2635 excommunicationis
1567 2597 1568 2664 J

184 2681 385 2747 sententiam
398 2679 640 2746 tomitanam
641 2681 752 2762 tinere,
769 2699 870 2766 quem
890 2678 1102 2765 percurrente
1126 2677 1356 2788 commercium
1372 2695 1490 2761 pecea-
1567 2723 1568 2728 1

186 2799 260 2854 tum
275 2809 407 2875 sperma
400 2789 567 2854 '.nwrtale

56 1937 104 2012 J·
179 1921 229 1988 cie
244 1921 327 1986 adeo
349 1921 544 2003 obligabitur
568 1919 726 2000 conscius,
751 1929 787 1987 nt
801 1930 949 1988 teneatur
972 1919 1062 1986 alteri
1077 1920 1224 1989 debitum
1245 1937 1288 1983 ex
1302 1919 1489 2004 ignorantia
1567 1933 1568 1936 ’

179 2029 301 2114 petenti
315 2027 484 2111 denegare3
509 2027 609 2091 immo
623 2029 722 2092 etiam
737 2028 765 2091 si
774 2028 895 2112 judicis
909 2025 1014 2094 officio
1037 2029 1207 2096 obstrictus
1222 2025 1265 2092 ad
1280 2025 1486 2096 reddendum
1567 2089 1568 2124 J

181 2139 325 2204 debitum
341 2137 528 2216 declaretur,
552 2135 640 2218 quod
654 2138 852 2220 propositum
875 2138 909 2202 in
921 2138 1044 2223 judicio
1058 2137 1327 2224 impedimentum
1348 2157 1415 2204 non
1429 2157 1488 2224 pc
1567 2131 1568 2136 ’

229 2897 415 2962 Difficiliore
438 2917 517 2962 sane
542 2897 664 2963 ratione
689 2895 806 2982 quoad
821 2895 1094 2965 cohabitationem
1118 2895 1304 2964 dissolvitur
1323 2887 1492 2962 4444444446-

185 3009 287 3088 nium,
303 3007 425 3072 seilicet
439 3025 505 3072 non
519 3008 582 3086 nisi
596 3027 638 3073 ex
652 3009 761 3076 causis
777 3005 849 3092 lege
863 3008 1011 3092 probatis,
1025 3025 1111 3094 quae
1122 3006 1165 3071 ad
1179 3022 1301 3092 paneas
1315 3003 1493 3090 soquentes

185 3115 393 3184 reducuntur
436 3116 547 3190 Prima
560 3127 610 3180 est
623 3135 724 3184 catrsa
737 3117 894 3199 adulterii,
909 3117 1037 3202 quod'
1011 3137 1039 3181 st
1054 3135 1136 3184 uxor
1148 3115 1322 3196 admiserit,
1339 3116 1457 3202 potent
1470 3118 1493 3180 a

186 3231 256 3290 viro
270 3223 402 3308 repelli'
390 3235 485 3309 Juxta
500 3220 720 3308 Exengelicas
736 3225 871 3309 regulas,
888 3224 1047 3290 Matthaei
1060 3240 1131 3309 cap.
1146 3226 1176 3290 6.
1192 3241 1275 3289 sera
1289 3221 1343 3288 62.
1373 3223 1568 3308 neque

174 3333 222 3399 *in
236 3334 300 3398 hac
315 3345 405 3418 parte
420 3327 549 3398 diversa
573 3345 623 3397 est
636 3334 747 3400 uxoris
775 3333 925 3415 conditio,
949 3345 1058 3420 utpote
1072 3353 1157 3418 quae
1170 3339 1193 3400 a
1206 3335 1275 3398 viro
1288 3344 1417 3418 propter
1432 3333 1497 3398 viri

189 3441 385 3510 adulterium
397 3443 523 3528 sejungi
538 3463 573 3507 se
582 3463 655 3528 Jure
666 3442 848 3527 postulabit,
864 3459 936 3506 can.
953 3443 1002 3508 19.
1017 3443 1067 3506 20.
1071 3439 1186 3524 ,aaa
1201 3441 1353 3511 causta
1366 3453 1497 3528 quaest.

187 3553 228 3631 64,
254 3552 398 3634 can..,‹1,
425 3553 510 3617 446.
536 3571 625 3616 caus
651 3551 701 3616 32.
728 3563 852 3635 quaest.
880 3551 911 3616 6.
946 3549 1106 3635 Exceptio
1131 3550 1189 3631 est,
1214 3547 1243 3612 si
1258 3559 1395 3632 uterque
1415 3567 1498 3612 con·

181 3664 244 3749 J'ux
259 3661 356 3729 simili
380 3663 497 3727 delicto
522 3663 712 3746 inquinatus
735 3661 840 3744 fuerit,
865 3663 991 3744 canl,
1017 3674 1050 3727 et
1063 3659 1094 3726 44
1109 3679 1199 3726 cans.
1224 3658 1274 3724 32.
1301 3669 1430 3744 quaest.
1450 3631 1568 3846 fa}

188 3797 259 3862 cap.
285 3777 315 3841 4.
342 3774 371 3840 6.
395 3775 436 3840 ds
461 3775 586 3854 divort,
608 3793 678 3870 cap.
703 3777 743 3856 6.,
767 3775 843 3841 eti.
869 3775 910 3839 de
924 3773 1069 3856 adulter
1092 3789 1159 3838 non
1172 3769 1305 3858 qmdem
1322 3764 1421 3854 quod,
1444 3771 1529 3838 nti

189 3886 341 3956 nonnulli
356 3903 533 3971 perperam
546 3885 706 3968 scripsere,
730 3885 832 3969 patria
846 3883 965 3948 delicta
979 3893 1095 3952 mutua
1115 3879 1380 3966 compensatione
1393 3879 1499 3945 aboli-

191 4009 225 4064 ta
239 4009 443 4076 censeantur,
466 3994 523 4058 sed
538 3995 626 4101 quod
648 4011 715 4060 non
730 4003 890 4058 mereatur
902 3989 1041 4057 ·'audiri
1031 4009 1066 4056 444
1074 3983 1201 4076 jndicio
1222 3998 1393 4054 accusator
1404 3988 1499 4054 illins

186 4108 340 4186 criminis,
363 4125 430 4190 quo
441 4115 475 4168 et
497 4095 665 4167 accusator
687 4104 756 4186 ipse
779 4102 979 4186 inquinatur,
1002 4098 1281 4184 quemadmodum
1303 4098 1471 4163 habetur
1459 4115 1499 4164 tn
1567 4143 1568 4232 J

188 4221 340 4320 rescripto
364 4216 568 4302 Imperatoris
583 4213 740 4279 Antonini
765 4213 901 4298 apndS.
917 4209 1174 4297 Augustinum
1165 4205 1501 4274 rationationem

191 4329 303 4394 terinis
318 4327 477 4411 conjugiis
501 4341 570 4406 cap.
588 4322 637 4388 18.
681 4321 755 4385 Alia
769 4321 916 4406 exceptio
931 4331 987 4402 est,
1012 4321 1039 4386 si
1054 4319 1174 4404 conjux
1188 4317 1301 4383 insons
1305 4317 1568 4470 wnjugemJ

191 4437 340 4502 adulterii
365 4455 455 4501 reum
471 4434 531 4498 sibi
547 4431 806 4512 reconciliaverit,
829 4449 924 4529 quan
916 4429 1080 4494 ''oblitus
1070 4430 1208 4514 injuriae
1222 4427 1257 4494 in
1272 4403 1404 4492 thurum
1416 4425 1547 4489 illa--

190 4549 251 4624 tas,
268 4543 452 4628 praesertim
477 4543 533 4608 trbl
547 4557 623 4632 reus
635 4557 779 4611 cumton
791 4539 1024 4627 poeniteniam
1036 4539 1145 4626 egent
1166 4535 1387 4610 sanauit.
1400 4551 1500 4612 eat!-
