3210 4990
217 441 279 506 132
529 461 774 511 ntssunnsuto
794 461 1119 524 messanensem.
1141 442 1167 508 1.

214 581 358 650 monium
375 603 417 648 ex
432 603 533 650 causa
547 585 748 668 cognationis
762 583 994 664 accusandum,
1010 587 1072 650 nisi
1093 586 1151 669 qui
1175 585 1216 649 de
1232 587 1431 669 cognatione
1443 605 1521 654 con-

216 691 519 775 trahentiumesset,
542 695 635 776 quasi
661 693 697 774 ie,
714 695 943 772 noncnuanei,
970 695 1117 778 apprime
1141 695 1291 760 conscius
1315 697 1520 780 cognationis

214 815 568 886 essentaesumetetur,
595 823 665 866 can.
693 803 721 866 1.
744 803 774 866 2.
798 813 830 865 et
855 802 884 866 3r
910 821 999 866 caus.
1027 801 1077 868 36.
1102 816 1219 886 quamt
1241 805 1281 885 a,
1309 825 1378 890 cap.
1402 805 1433 871 3.
1461 808 1520 890 qui

213 917 396 982 matrimon.
420 935 580 980 accusare.
624 915 789 979 Noverunt
815 909 1051 978 Lateranenses
1080 915 1192 980 Patres
1220 915 1360 981 multum
1390 915 1519 984 differre

212 1027 296 1092 iuter
310 1025 560 1104 nominationem,
585 1035 617 1086 ot
643 1022 930 1103 denuntiationem
957 1041 1034 1085 narn
1060 1025 1225 1088 accusatio
1239 1023 1272 1087 in
1290 1025 1456 1108 publicum
1467 1029 1520 1112 ju·

149 1139 156 1160 '
211 1139 333 1204 dicium
348 1135 590 1200 matrimonium
601 1129 773 1210 deferebat,
799 1129 887 1213 quod
912 1149 954 1194 ne
978 1141 1096 1193 temere
1121 1129 1218 1212 fieret,
1233 1131 1423 1196 cavendum
1437 1145 1516 1211 erat,

218 1269 258 1313 ne
273 1259 475 1310 accusatores
489 1243 688 1326 quicumque
708 1238 959 1318 admitterentur,
986 1237 1044 1300 sed
1065 1247 1196 1300 tantum
1208 1235 1254 1318 tt,
1279 1257 1418 1320 quoram
1430 1241 1519 1305 teni.

216 1358 362 1422 monium
391 1353 620 1438 gravissimum
649 1347 827 1426 haberetur,
856 1357 889 1410 et
916 1357 1048 1438 certum.
1092 1345 1135 1410 tr
1158 1345 1361 1411 denuntiatio
1388 1359 1518 1416 tantum

215 1463 311 1530 modo
324 1463 481 1526 cautiores
505 1457 667 1523 redditura
692 1466 760 1518 erat
784 1451 952 1530 Parochos,
976 1463 1007 1516 et
1031 1451 1218 1536 Episcopus,
1234 1461 1271 1516 ut
1284 1453 1346 1535 ipsi
1361 1453 1395 1516 in
1410 1471 1518 1537 perso-

180 1593 183 1600 ’
216 1593 276 1638 uas
292 1573 465 1656 conjugum
480 1567 627 1632 solertius
642 1565 849 1648 iuquirercut3
865 1578 1002 1644 eamque
1014 1563 1058 1626 ob
1082 1581 1149 1626 rem
1162 1579 1279 1644 operae
1293 1563 1430 1646 pretium
1445 1561 1517 1644 tuit,

214 1695 459 1763 quouscunque
474 1675 515 1738 ad
530 1669 790 1738 denuntiandum
806 1669 983 1734 admittere.
1026 1669 1140 1752 Itaque
1156 1671 1252 1734 verba
1263 1671 1321 1734 illa
1335 1673 1394 1757 qui
1408 1675 1517 1738 uolua¹

215 1790 269 1869 rit,
284 1789 373 1852 huuc
388 1803 520 1848 sensum
534 1782 663 1861 habent,
680 1792 715 1844 ut
728 1797 824 1848 nemo
839 1785 859 1844 a
874 1777 1097 1842 denuntiando
1111 1777 1310 1860 excludatur,
1326 1799 1390 1844 non
1407 1791 1445 1843 ut
1459 1801 1517 1845 ne·

214 1919 269 1966 mo
284 1899 406 1962 invitus
421 1893 464 1958 etl
478 1891 739 1958 denuntiandum
753 1891 919 1976 obligetur.
942 1891 1015 1956 Non
1031 1889 1210 1967 defuerunt,
1226 1891 1282 1974 qui
1297 1893 1443 1956 conscios
1455 1894 1517 1958 im·

213 2009 469 2096 pedi.r.entorum
495 2003 608 2068 liberos
631 2001 674 2066 ab
698 1999 786 2065 omni
812 1999 1005 2082 obligatione
1031 1999 1238 2064 dimittendos
1263 2001 1516 2084 suspicarentur,

213 2116 337 2200 quoties
354 2113 417 2177 tale
432 2121 658 2198 proponeretur
682 2107 958 2192 impedimentum,
974 2125 1015 2170 ex
1037 2109 1130 2192 cujus
1144 2106 1304 2172 delatione
1318 2111 1438 2174 crimen
1455 2111 1517 2176 ali-

213 2227 300 2311 quod
316 2243 414 2310 greve
439 2230 460 2290 d
484 2222 693 2288 eontracturis
719 2219 804 2303 ipsis,
830 2217 884 2282 vet
910 2219 1060 2284 alterutro
1086 2219 1234 2302 ipsorum.
1253 2218 1435 2286 admissum
1458 2221 1516 2287 de·

213 2345 378 2421 tegeretur3
395 2329 670 2416 quemadmodum
685 2329 890 2412 contingeret,
907 2329 962 2392 ubi
977 2347 1116 2411 sponsus
1130 2329 1265 2394 viduam
1279 2327 1439 2398 ducturus
1463 2353 1515 2396 es-

213 2458 269 2524 set,
286 2444 457 2528 sponsique
472 2441 532 2525 ipsi
548 2439 693 2523 pactione
708 2437 749 2501 de
764 2437 870 2501 tuturo
885 2439 1034 2522 conjugio
1052 2437 1146 2518 sacta,
1162 2451 1296 2502 mortem
1311 2441 1422 2524 prioris
1436 2461 1516 2506 con-

205 2557 295 2644 jugis
311 2561 569 2638 procuraverunt3
595 2561 653 2614 aut
678 2547 730 2612 ubi
746 2547 827 2610 inter
842 2547 927 2630 ipsos
943 2565 1078 2628 sponsos
1092 2546 1269 2615 adfinitatis
1283 2549 1453 2613 vinculum
1469 2571 1515 2616 ex

210 2669 329 2750 injusta
343 2661 567 2748 conjunctione
582 2657 787 2743 proficiscens
802 2653 1017 2719 intercederet.
1060 2655 1133 2720 Non
1160 2655 1305 2723 diffiteor:
1329 2679 1443 2742 graves
1469 2661 1516 2724 is·

205 2785 262 2863 tae
276 2772 353 2839 sunt
375 2789 502 2850 causae,
527 2767 561 2832 in
584 2765 702 2850 quibus
726 2763 915 2847 detegendis
940 2781 1023 2846 opus
1048 2775 1097 2827 est
1120 2775 1250 2829 matura
1272 2765 1512 2834 deliberatione.

210 2885 284 2954 Non
309 2885 381 2950 ideo
406 2886 561 2948 tamena
591 2877 750 2942 delatione
775 2893 905 2960 prorsus
926 2873 1157 2940 abstinendum
1184 2877 1256 2956 erit,
1282 2895 1324 2942 ne
1349 2880 1515 2962 probonrn

209 2997 380 3064 hominum
405 2991 585 3069 clementia,
611 2999 643 3054 et
664 2987 805 3052 charitas
829 3005 972 3069 eousque
998 2985 1209 3070 protrahatur,
1234 3007 1300 3072 quo
1309 2991 1384 3076 jura
1405 2993 1515 3077 publi·

210 3127 250 3172 ca
265 3117 318 3186 tot,
342 3105 504 3186 tantisque
528 3097 815 3164 ecclesiasticorum
841 3093 976 3158 Patrum
1001 3093 1130 3176 vigiliis,
1146 3113 1185 3159 ac
1199 3095 1361 3162 laboribus
1376 3101 1515 3164 sanctis·

207 3219 289 3281 sime
304 3213 431 3279 finnsta
445 3207 576 3274 effraeni
602 3203 817 3291 improborum
843 3219 928 3266 ausu
953 3201 1122 3267 violentur.
1166 3203 1332 3289 Imputent
1354 3207 1414 3292 ipsi
1436 3211 1514 3294 sibi,

208 3325 264 3408 qui
280 3320 544 3406 grasimlmorum
567 3313 740 3378 criminum
763 3311 882 3375 conscii
906 3309 1073 3375 interdicta
1097 3311 1157 3375 sibi
1172 3315 1322 3398 conjugia
1347 3317 1427 3381 inire
1441 3337 1513 3383 me·

207 3435 358 3512 ditantur,
374 3427 506 3510 alleges
531 3423 750 3490 sanctissimas
775 3417 901 3500 tartum,
926 3417 1109 3503 quibusque
1135 3439 1199 3487 non
1215 3421 1368 3508 satisfuit
1383 3425 1512 3510 puden-

205 3541 250 3606 da
265 3537 400 3608 erimina
422 3533 660 3619 perpetravisse,
684 3527 741 3592 sed
765 3527 853 3592 lubet
879 3527 1019 3606 ulterius,
1036 3545 1109 3590 :nen
1135 3527 1168 3594 in
1191 3529 1395 3598 matrimonio
1415 3534 1511 3602 dixe-

210 3652 280 3729 rim,
303 3645 358 3710 scd
386 3646 418 3712 in
445 3639 583 3720 incestis,
607 3637 863 3718 adulterinisque
885 3638 1164 3720 conjunctionibus
1189 3653 1341 3726 perpetuo
1366 3661 1511 3713 manere.

212 3759 399 3825 Deserentes
413 3754 492 3817 satis
505 3757 648 3826 excusat,
664 3747 764 3809 imnro
788 3745 887 3810 etiam
913 3743 1092 3810 laudabiles
1106 3745 1183 3810 iecit
1197 3747 1306 3830 legum
1322 3762 1512 3820 sanctarum

208 3865 406 3958 justissimus
421 3862 520 3941 aetus,
535 3877 610 3942 quo,
634 3853 688 3919 ubi
713 3853 837 3918 accedit
860 3851 1067 3918 ecclesiastici
1091 3855 1261 3938 superioris
1271 3858 1344 3941 jure
1357 3863 1513 3928 conscius

212 3961 437 4055 interrogantis
462 3975 676 4051 praeceptum,
702 3979 970 4045 unumquemque
994 3963 1107 4046 corripi
1129 3981 1194 4028 non
1210 3977 1277 4029 tarn
1291 3965 1391 4049 decet,
1406 3987 1512 4052 quarn
1585 4013 1586 4037 r

214 4081 431 4151 necessarium
445 4089 501 4140 est
545 4073 607 4138 ilis
634 4071 767 4152 accedit,
793 4069 1014 4136 denuntiantis
1036 4071 1179 4138 officium
1205 4091 1270 4138 non
1294 4095 1334 4140 eo
1355 4089 1512 4163 spectare,
1584 4091 1585 4133 r

213 4205 250 4259 ut
264 4193 305 4257 de
320 4188 462 4254 admisso
486 4183 620 4248 culmine
644 4179 787 4247 vindicta
811 4193 960 4246 sumatur
982 4181 1039 4246 sed
1061 4194 1099 4246 ut
1113 4182 1146 4247 in
1169 4195 1331 4266 posterum
1345 4199 1513 4274 assatur,
1583 4171 1584 4231 l

215 4321 257 4370 nc
282 4300 346 4365 elia
370 4295 505 4361 crimina
531 4311 586 4376 per
610 4291 749 4356 incestae
774 4291 1015 4374 conjunctiones
1044 4289 1261 4374 admittantur,
1290 4297 1378 4378 quod
1408 4302 1516 4384 vergit

216 4413 315 4478 etiam
331 4407 363 4472 ln
379 4405 538 4490 privatam
552 4399 688 4478 illorum,
710 4399 767 4480 qui
791 4397 977 4462 contrahere
992 4395 1193 4480 meditantur,
1208 4399 1386 4467 utilitatem.
1409 4403 1516 4475 Quod
1578 4435 1581 4519 q

194 4575 195 4580 ,
219 4521 247 4586 ci
261 4513 429 4602 quieadee
442 4509 553 4576 adhuc
576 4504 727 4588 haereret,
751 4515 789 4570 ut
811 4524 888 4570 curn
912 4506 1039 4589 sponsis
1062 4505 1240 4572 humanius
1264 4507 1429 4594 agendam
1454 4529 1517 4596 pc·
1577 4537 1580 4617 ¹,
