3168 4982
230 441 294 508 192
587 463 828 512 orsenauanto
850 467 1006 529 aurare,
1029 469 1107 515 car.
1128 447 1183 516 tt.

226 595 249 659 i.
267 591 294 654 1.
311 587 343 652 ff.
358 585 399 650 de
414 584 587 669 adoption,
602 587 683 652 etin
698 588 859 652 alimentis
880 599 1069 656 testamento
1084 592 1209 672 relictis,
1225 591 1244 656 l.
1262 591 1310 656 lt.
1326 587 1358 654 ff.
1374 589 1414 656 de
1428 591 1515 673 alim,

222 711 257 764 et
270 700 365 764 cibar.
391 697 462 779 leg,
479 695 627 778 exemplo
646 695 735 780 juris,
750 697 839 778 quod
860 701 1062 782 competebat
1086 702 1273 783 parentibus
1296 703 1392 768 trium
1416 701 1517 766 libero·

225 827 297 874 rum
313 805 507 889 percipiendi
519 825 575 888 pro
589 805 695 868 liberis
710 805 836 870 decimo
850 819 965 872 octavo
985 829 1072 876 anno
1086 812 1263 876 minoribus
1277 833 1320 878 ex
1334 814 1452 878 aerario
1466 833 1516 898 pu·

222 917 307 988 blico
331 916 495 994 alimenta,
510 913 550 981 de
572 933 637 998 quo
646 915 719 998 jare
735 915 853 981 videsis
879 916 1083 984 Vertrauium
1102 919 1257 984 Maurum
1279 919 1320 984 de
1328 921 1402 1004 jare
1416 920 1518 984 libero-

224 1049 306 1108 rum,
319 1047 389 1110 cap.
410 1027 458 1092 16.
1402 1021 1404 1026 ’

265 1136 418 1204 Secunda
433 1133 682 1202 necessitudinis
697 1133 828 1216 species,
858 1153 924 1214 qua
946 1133 1161 1200 intercedente
1182 1135 1332 1219 conjugia
1345 1133 1517 1218 improbau-

221 1255 281 1323 tur,
311 1255 360 1306 est
380 1241 543 1319 adfinitas,
576 1261 662 1323 qaae
691 1241 904 1322 proficiscitur
924 1260 967 1306 ex
998 1243 1203 1308 matrimonio
1230 1253 1463 1321 consummato,
1490 1253 1518 1304 et

219 1353 365 1440 quadem
388 1351 644 1435 interpretatione
667 1349 836 1431 proliicisci
858 1367 988 1432 quoque
1002 1351 1116 1421 debere
1137 1354 1209 1416 risa
1233 1363 1282 1416 est
1296 1372 1338 1416 ex
1367 1351 1433 1416 alia
1446 1369 1518 1434 qua·

217 1480 360 1542 cumque
388 1458 506 1542 copula
527 1457 626 1522 etiarn
655 1457 776 1540 illicita;
799 1478 839 1521 ea
853 1459 940 1522 enim
961 1459 1060 1538 fit,¹ut
1081 1461 1131 1524 vir
1152 1461 1278 1524 dicatur
1298 1460 1419 1529 adfinis
1446 1479 1517 1529 oum

219 1573 480 1658 qmbrrsouurque
498 1567 752 1648 consangnineis
780 1569 933 1650 mulieris,
955 1571 1009 1634 cui
1032 1572 1166 1654 junctus
1188 1581 1244 1649 est,
1274 1582 1306 1634 et
1326 1577 1346 1636 e
1368 1590 1518 1640 convaso

211 1689 327 1773 juncta
356 1679 471 1746 mulier
492 1679 620 1744 dicatur
641 1675 762 1746 adfinis
783 1678 1035 1760 consanguineis
1058 1680 1126 1757 viri,
1152 1680 1231 1761 quin
1253 1690 1362 1745 tamen
1384 1680 1517 1753 eueniat,

216 1802 254 1856 ut
274 1785 509 1870 consanguinei
544 1785 698 1864 mulieris,
734 1797 767 1848 et
794 1788 1028 1869 consanguinei
1050 1787 1110 1850 viri
1132 1789 1197 1852 sint
1218 1787 1343 1854 adfines
1366 1790 1449 1856 inter
1475 1808 1515 1869 εις

214 1919 294 1968 cum
308 1915 480 1982 personam
501 1895 572 1972 viri,
587 1905 619 1958 et
634 1895 777 1960 mulieris
792 1914 858 1958 uon
881 1895 1064 1977 egredietur
1078 1893 1240 1975 adfinitas,
1255 1917 1324 1980 rap.
1340 1901 1370 1962 5.
1383 1893 1434 1964 'de
1448 1917 1517 1964 oon·

216 2010 376 2091 sanguin,
392 2017 423 2070 et
437 2005 514 2069 alin.
558 2003 649 2068 Haec
664 2021 742 2068 sane
757 2002 962 2068 necessitudo
977 2023 1044 2066 non
1059 2005 1168 2086 procul
1183 2005 1282 2070 distat
1295 2013 1316 2072 a
1330 2006 1517 2089 consangui-

212 2119 321 2196 nitate,
344 2133 452 2197 neque
462 2109 613 2178 ursimus·
628 2109 749 2175 ratione
764 2109 921 2191 conjugiis
938 2107 1167 2191 impedimento
1181 2121 1238 2192 est;
1261 2114 1381 2178 etenim
1397 2127 1429 2178 st
1450 2115 1515 2198 ipsa

212 2225 423 2309 aequabiliter
447 2232 518 2284 tum
534 2219 650 2301 injure
675 2228 818 2296 naturae,
849 2227 921 2282 tutu
937 2219 970 2280 iu
991 2219 1065 2300 jure
1089 2217 1244 2298 gentium,
1271 2219 1358 2300 quod
1372 2217 1515 2284 naturale

207 2335 264 2418 Jus
278 2334 509 2412 interpretatio,
536 2337 606 2392 tam
621 2325 654 2391 ln
666 2327 737 2408 jare
762 2324 920 2405 singulari
935 2323 1013 2388 olirn
1041 2325 1123 2388 inter
1137 2326 1302 2396 Romanos
1317 2328 1416 2390 Cives
1431 2345 1517 2390 cons·

212 2439 315 2516 tituto,
331 2432 447 2498 deinde
473 2432 506 2494 in
524 2441 587 2494 toto
613 2429 752 2511 Imperio
767 2429 916 2494 Romano
943 2439 1076 2512 recepto,
1098 2449 1237 2497 oausam
1260 2432 1399 2513 positam
1413 2432 1514 2496 habet
1570 2447 1571 2466 ¹

210 2549 232 2614 J
235 2567 273 2618 rrs
289 2555 425 2608 naturae
437 2540 644 2604 insinuatum
660 2540 693 2602 in
708 2536 774 2600 fine
787 2539 902 2619 capitis
917 2539 947 2600 2.
971 2539 1133 2600 Geneseos
1148 2539 1192 2600 ita
1208 2541 1324 2620 virum,
1338 2553 1369 2604 et
1385 2559 1516 2604 uxorem

210 2651 378 2721 habendos
406 2667 476 2712 esse
492 2655 657 2728 perpetuto
681 2644 792 2722 suasit,
809 2653 843 2706 ut
866 2644 900 2706 in
927 2642 1055 2706 duabus
1070 2651 1213 2724 personis
1238 2648 1386 2730 conjugio
1397 2646 1515 2732 junctis

212 2781 281 2831 una
295 2779 368 2824 caro
395 2777 466 2822 esse
480 2756 616 2835 dicatae
644 2763 873 2836 proptereaque
899 2771 964 2816 nou
987 2751 1115 2816 fictione
1140 2754 1291 2835 quadarn,
1317 2755 1373 2818 sed
1399 2775 1514 2834 revera,

144 2897 151 2904 ·
205 2873 248 2940 iis
261 2868 427 2956 subjicitur
451 2883 542 2942 uxor,
558 2861 676 2943 quibus
702 2861 864 2943 subjectus
878 2872 927 2922 est
953 2861 1096 2939 maritus,
1127 2870 1159 2922 ει
1182 2866 1379 2944 econverso3
1407 2881 1511 2944 neque

209 2985 298 3050 enim
312 2979 444 3044 nomina
460 2976 517 3038 illa
529 2985 562 3038 et
586 2973 686 3036 soceri
700 2988 732 3034 et
746 2973 866 3052 generi,
882 2983 913 3034 et
929 2989 1039 3036 socrus
1054 2981 1086 3032 et
1106 2989 1208 3034 nurus
1223 2971 1287 3032 alio
1296 2973 1367 3054 jure
1385 2973 1514 3038 inducta

209 3103 295 3170 suut,
319 3107 419 3171 quam
443 3103 508 3167 quo
538 3083 671 3146 inducta
696 3092 789 3142 eraut
818 3081 951 3144 nomina
974 3089 1191 3160 parentumet
1217 3079 1397 3158 liberorum,
1429 3081 1514 3146 unde

208 3201 412 3286 Augustinus
428 3197 462 3260 in
475 3214 547 3258 can.
566 3195 613 3258 15.
629 3212 718 3256 caus.
735 3192 785 3258 35.
813 3201 938 3273 quaest.
953 3189 984 3254 2.
1000 3189 1054 3252 ait:
1088 3187 1130 3254 ot
1144 3191 1204 3270 eir,
1220 3200 1251 3256 at
1265 3213 1350 3256 ocor
1364 3198 1514 3280 conjura

207 3314 282 3390 duo,
298 3308 356 3374 sad
381 3327 451 3370 arro
465 3324 540 3368 caro
569 3311 656 3378 serat,
676 3323 741 3366 nort
767 3301 865 3363 aliter
880 3308 928 3364 est
957 3319 1066 3362 naras
1091 3300 1292 3384 deputando,
1316 3305 1511 3389 quamfilia

133 3455 136 3464 ‹
206 3417 309 3492 Quod
328 3416 356 3480 si
371 3425 507 3477 naturae
527 3413 599 3495 jure
614 3411 701 3474 filius
717 3408 906 3490 parentibus
929 3408 1101 3490 subjicitur,
1118 3423 1148 3472 et
1164 3409 1354 3491 obsequium
1371 3413 1458 3495 ipsis,
1475 3433 1513 3478 ac

207 3525 426 3602 reverentiam,
453 3521 555 3597 debet.
571 3537 680 3602 parem
696 3517 817 3580 eisdem
844 3517 1061 3595 reverentiam,
1077 3527 1109 3578 et
1124 3535 1181 3597 par
1209 3517 1400 3599 obsequium
1417 3519 1513 3582 debet

206 3653 275 3698 una
288 3650 362 3696 caro
385 3648 461 3692 curu
475 3627 553 3706 filio,
580 3626 686 3707 qualis
701 3635 750 3688 est
776 3644 866 3705 uxor-r
883 3624 983 3688 immo
996 3635 1027 3686 et
1053 3643 1128 3688 cam
1144 3645 1226 3690 uxor
1253 3629 1442 3711 subjiciatur
1457 3649 1513 3692 na·

206 3755 297 3816 turae
308 3741 379 3824 Jure
407 3735 555 3819 potestati
571 3733 684 3812 mariti,
712 3731 873 3814 quomodo
896 3743 927 3794 et
952 3731 1095 3813 subjecta
1110 3730 1173 3794 dici
1199 3751 1265 3804 non
1290 3745 1393 3814 potest
1407 3746 1510 3817 potas

205 3848 387 3927 altercari,
413 3846 448 3910 in
463 3845 556 3928 cujus
571 3853 734 3926 potestate,
758 3851 830 3904 utut
852 3839 970 3903 diversi
994 3842 1118 3923 generis
1134 3840 1268 3904 maritus
1293 3855 1342 3904 est
1356 3845 1510 3908 constitu·

204 3961 274 4026 tusi
317 3954 552 4038 AElquabilitas
578 3962 688 4013 autent
703 3950 863 4014 servanda
889 3951 923 4014 in
937 3949 1073 4030 duobus,
1099 3951 1157 4032 qui
1174 3969 1236 4014 una
1259 3970 1333 4012 caro
1347 3950 1510 4030 dicuutur,

203 4069 354 4136 eamdem
370 4062 580 4128 reverentiam
595 4071 627 4122 et
641 4059 834 4140 obsequium
849 4065 869 4124 a
892 4060 1005 4122 marito
1020 4058 1161 4140 postulat
1175 4070 1319 4138 respectu
1335 4075 1509 4142 pareutum

204 4179 325 4256 uxoris3
352 4171 562 4256 quamobrem
577 4187 661 4250 quae
685 4166 912 4249 impedimento
938 4177 1022 4243 sunt,
1038 4185 1079 4228 ue
1104 4164 1288 4246 parentibus
1314 4165 1373 4228 lilii
1398 4166 1509 4248 corrJn·

203 4288 257 4372 gio
270 4283 470 4368 copulentur,
494 4277 610 4340 eadem
625 4287 719 4338 erunt
734 4275 972 4359 impedimento,
999 4293 1038 4336 ne
1054 4293 1149 4354 gener
1173 4275 1288 4353 socrui,
1306 4293 1385 4336 neve
1400 4292 1508 4336 nurus
1526 4259 1533 4276 '

202 4413 311 4458 socero
326 4391 529 4458 misceantur.
572 4385 634 4450 His
648 4383 724 4448 addi
748 4393 883 4468 possunt
898 4395 1042 4446 veterum
1061 4381 1296 4464 scripturarum
1312 4382 1507 4456 testimonie,

202 4506 322 4591 quibus
336 4503 417 4570 dum
441 4501 523 4568 haec
537 4499 688 4587 conjugia
713 4498 919 4580 damnantur,
933 4497 1070 4564 Levitici
1094 4517 1165 4582 cap.
1183 4500 1241 4580 ta,
1256 4509 1287 4562 et
1301 4498 1362 4580 20„
1377 4497 1506 4578 dicitur,
