3216 4988
648 469 694 516 os
722 470 859 528 ususve.
1042 443 1065 504 .‘
1127 457 1133 468 '
1344 453 1410 517 255

102 597 192 658 cium
207 595 337 676 saepius
353 579 478 677 prodire
492 603 630 656 curatur.
661 593 707 657 tu
717 557 919 676 potissimum
935 593 1043 656 evenit
1058 587 1091 656 in
1108 593 1310 677 amplissima
1324 613 1410 659 com-

102 703 297 765 merciorum
322 701 454 766 ratione.
498 701 667 766 Publieam
684 701 746 764 ista
773 701 945 765 utilitatem
961 700 1056 782 fovet,
1083 713 1115 766 et
1129 701 1210 766 dum
1236 703 1416 768 homiuum

102 816 179 870 utut
195 796 265 868 loco
291 807 477 872 dissitorum
500 803 629 871 animos
649 809 831 872 arctissimo
847 809 946 873 veluti
969 809 1096 874 foedere
1118 813 1235 896 jungit,
1254 832 1317 876 non
1340 815 1411 896 qui·

102 913 180 976 dem
195 911 351 976 incultam
366 911 466 992 illam,
493 925 525 976 et
540 915 693 978 rusticam
710 933 815 978 rerum
832 915 1027 995 societatem,
1055 937 1155 998 quam
1172 919 1203 982 in
1220 921 1327 982 aureis
1343 939 1411 982 sae·

101 1019 189 1083 culis
202 1018 321 1082 Poetae
337 1019 511 1100 finxerunt,
527 1021 659 1104 reducit,
678 1021 734 1083 sed
746 1021 974 1102 eleugatiorem
989 1023 1102 1103 reddit,
1118 1045 1156 1087 ac
1172 1025 1275 1089 multo
1287 1027 1412 1090 nitidio-

102 1143 181 1187 rem.
226 1125 347 1190 Verum
362 1127 483 1192 nimius
509 1127 631 1210 privati
651 1129 767 1210 peculii
783 1122 881 1208 ambr,
909 1141 941 1194 et
955 1131 1001 1192 rei
1026 1129 1194 1196 familiaris
1218 1135 1291 1215 plus
1306 1153 1411 1218 aequo

102 1231 333 1314 amplicandae
348 1233 494 1299 studium
507 1236 552 1298 ita
567 1237 675 1318 plures
688 1235 804 1314 infecit,
823 1247 857 1300 nt
872 1237 927 1300 alii
943 1237 1025 1300 alios
1039 1238 1137 1301 etiarn
1150 1241 1308 1303 beneficia
1324 1233 1422 1324 prae'

102 1353 252 1404 texentes
268 1359 325 1424 per
339 1343 460 1423 dolum,
475 1355 508 1407 et
521 1341 671 1410 fraudem
685 1330 953 1406 circumveniant,
984 1343 1113 1408 Providi
1125 1343 1255 1426 quidem
1272 1346 1413 1428 Legum·

101 1451 222 1514 latores
237 1451 401 1533 pactiones
417 1451 594 1528 universas,
622 1461 720 1533 etque
735 1449 919 1514 contractus
934 1451 976 1514 ad
991 1463 1094 1514 certas
1110 1452 1274 1514 anemius
1289 1453 1412 1514 evitan-

102 1557 164 1620 das
179 1557 310 1640 regulas
324 1561 458 1640 exigere
467 1557 571 1622 moliti
586 1569 672 1622 sunt.
699 1561 702 1586 ⁶
715 1558 804 1629 Quis
820 1569 929 1622 autern
945 1557 1028 1642 adeo
1042 1568 1139 1622 acuto
1154 1565 1292 1641 mgeuio,
1309 1573 1412 1628 tanta-

100 1685 167 1748 que
182 1663 356 1748 prudentia
379 1665 460 1729 inter
475 1666 623 1730 homines
650 1683 746 1748 agere
762 1677 909 1747 uuquam
935 1671 1046 1747 potest,
1074 1675 1109 1729 ut
1123 1665 1254 1728 occulta
1279 1665 1411 1729 callido·

100 1793 175 1838 rum
190 1773 393 1855 subterfugia
408 1785 562 1857 perpetuo
577 1774 715 1857 deteget,
731 1775 898 1856 turpisque
913 1775 1069 1838 avaritiae
1084 1775 1222 1838 latebras
1238 1775 1411 1858 investiget

101 1889 226 1962 omnes,
253 1883 287 1946 in
302 1881 420 1964 quibus
435 1883 552 1946 vitium
578 1881 723 1965 perimat,
741 1892 905 1964 praeterea
928 1881 1131 1948 adamussim
1156 1885 1314 1963 consulat,
1333 1885 1408 1967 jura
1458 1893 1467 1912 ·

103 1990 216 2054 dendo
230 1991 502 2055 conventionibus
527 1989 674 2072 singulis,
691 2001 831 2072 quarum
857 1991 1049 2055 innumerae
1063 1992 1185 2055 ionnae
1207 2004 1292 2072 sunt,
1308 2005 1341 2054 et
1355 2013 1409 2056 no·

103 2118 166 2162 rae
181 2099 216 2162 iu
231 2099 300 2162 dies
325 2109 484 2178 creantur,
499 2098 711 2180 complicatae
736 2099 888 2162 tortuosis
903 2073 1051 2178 nexibus,
1078 2099 1163 2162 inter
1177 2117 1260 2180 quos
1281 2100 1338 2161 vix
1353 2099 1412 2162 sci

104 2225 162 2286 res,
179 2206 324 2288 adquae
348 2217 516 2289 pactorum
531 2196 651 2288 genera
665 2205 773 2269 referri
799 2207 939 2288 plurima
954 2211 1094 2288 possent,
1122 2221 1183 2268 nee
1197 2205 1261 2268 nisi
1281 2203 1413 2268 divinus

105 2309 241 2391 abditos,
257 2311 294 2374 et'
303 2311 385 2375 imos
411 2313 574 2395 nequitiae
589 2319 736 2377 recessus
762 2314 948 2396 perspicuos
960 2311 1096 2376 lacerati
1143 2313 1215 2376 Hoc
1229 2329 1290 2395 ego
1304 2314 1415 2391 velim,

104 2435 264 2504 tanquam
290 2422 438 2505 generale
452 2421 649 2505 principium
672 2420 820 2501 insidere,
846 2421 1043 2501 cuicumque
1058 2435 1151 2483 mens
1166 2429 1224 2499 est,
1241 2420 1282 2482 de
1298 2422 1415 2500 usuris,

104 2553 164 2598 seu
179 2533 220 2597 de
235 2535 391 2597 usurariis
407 2533 611 2616 pactionibus
626 2543 708 2616 apte,
726 2531 936 2614 adpositeque
945 2530 1076 2613 dissere.
1121 2527 1324 2611 improbatae
1338 2528 1414 2592 illae

102 2650 184 2703 suut
199 2639 348 2720 naturali,
376 2639 496 2719 divino,
512 2639 739 2720 ecclesiastico,
756 2657 795 2703 ac
809 2636 898 2703 civili
908 2643 981 2724 jure
994 2649 1154 2720 tauquam
1169 2657 1235 2717 eae,
1254 2657 1339 2720 quae
1353 2639 1413 2702 hu-

102 2765 242 2812 manam
256 2752 405 2812 evertunt
420 2747 625 2829 societatem,¹
641 2749 814 2813 avaritiam
829 2751 977 2812 nutriunt
992 2749 1139 2828 divitum,
1162 2749 1283 2832 inopes,
1302 2749 1351 2812 vel
1366 2750 1413 2813 in-

103 2859 255 2941 digentes
270 2861 304 2923 in
329 2871 512 2924 extremum
527 2879 632 2943 usque
657 2861 822 2924 interitum
849 2859 1328 2952 adducuntquemadmodum
1344 2881 1412 2945 pev-

102 2975 203 3048 petuo
226 2965 450 3030 clamaverunt
472 2985 537 3031 non
565 2968 672 3032 solum
698 2971 781 3032 sacri
806 2969 983 3053 Evangelii
1008 2989 1191 3053 praecones,
1219 2971 1328 3034 sedet
1349 2973 1412 3056 ipsi

102 3073 330 3138 aethnicorum
346 3077 543 3160 Philosophi.
589 3057 838 3142 Intereatamen
854 3078 912 3141 vix
927 3065 1091 3159 eradicari,
1107 3089 1140 3142 et
1154 3081 1297 3163 stirpitus
1313 3081 1412 3146 avelli

101 3201 282 3248 usurarum
306 3171 467 3270 cupiditas
492 3187 602 3268 pomit,
631 3203 857 3268 quaecumque
882 3185 978 3250 fuerit
1003 3184 1195 3268 Sapientutn
1217 3187 1408 3270 sollicitudo,

103 3305 217 3356 tautae
233 3293 320 3356 enim
345 3293 531 3376 prodierunt
546 3295 668 3358 artibus
694 3293 885 3358 callidorum
911 3293 1083 3356 hominurn
1109 3292 1275 3356 confectae
1291 3295 1412 3378 specio-

103 3425 160 3468 sae
176 3407 388 3469 honestarum
410 3407 665 3470 conventionum
681 3406 811 3486 formae,
837 3407 957 3482 quibus
972 3403 1048 3468 illae
1063 3415 1252 3487 tegerentur,
1279 3419 1316 3470 ut
1330 3407 1410 3473 dum

103 3515 229 3596 passim
255 3525 391 3577 vacatur
405 3515 521 3596 usuris,
546 3515 588 3578 ab
603 3515 709 3578 usuris
725 3515 863 3597 quisque
877 3513 1005 3576 alienus
1022 3511 1176 3592 videatur,
1203 3515 1299 3592 quasi
1313 3514 1410 3596 turpi-

104 3622 185 3686 tudo
200 3641 267 3686 non
282 3623 316 3686 in
333 3643 431 3689 usura
446 3623 525 3705 ipss,
541 3621 598 3685 sed
613 3623 646 3686 in
664 3623 731 3685 solo
747 3641 865 3703 usurae
881 3625 1012 3686 nomine
1026 3623 1153 3686 inesset.

147 3727 242 3800 Quid
259 3729 351 3812 plura
366 3729 456 3794 initio
471 3749 651 3813 persequor,
668 3731 800 3813 quando
815 3733 868 3795 vel
883 3733 916 3796 in
932 3733 1003 3815 ipsa
1027 3729 1215 3794 delinienda
1229 3749 1328 3798 osma
1343 3753 1410 3800 uon

104 3835 203 3916 pauci
219 3835 455 3917 laboraverunt,
482 3857 620 3920 quorum
635 3841 737 3922 aliqui
752 3841 975 3924 speciosiorem
990 3841 1059 3924 ejus
1074 3841 1250 3924 imaginem
1265 3843 1409 3925 reddere,
1464 3927 1469 3934 Ι

105 3943 208 4026 aliqui
222 3945 366 4009 obscuris
381 3947 551 4012 verborum
566 3951 758 4033 ambagibus
774 3951 955 4033 involvere,
966 3951 1066 4034 aliqui
1081 3957 1304 4019 tamrestucte
1319 3955 1409 4020 illius

105 4065 257 4118 naturam
267 4056 397 4139 pingere
408 4059 610 4138 studuerunt,
619 4071 656 4122 ut
665 4061 860 4144 multiplices
873 4061 1035 4126 usurarias
1044 4061 1274 4126 conventiones
1290 4083 1409 4130 usurae

106 4167 382 4247 notapurgarentl
395 4167 467 4250 Ego
477 4165 738 4233 usuramdefinio
746 4172 962 4235 accessionem
970 4171 1407 4239 sortisdebitoeessolotene
1459 4193 1464 4202 ·

102 4291 191 4356 pore.
208 4273 413 4338 decessionis
428 4278 558 4365 nomine
566 4279 635 4361 jam
650 4278 727 4366 olim
738 4297 871 4342 usuram
883 4279 1129 4362 appellaverunt
1146 4281 1357 4363 Imperatores
1373 4285 1407 4348 in

77 4387 83 4402 “
107 4381 187 4444 l.12.
198 4381 268 4444 cod.
277 4381 320 4446 dc
330 4385 444 4464 usuris,
454 4385 528 4448 etin
538 4385 558 4448 l.
569 4387 625 4450 ult.
636 4387 744 4451 infine
753 4387 822 4451 cod.
833 4389 873 4451 tle
878 4389 951 4473 jtrre
960 4389 1032 4470 dot,
1043 4409 1085 4452 ex
1094 4407 1159 4472 quo
1168 4393 1277 4456 statim
1287 4393 1406 4476 colligi-

107 4501 164 4570 tur,
176 4507 278 4572 quam
289 4487 390 4553 solido
394 4491 466 4575 jure
475 4491 701 4558 subiufarniae
710 4511 813 4577 poena
823 4497 1034 4585 coustitutum
1044 4495 1149 4579 suerit,
1165 4498 1280 4580 nequis
1290 4517 1408 4564 usuras
