3210 4990
159 489 212 536 ns
235 489 428 551 contusus,
451 487 582 540 corsus
603 483 739 536 nassas
764 488 1008 536 uscuesrrcno
1029 489 1296 538 conuirrouuu.
1351 473 1411 540 177

103 631 292 697 nunquam
316 615 351 678 ιιι
375 613 435 680 filli
459 624 648 698 potestatem
672 613 780 694 alique
810 609 992 694 redigenda.
1035 613 1120 678 Sunt
1144 614 1224 678 istae
1249 617 1412 698 generales

106 737 256 788 cinturae
270 724 514 806 praeceptiones,
529 741 613 804 quae
626 721 724 784 etiam
738 721 952 786 obtinuissent
967 722 1055 804 apud
1064 723 1211 788 homines
1221 725 1256 788 in
1267 735 1351 790 statu
1367 727 1413 792 vi·

107 836 366 904 laniamentis
379 836 578 898 constitutos.
620 833 664 896 At
678 845 749 916 post
772 833 898 914 lapsam
919 833 1100 901 humanam
1121 846 1280 915 naturam,
1295 839 1413 902 arctius

102 945 264 1028 obligare
276 945 375 1008 etiam
389 955 561 1026 potnerunt
574 942 615 1006 oh
629 942 858 1023 superveniens
872 941 961 1004 aliud
976 943 1074 1008 etiam
1096 943 1244 1006 naturale
1266 963 1413 1028 praecep

107 1067 191 1118 tum
205 1053 248 1116 de
262 1053 401 1135 parentis
426 1049 624 1132 turpitudine
648 1069 715 1114 non
739 1048 921 1130 revelanda,
941 1051 1011 1132 jam
1032 1049 1065 1112 in
1081 1050 1180 1114 sacris
1203 1051 1315 1114 veleris
1332 1051 1411 1117 'Pes-

108 1165 255 1244 Jamenti
270 1159 367 1224 literis
382 1157 569 1235 indicatum,
583 1167 616 1220 et
629 1161 651 1230 ιι
665 1157 797 1238 mejam
821 1156 968 1238 superius
991 1155 1190 1236 explicatum
1215 1158 1311 1244 hujus
1334 1169 1411 1222 trac-

101 1271 248 1336 tationis
262 1268 401 1334 exordio.
443 1268 558 1350 quue
572 1286 648 1332 vero
661 1265 779 1331 abhoc
792 1267 864 1350 jure
884 1266 981 1350 longe
1005 1266 1157 1332 dissitum
1181 1278 1230 1332 est
1251 1269 1340 1334 alind
1355 1290 1412 1336 na·

106 1376 220 1442 tutele
236 1388 447 1457 praeceptum,
473 1373 513 1438 de
539 1393 605 1441 non
617 1373 851 1456 conjungendis
862 1376 1065 1441 matrimonio
1080 1377 1127 1456 iis,
1142 1377 1199 1457 qui
1212 1376 1288 1442 licet
1300 1398 1411 1464 paren·

106 1499 166 1548 tes
180 1497 213 1548 et
227 1484 286 1555 filii
300 1505 364 1551 non
380 1485 450 1562 sint,
467 1484 606 1550 filiorum
631 1495 748 1562 tamen,
774 1493 806 1546 et
831 1497 1000 1564 pareutum
1025 1485 1093 1548 loco
1119 1485 1285 1570 habentur,
1307 1490 1412 1574 quus·

106 1593 207 1664 modi
221 1605 297 1662 suut
311 1603 454 1676 neposet
467 1593 575 1670 amita,
591 1591 643 1656 vel
667 1602 843 1669 matertera,
868 1591 973 1674 neptis
994 1602 1026 1654 et
1051 1603 1169 1674 potrus,
1195 1592 1246 1661 uel
1270 1612 1412 1670 avuncu-

106 1709 177 1785 lus,
193 1706 381 1788 similesque
390 1723 551 1787 personae,
576 1703 595 1766 l
623 1705 672 1768 17.
700 1705 723 1770 ι.
748 1702 778 1766 d
804 1701 844 1766 de
869 1702 931 1780 pitu
957 1714 1048 1786 nupt.
1092 1701 1210 1766 Paucis
1235 1703 1268 1767 id
1283 1704 1413 1771 tradidit

103 1813 240 1878 Paulus
255 1813 288 1876 in
305 1811 323 1873 l.
338 1811 389 1874 39.
404 1809 437 1874 ff.
459 1809 501 1874 de
526 1810 589 1873 ritu
613 1808 761 1891 nuptiqr,
785 1807 840 1872 uhi
864 1820 1036 1890 postquam
1062 1807 1181 1887 docuit,
1207 1811 1321 1874 sororis
1346 1831 1412 1894 pro-

104 1935 246 2006 neptem
269 1941 468 2004 quemqunm
491 1939 558 1986 non
583 1939 675 2002 posse
701 1937 835 1990 rixosum
860 1918 985 1996 ducem
1011 1920 1165 2002 quoniam
1191 1923 1330 2006 parentis
1346 1922 1414 1988 loco

99 2035 140 2100 ei
157 2033 210 2112 sit,
226 2032 350 2097 addidit
364 2032 398 2098 in
415 2033 436 2098 l.
455 2032 482 2094 1.
498 2031 657 2100 incestum
679 2049 757 2108 esse,
783 2047 861 2095 cum
886 2029 959 2110 quis
973 2029 1073 2094 ducat
1097 2050 1178 2112 eam,
1202 2051 1303 2118 quum
1317 2037 1413 2101 orori·

106 2141 305 2208 lmsducere
326 2140 540 2222 prohibeatur.
583 2138 622 2210 ln
644 2149 816 2219 ooquectu
842 2136 943 2220 hujus
966 2137 1132 2203 doctrinae
1155 2139 1222 2202 duo
1244 2142 1414 2208 observan-

109 2261 175 2328 tur;
205 2265 343 2329 quorum
369 2247 510 2327 primum
538 2255 594 2322 est,
622 2243 889 2320 iureconsultum
917 2263 981 2308 non
1003 2244 1130 2329 ‚ibidus
1163 2266 1286 2312 ioman
1311 2270 1341 2312 ur
1372 2249 1412 2319 le-

108 2375 187 2442 gem
202 2354 381 2437 quamdam
394 2353 593 2434 singularem
608 2350 778 2433 explicare,
795 2349 850 2414 sed
874 2341 980 2432 potius
1006 2353 1238 2436 Philosophum
1266 2377 1368 2440 agere,
1383 2369 1415 2422 et

107 2463 270 2533 amaretis
284 2463 365 2544 legis
379 2463 591 2544 interpretem
609 2459 747 2530 alterum
761 2471 816 2539 est,
841 2459 905 2524 dici
931 2460 1013 2526 illud
1038 2481 1102 2528 nou
1130 2463 1261 2548 legibus,
1278 2465 1334 2536 sed
1349 2489 1426 2538 mo.

107 2575 203 2637 ribus
227 2553 452 2650 introductumJ
479 2588 543 2650 quo
569 2568 736 2645 iudicatur,
759 2565 794 2631 id
819 2588 861 2635 ex
878 2569 951 2652 jure
975 2572 1130 2652 gentiunt,
1155 2584 1189 2637 ut
1212 2586 1336 2658 uocant,
1353 2579 1412 2660 pri-

108 2680 213 2742 merio
229 2677 393 2760 proficisci,
410 2674 684 2756 quemadmodum
714 2675 911 2758 Pomponius
936 2677 969 2742 in
1000 2678 1019 2740 l.
1046 2679 1074 2742 7.
1099 2678 1131 2740 ff.
1158 2684 1225 2742 coil.
1253 2683 1411 2763 titetiam

108 2784 276 2856 scrihebat,
304 2801 368 2846 non
391 2782 525 2863 legibus,
552 2781 610 2848 sed
635 2783 780 2855 moribus
809 2783 1030 2848 introductum
1054 2784 1161 2865 fnisse,
1188 2799 1223 2850 ιιι
1246 2769 1411 2859 libertinus

106 2895 293 2958 libusuam
324 2909 458 2960 riiatrern
489 2895 517 2954 tl·
534 2912 612 2971 cero,
644 2904 702 2956 aut
731 2913 868 2959 atrorem
905 2894 1131 2976 prohiberetur.
1174 2899 1213 2964 Id
1250 2900 1330 2967 adeo
1360 2869 1432 2994 vd„

109 3021 181 3069 ιιιιιι
195 3011 254 3078 est,
270 3009 306 3064 ut
327 2999 520 3070 Anastasius
543 2999 718 3082 Imperator
742 3017 782 3067 nn
807 2999 1013 3082 Imperatorio
1036 3002 1167 3086 quidem
1189 3008 1339 3092 rescripto
1355 3029 1423 3108 uo-¹

111 3114 214 3186 luerit,
232 3121 330 3186 nupti
326 3131 360 3166 ts
386 3105 570 3190 huJusmodr
585 3125 679 3190 posse
702 3106 882 3182 consistere,
911 3107 930 3172 l.
958 3109 1014 3172 ult.
1039 3111 1107 3172 cod
1131 3113 1313 3204 deincestis
1310 3137 1408 3220 nup
1452 3179 1455 3184 ,

108 3217 171 3294 tiis,
180 3213 377 3298 junctei2.
403 3213 474 3276 cod.
500 3213 528 3277 si
549 3225 639 3296 nupt.
661 3234 702 3280 ex
724 3235 816 3278 rescr.
839 3228 902 3300 pet.
947 3218 1107 3300 eqiidem
1122 3219 1229 3303 fateor,
1245 3227 1406 3318 nonudeo
1492 3208 1497 3220 ⁵

106 3323 263 3407 rigidum,
299 3341 405 3403 neque
438 3321 519 3389 adeo
554 3324 762 3408 perspicuum
795 3345 866 3390 esse
901 3329 1049 3392 naturale
1084 3345 1303 3420 praeceptum,
1339 3360 1404 3422 quo

104 3435 184 3498 inter
213 3429 370 3514 ejusmodi
400 3429 554 3518 personas
582 3431 768 3514 conjugium
801 3433 1006 3515 improbatur,
1036 3438 1353 3537 quemadmodum
1344 3465 1438 3514 im·-

105 3561 160 3624 pr
155 3559 225 3604 ιηιιιι
242 3561 257 3602 ι
285 3540 471 3624 conjugium
495 3551 672 3621 parentum,
698 3552 730 3604 et
755 3541 936 3626 liberorum;
962 3556 994 3608 et
1019 3557 1146 3612 tantum
1174 3549 1254 3612 intir
1275 3563 1402 3640 utram

103 3669 167 3733 que
181 3650 324 3754 speciem
350 3648 550 3726 intercedere,
576 3660 735 3730 quantum
760 3649 858 3716 distat
883 3665 971 3734 pater
992 3654 1034 3718 ab
1055 3674 1102 3734 eo,
1117 3656 1173 3738 qui
1200 3657 1268 3724 loco
1288 3659 1400 3744 pareu-

102 3759 144 3824 tis¹
158 3769 263 3839 estet
276 3733 365 3820 iilius
380 3757 482 3836 abeo,
509 3757 565 3836 qui
590 3757 659 3820 loco
685 3749 1077 3833 inuenientium
1099 3765 1140 3830 ad
1166 3785 1238 3832 eum
1262 3771 1397 3852 prohihi-
1477 3791 1482 3798 ·

102 3868 224 3930 tionem
247 3863 496 3928 inducendam
482 3883 555 3948 Jure
581 3877 724 3946 naturae,
746 3868 892 3933 sufficere
919 3870 997 3936 milri
1020 3871 1153 3954 videtur,
1169 3879 1285 3961 utjurc
1299 3883 1417 3948 etiam

103 3988 238 4060 nutuque
267 3972 425 4036 indictum
453 3974 501 4054 sit,
533 3985 567 4038 ut
596 3986 728 4064 patruus
756 3979 1010 4064 statunculus,
1039 3982 1140 4046 amira
1167 3995 1199 4048 et
1227 3999 1393 4054 matertera

101 4092 270 4163 pareutum
285 4079 355 4142 1000
380 4092 525 4163 respectu
549 4094 710 4164 nepotum,
736 4093 769 4146 et
790 4095 932 4168 neptum,
959 4087 1146 4156 habeantur.
1188 4093 1280 4164 Quid
1305 4097 1408 4162 enim·
1488 4177 1491 4186 .
1603 4059 1604 4068 ἵ

99 4193 187 4262 aliud
201 4201 258 4270 est,
270 4192 344 4275 jure
359 4201 491 4265 naturae
514 4191 584 4256 loco
609 4195 749 4278 parentis
774 4215 852 4276 esse,
877 4216 976 4280 quam
1002 4211 1038 4264 ut
1062 4201 1209 4269 eamdem
1225 4223 1335 4288 aeque,
1351 4227 1389 4286 ac

78 4295 86 4318 ⁸
100 4321 210 4384 parens
223 4302 339 4382 exigat
353 4300 394 4362 ab
408 4300 465 4410 'Jisb
480 4301 537 4384 qui
562 4301 631 4366 loco
650 4301 790 4368 filiorum
811 4317 894 4388 suut,
920 4310 1144 4376 reverentiami
1186 4313 1286 4384 Quod
1301 4317 1328 4380 si
1343 4337 1388 4382 re-

87 4413 236 4482 uerentia
261 4411 335 4495 Jure
360 4418 505 4502 naturae
506 4405 668 4492 debetur?
684 4413 780 4495 quale
808 4434 881 4478 esse
909 4417 1094 4502 conjugium
1121 4428 1230 4500 potest,
1259 4421 1294 4492 iu
1321 4441 1386 4506 qun

5 4573 7 4586 .
93 4513 297 4608 aequabilem
325 4518 510 4586 societatem
536 4522 678 4588 ιιιιιιιιιιιι
705 4521 818 4600 eodem
840 4524 1293 4672 jtueTinterpleInire23pocesse
1321 4535 1384 4598 esti

943 4629 990 4672 ou
1081 4646 1124 4659 -
