3216 4988
115 463 228 514 unsre.
241 463 286 510 ne
300 465 350 524 eo,
363 459 426 512 eur
441 456 611 526 sumrrve,
625 463 671 508 un
686 463 731 508 ns
744 459 847 508 ouen.
863 459 933 507 rurs
947 459 1088 507 snuroru
1103 453 1276 506 euouoso.
1332 435 1394 504 aet

111 585 240 650 tanaus.
283 583 383 656 unat
399 589 429 649 si·
453 585 493 649 de
509 585 572 649 iiiis
588 597 710 667 agutur,
728 585 783 667 qni
799 595 983 666 contempto
1006 579 1156 667 Episcopi
1173 595 1341 668 praecepto
1357 578 1398 646 ad

109 695 328 759 ordinationem
345 697 544 774 accesserint,
570 697 726 776 quianon
745 695 866 775 probati
892 692 1079 756 clancuium
1095 707 1129 752 se
1156 693 1237 752 imer
1256 689 1399 752 clericos

110 805 282 888 designatos
296 807 493 883 immiserint,
511 813 567 866 srrt
578 803 655 885 quia
668 802 803 864 admissi
815 801 855 864 ad
873 821 974 864 unrrru
987 799 1140 877 ordinem,
1154 800 1290 862 alterurn
1303 799 1401 862 etiam
1445 861 1447 866 .

108 915 208 980 furtim
223 927 439 999 susceperunt,
467 917 599 997 adparet
614 913 754 994 quidem,
781 933 846 990 cos,
863 913 918 994 qni
935 915 979 974 ita
1003 912 1145 993 ai'rqucm
1165 925 1208 974 es
1225 913 1400 996 majoribus

107 1027 262 1094 ordinibus
277 1027 484 1110 susceperint,
512 1005 700 1108 irregulares
718 1023 793 1103 fieri,
810 1045 885 1088 curn
900 1013 1020 1107 quibus
1039 1035 1108 1088 turn
1124 1017 1256 1087 dentum
1273 1026 1401 1107 aispen-
1473 1109 1475 1116 Α

107 1138 162 1200 sari
178 1147 281 1219 queat,
296 1155 372 1198 cum
389 1135 543 1212 indiciam
559 1133 787 1217 poenitentiam
804 1132 1014 1216 expleverint,
1030 1129 1099 1196 c'au.
1118 1134 1146 1197 5.
1163 1133 1236 1196 dist.
1252 1131 1313 1208 cu,
1330 1151 1402 1216 cap

107 1247 140 1321 i,
154 1255 183 1306 ot
197 1243 405 1327 sequenribns
420 1245 461 1306 dc
476 1263 522 1322 eo,
549 1245 604 1324 qui
621 1241 747 1323 surtire3
772 1241 985 1307 nihiiominus
1000 1255 1108 1307 mmen
1132 1244 1159 1305 si
1176 1243 1315 1306 minores
1332 1255 1402 1308 tan·

104 1363 167 1416 turn
181 1355 380 1436 susceperint
393 1353 530 1431 ordines,
545 1353 625 1416 nihii
642 1353 705 1414 tole
720 1371 870 1432 expresse
884 1351 1096 1416 constitutum
1112 1353 1251 1434 invenio;
1268 1371 1403 1435 qnamo·

104 1465 185 1528 brern
200 1465 354 1542 dicemus=
371 1475 462 1528 extro
477 1463 621 1527 ordinem
637 1461 768 1544 quidem
785 1463 975 1544 puniendos,
993 1473 1176 1527 nontamen
1194 1483 1316 1546 poenae
1332 1465 1403 1528 irre·

103 1571 278 1650 guiuritatis
293 1571 450 1634 obrroxros
465 1591 542 1650 csse,
559 1585 750 1652 argumenta
765 1570 898 1653 capiunt
914 1571 943 1635 2.
959 1569 1000 1634 de
1015 1589 1060 1651 eo,
1077 1573 1132 1654 qui
1150 1571 1276 1636 furtive.
1307 1628 1309 1632 ,

141 1681 333 1744 Persaitnm
361 1679 477 1744 dicitnr
501 1681 677 1757 ordinatus,
704 1681 904 1762 quicumque
929 1680 1057 1744 ordines
1082 1681 1315 1746 ecclesiasticos
1337 1701 1402 1750 nott

101 1807 152 1872 pcr
166 1791 327 1875 legitimos
343 1791 465 1874 gradus
479 1793 663 1874 susceperit,
690 1791 789 1853 voluti
806 1789 922 1855 Lector
937 1792 1089 1870 initiatus,
1108 1793 1164 1876 qui
1180 1813 1243 1857 uon
1260 1807 1327 1856 erut
1343 1795 1401 1858 Os·

102 1902 215 1982 tierins,
234 1903 407 1970 Exercista
434 1903 573 1966 necdum
591 1900 714 1982 Lector,
732 1903 890 1984 Acoiytus
904 1903 1044 1968 necdum
1068 1903 1249 1981 Exorcista,
1266 1905 1403 1970 Srrbdia·

101 2027 196 2098 conns¹
212 2010 355 2074 necdrnn
371 2011 536 2094 dcoiytus,
561 2011 728 2075 Diacouus
744 2013 883 2074 necdrnn
900 2011 1136 2093 Subdisconus,
1160 2015 1316 2080 Sacerdos
1332 2036 1404 2080 nec·

101 2116 173 2182 durn
190 2121 372 2197 Diaconus,
391 2119 581 2212 *Episcopus
607 2117 747 2183 necdum
762 2119 931 2184 Sacerdos.
974 2119 1138 2205 Equidem
1155 2122 1231 2186 oiim
1254 2124 1305 2188 isti
1322 2123 1402 2189 ordi·

99 2243 153 2290 ncs
168 2246 232 2292 uon
251 2227 522 2306 custodiebantur,
547 2225 681 2308 qnando
698 2228 829 2307 scimus,
856 2227 891 2293 8.·
907 2229 1113 2293 Ambrosium
1139 2229 1278 2293 electum
1293 2227 1403 2310 fnisse,

100 2355 134 2398 ac
148 2349 376 2401 consecratum
402 2335 610 2418 Episcopum,
636 2353 739 2417 qutun
756 2335 865 2399 adhuc
890 2336 1145 2400 cathecumenus
1166 2347 1259 2414 esset,
1282 2337 1347 2399 exi.
1362 2353 1405 2399 uo

96 2445 202 2531 elapso
219 2459 365 2530 tempore
391 2447 472 2510 iuter
485 2445 692 2530 baptismum,
709 2465 747 2508 ac
763 2445 996 2524 Sacerdotium,
1024 2445 1124 2513 immo
1141 2443 1232 2509 nulio
1247 2445 1311 2509 fere
1327 2455 1405 2510 tem·

97 2569 166 2634 pore
181 2555 232 2616 eia
238 2573 297 2637 pso
311 2554 392 2616 inter
406 2553 638 2630 Sacerdotium,
664 2566 697 2618 et
712 2553 951 2632 Pontificatum,
966 2573 1038 2618 can.
1054 2555 1083 2618 3.
1100 2553 1172 2618 dist.
1188 2553 1238 2618 63.
1283 2555 1403 2620 Verum

95 2663 252 2725 recentior·
266 2673 356 2724 aetas
379 2663 476 2725 hosce
491 2663 612 2746 gradus
635 2663 794 2726 iucundos
808 2665 970 2745 constitui,
994 2665 1095 2729 veluti
1113 2685 1169 2748 per
1182 2664 1344 2729 inferiores
1360 2663 1402 2730 ed

95 2769 280 2849 strperiores
292 2769 346 2831 sia
362 2781 530 2834 sternetur.
563 2771 633 2842 Qui
650 2783 767 2836 temere
783 2773 828 2835 ita
843 2793 877 2836 se
892 2773 1032 2838 ordinari
1046 2775 1181 2852 curavit,
1198 2776 1257 2837 erit
1271 2774 1404 2857 quidem

95 2877 201 2938 valide
217 2877 398 2956 ordinatus,
412 2898 489 2941 cum
505 2891 622 2942 natura
638 2881 735 2942 turine
751 2879 880 2960 ordinis,
897 2891 928 2943 et
943 2879 1063 2963 gradus
1078 2881 1121 2944 ab
1135 2879 1199 2943 aiio
1214 2881 1255 2943 sit
1269 2881 1405 2944 ornninu
1482 2889 1486 2898 '

96 2983 243 3066 discrete,
270 2987 333 3049 uisi
351 2997 466 3069 agatur
481 2988 521 3050 de
536 2987 698 3072 Episcopo
712 2989 867 3068 ordinato,
894 2989 949 3071 qui
966 2987 1106 3051 necdum
1123 2986 1237 3050 suisset
1251 2985 1404 3052 Sacerdo-

93 3095 137 3156 tio
152 3097 312 3174 iurnatus,
329 3108 437 3180 utpote
452 3097 538 3178 qnod
556 3097 771 3180 Episcopatus
787 3099 887 3162 veluti
903 3117 1034 3162 summa
1049 3097 1225 3163 Sacerdotii
1242 3099 1292 3175 sit,
1307 3109 1339 3160 et
1354 3115 1404 3160 sa-

92 3201 293 3265 cerdotaienr
311 3215 499 3284 potestatem
516 3205 547 3268 in
564 3207 759 3289 suscipiente
786 3209 966 3270 necessario
981 3207 1206 3290 praemuniret,
1224 3207 1344 3270 interes
1359 3219 1404 3271 ta·

92 3329 167 3376 men
195 3331 399 3396 ancnnrqne
424 3317 621 3398 perstultum
648 3329 811 3400 promotus
837 3321 879 3382 ab
892 3319 1004 3383 ordine
1030 3339 1085 3404 per
1110 3319 1231 3385 saltum
1254 3333 1403 3404 suscepto

91 3423 303 3504 (nontamen
329 3425 498 3489 §caeteris
524 3437 619 3489 antea
635 3429 691 3492 rite
717 3431 890 3515 susceptis)
915 3410 1131 3513 suspenditur,
1157 3431 1261 3494 donec
1276 3441 1405 3513 peracte

91 3533 295 3612 poenitentia
311 3534 343 3595 in
371 3553 410 3594 eo
424 3535 535 3616 gradu,
563 3555 660 3616 quem
677 3537 820 3618 transilit,
849 3540 998 3616 initietur,
1025 3553 1056 3604 et
1071 3539 1188 3604 deinde
1214 3559 1246 3604 rn
1264 3531 1404 3622 s‘npeno·

90 3654 168 3714 reru,
185 3637 233 3699 ad
250 3657 347 3720 quem
365 3640 487 3722 pridem
503 3644 656 3723 escondit,
683 3645 878 3726 admittetur,
895 3669 967 3715 can.
996 3651 1022 3712 1.
1040 3649 1112 3712 dist.
1130 3650 1189 3727 52,
1205 3669 1275 3733 cap.
1293 3669 1346 3714 un.
1363 3649 1403 3714 da

89 3743 177 3809 oter.
194 3767 257 3828 per
281 3747 352 3810 salt.
369 3765 473 3830 prom·
512 3751 636 3821 erseri
653 3755 685 3817 in
701 3756 786 3819 trane
801 3775 868 3819 rem
884 3757 972 3833 solet,
1000 3777 1043 3822 au
1058 3761 1280 3841 suspensionis
1300 3781 1405 3844 poena

88 3849 269 3915 immineat
293 3853 452 3938 ipsojure,
467 3875 509 3920 eu
527 3859 634 3939 potins
649 3863 806 3927 sententia
827 3863 948 3949 judicis
968 3863 1009 3928 sit
1024 3865 1200 3942 inserenda.
1244 3870 1341 3950 Abiit,
1357 3869 1403 3933 ia·

88 3969 164 4038 teor,
184 3947 230 4024 in'
249 3963 417 4044 vulgarem
433 3966 645 4050 traditionem,
671 3989 713 4036 ox
728 3993 794 4055 qua
809 3974 1008 4038 consuetudo
1024 3975 1171 4054 invainit,
1200 3989 1236 4041 nt
1250 3979 1319 4062 ipso
1329 3979 1404 4062 jure

88 4067 270 4132 imminere
284 4091 421 4134 censura
448 4075 583 4156 dicetne
600 4081 809 4159 quomobrem
837 4079 937 4146 tutius
952 4093 1034 4169 aget,
1051 4089 1107 4170 qui
1123 4089 1165 4150 ab
1189 4087 1295 4153 officio
1309 4089 1405 4154 absti.

85 4175 189 4253 nebit,
220 4179 509 4260 neirreguiaritete
535 4195 662 4248 notetur
676 4188 772 4250 etiarn
799 4199 876 4253 ante
885 4187 1008 4274 judicis
1033 4193 1236 4257 senteutiam.
1281 4195 1403 4268 Verum

85 4287 224 4361 qrroties
242 4281 348 4369 adjus
373 4290 527 4370 scriptum
543 4296 703 4358 sententia
717 4297 873 4380 exigatur,
900 4299 980 4365 sorte
996 4303 1028 4366 in
1044 4303 1141 4366 elium
1157 4305 1340 4386 opinionem
1357 4308 1403 4374 itt·

83 4391 218 4454 clinare
235 4407 401 4474 oporteret3
427 4399 586 4480 siquidem
602 4403 634 4466 in
651 4401 736 4468 dicto
750 4423 823 4468 cau.
848 4409 875 4470 l.
892 4407 964 4472 dist.
981 4409 1042 4486 ⁶2,
1064 4419 1096 4473 st
1111 4409 1144 4472 in
1160 4409 1245 4474 dicto
1259 4423 1329 4493 cap.
1346 4429 1401 4478 utt.

84 4497 129 4562 de
146 4501 242 4564 Oter.
256 4519 312 4586 per
326 4505 397 4571 salt.
414 4525 525 4591 prom,
547 4511 629 4576 nihil
644 4512 735 4577 uliud
751 4513 894 4600 adparet,
909 4535 1009 4604 quarn
1024 4521 1081 4602 per
1100 4523 1293 4586 sententiam
1309 4519 1405 4605 Epis.
