3120 4980
211 387 255 456 tta
404 408 409 416 ·
469 410 561 471 aras
577 413 705 474 eatur,
722 413 965 472 orssanrrrro
982 417 1107 479 aaran,
1124 419 1200 486 cte.
1216 399 1255 465 V.

210 530 352 605 vinciam
368 531 543 614 traductae,
569 533 597 606 si
613 553 677 608 nou
694 535 814 618 ubique
830 547 977 620 receptae
1003 541 1111 612 statim
1128 554 1212 624 suut,
1239 544 1383 630 qliquarp
1396 544 1497 628 saltem

209 641 385 720 carentiam
412 641 497 732 apud
516 642 661 726 legentes
688 644 905 710 inveniebant.
950 645 1011 714 His
1028 648 1073 716 uti
1089 669 1125 720 se
1150 649 1285 728 fidenter
1310 653 1496 738 posseduta-

209 761 285 826 ntut
300 749 367 814 Leo
381 750 448 828 IV,
463 751 619 817 Nicolaus
634 752 668 830 1,
684 763 714 814 et
724 752 868 816 Joauoes
885 753 982 834 till,
999 755 1213 840 iuternaetera
1229 756 1496 838 dtroexmarcibus

208 858 321 924 Isidori
338 859 536 932 stabrlientes
553 859 719 944 principia;
737 879 874 948 querum
891 862 1031 945 primum
1047 873 1123 941 erat,
1151 863 1351 950 Episcopum
1366 861 1496 948 damnari

208 983 272 1030 non
289 983 390 1046 posse,
419 965 480 1030 nisi
507 967 643 1030 crimina
659 969 866 1048 probantibus
892 969 1014 1050 lugenti
1031 989 1166 1036 numero
1192 973 1334 1054 testibus,
1351 984 1382 1042 et
1394 992 1436 1050 eo,
1450 973 1496 1053 qui

205 1069 294 1158 apud
310 1070 519 1144 Mercatoretu
536 1074 569 1136 in
586 1073 721 1150 laudata
734 1075 868 1157 Synodo
883 1076 1039 1160 Sylvestrl
1057 1089 1198 1142 statutus
1214 1077 1384 1166 terebatur.
1423 1081 1495 1148 Hinc

207 1179 374 1262 putabant,
391 1177 500 1274 iuferri
517 1180 611 1247 facile
627 1201 728 1264 posse,
745 1181 924 1268 Episcopus
939 1192 958 1250 a
974 1187 1160 1251 Britonibus
1182 1187 1283 1255 electo
1299 1207 1364 1252 non
1380 1187 1437 1250 nisi
1452 1203 1497 1268 per

207 1285 366 1368 iujuriam,
383 1285 488 1364 idest,
512 1286 638 1354 informi
648 1289 774 1372 judicio
799 1289 899 1354 fuisse
914 1291 1096 1374 damnatos;
1124 1291 1261 1358 alterurn
1276 1305 1353 1374 erat,
1380 1293 1496 1376 Episco

205 1413 264 1475 pos
289 1391 436 1457 damnari
463 1405 592 1458 tantum
619 1416 711 1480 posse
737 1399 770 1461 in
797 1400 943 1464 Concilio
969 1400 1213 1484 Episcoporum,
1240 1404 1272 1466 iu
1289 1402 1377 1484 quod
1396 1400 1495 1464 saltem

204 1499 376 1564 duodecim
401 1501 571 1566 Antistites
586 1508 823 1568 convenissent.
868 1507 955 1570 Hinc
970 1509 1137 1590 putabant,
1165 1507 1272 1572 inserti
1297 1507 1496 1590 sacileposse,

205 1607 383 1695 Episcopus
401 1610 544 1675 Britones
570 1631 635 1675 non
653 1597 795 1696 potuisse
810 1615 923 1699 ejicere
947 1617 1126 1700 Episcopus
1142 1629 1263 1680 veteres
1289 1629 1364 1680 utut
1378 1618 1436 1680 sub
1449 1618 1495 1678 Ar·

201 1719 407 1802 chlepiscopo
422 1717 523 1782 electo
538 1727 557 1785 a
573 1721 757 1806 Numeuujo
771 1723 970 1804 constitutos,
992 1744 1069 1788 crim
1086 1723 1261 1786 numerut'u
1274 1722 1495 1786 duodenarium

201 1848 266 1896 nou
282 1839 483 1912 attingerent,
510 1841 541 1892 et
555 1828 650 1893 facilc
665 1830 783 1894 adduci
810 1852 904 1916 posse
919 1833 1068 1896 Britones
1094 1831 1282 1916 Episcopus,
1306 1841 1342 1894 ut
1357 1851 1392 1893 sa
1406 1829 1495 1893 'I'uro

200 1939 292 2002 riensi
311 1937 533 2022 Metropolitae
550 1939 752 2022 subjicerent,
768 1952 932 2024 propterea
943 1939 1029 2024 quod
1046 1941 1218 2004 duodecim
1233 1952 1342 2004 essent
1357 1942 1391 2005 in
1405 1939 1495 2003 Tum

200 2049 292 2112 nensi
310 2048 481 2111 Provincia
508 2047 733 2132 Episcopatus.
777 2047 892 2132 Itaque
907 2052 994 2136 quod
1010 2051 1077 2114 Leo
1093 2051 1146 2114 IV.
1171 2051 1203 2116 in
1219 2050 1436 2132 singularibus
1449 2043 1494 2109 ad·

194 2158 316 2240 junctis
334 2167 479 2220 versatus
495 2158 753 2240 prudentissime,
769 2171 856 2224 etex
872 2159 1017 2242 quadam
1032 2159 1220 2222 oeconomia
1236 2157 1379 2236 tradidit,
1397 2157 1435 2221 ad
1450 2173 1495 2238 ge,

198 2265 341 2330 neralem
357 2265 563 2350 disciplinato
584 2265 709 2332 traduci
723 2265 814 2331 haud
836 2267 930 2332 facile
945 2270 1067 2351 poterit.
1112 2267 1221 2332 Potest
1236 2265 1325 2348 addi,
1348 2267 1381 2331 id
1396 2263 1495 2330 defini·

198 2387 269 2439 tum
284 2395 354 2438 esse
369 2395 411 2440 ex
427 2375 573 2439 Concilio
600 2375 850 2461 Carthaginensi
877 2361 975 2462 vulgo
989 2377 1014 2442 1.
1030 2395 1101 2440 can.
1127 2375 1175 2439 11.
1194 2375 1243 2439 12.
1262 2375 1296 2440 in
1318 2375 1495 2439 collectione
1550 2397 1551 2463 ζ

197 2503 362 2564 canonum
380 2484 547 2550 Ecclesiae
566 2484 748 2576 Africanae.

244 2595 392 2678 Denique
408 2607 608 2679 postremum
625 2595 818 2678 principium
830 2605 906 2674 erat,
922 2595 1116 2668 senteutiam
1131 2575 1353 2678 damnationis
1364 2611 1428 2657 uon
1443 2601 1495 2654 sta·

196 2705 254 2789 tim
269 2716 416 2788 paratam
431 2703 552 2770 babere
576 2703 811 2783 executionem,
838 2723 1009 2786 quousque
1032 2703 1144 2788 aliqua
1164 2702 1388 2792 appellationis
1403 2715 1495 2790 causa

196 2821 402 2894 proponatur3
429 2823 478 2876 est
492 2811 580 2879 enlm
606 2809 780 2894 appellatio
805 2812 928 2896 species
951 2812 1114 2894 quaedam
1129 2811 1287 2876 naturalis
1309 2807 1494 2898 defensionis

146 2998 151 3007 ,
196 2921 320 3006 nemini
336 2921 538 3008 deneganda,
564 2924 719 2988 nisicum
744 2934 906 3008 appareat,
933 2923 1050 3016 [costra
1065 2923 1316 3008 appellationem
1335 2917 1493 3012 interponi,

194 3043 225 3117 at
240 3031 512 3124 tergiversationis
526 3052 610 3118 ergo,
637 3051 793 3118 quarens
818 3051 957 3116 poenam
980 3033 1162 3114 caeteroqui
1189 3031 1249 3095 sibi
1259 3034 1333 3116 Jure
1357 3029 1493 3106 debitam

193 3117 341 3200 declinet.
385 3137 472 3202 Hinc
487 3139 667 3222 denegatur
691 3139 865 3227 appellatio
880 3141 1028 3224 primurn,
1055 3139 1082 3204 si
1099 3159 1178 3222 reus¹
1198 3137 1293 3204 fuerit
1320 3139 1450 3224 propria,
1465 3147 1493 3198 et
1548 3155 1549 3184 t

193 3241 319 3304 sincera
333 3241 535 3308 consessione
550 3247 735 3332 damnatus,
750 3267 820 3332 cap.
831 3249 861 3312 9.
877 3247 918 3310 de
932 3266 1055 3332 enecas.
1090 3233 1238 3340 Praelati,
1253 3247 1274 3330 l.
1290 3249 1320 3311 2
1336 3244 1405 3310 cod.
1419 3261 1491 3328 quo

193 3369 265 3428 rum
281 3350 419 3436 appeler.
435 3371 500 3418 nou
517 3353 622 3438 recip.;
650 3355 802 3442 secundo,
827 3357 855 3419 si
870 3375 943 3418 reus
959 3357 992 3446 ip
1007 3353 1168 3438 flagranti,
1187 3364 1218 3416 et
1233 3371 1289 3437 per
1303 3349 1491 3440 evidentiam

192 3457 269 3526 iacti
286 3459 507 3548 deprehensus
523 3465 706 3530 incrimine
722 3465 824 3545 suerit,
840 3485 910 3548 cap.
937 3467 988 3530 61.
1005 3469 1026 3534 l.
1043 3467 1151 3532 Porro
1165 3465 1206 3527 de
1222 3463 1430 3548 appellation,
1449 3457 1491 3522 ni·
1547 3479 1548 3496 ³

191 3569 219 3634 si
235 3581 343 3636 tamen
358 3573 523 3656 quaedam
537 3574 647 3640 adhuc
673 3576 810 3660 supersit
825 3575 990 3656 dubitatio,
1016 3593 1058 3638 an
1075 3574 1175 3658 possit
1190 3562 1303 3656 aliqu'a
1326 3565 1489 3655 probabilia

83 3668 89 3678 ’
193 3687 340 3768 exceptio
355 3690 496 3774 proponi,
512 3709 582 3776 cap.
599 3691 628 3754 3.
646 3710 727 3754 vers.
744 3692 913 3758 Siculone
926 3690 996 3776 eod
1012 3689 1057 3754 tit
1074 3690 1106 3754 iu
1122 3691 1163 3772 6.;
1181 3689 1280 3769 tertio,
1297 3690 1326 3754 si
1339 3689 1381 3751 ob
1394 3681 1491 3772 gravi·

193 3807 292 3862 tatem
307 3799 445 3885 alicujus
460 3801 584 3886 flagitii,
610 3804 704 3887 cujus
719 3803 907 3868 memoriam
921 3803 1116 3886 quantocius
1131 3799 1260 3877 aboleri,
1287 3809 1319 3862 et
1333 3795 1417 3882 quod
1428 3803 1488 3856 ata·

192 3919 251 3972 tun
266 3909 433 3990 vindicari,
461 3911 589 3996 publice
603 3912 735 3991 intersit,
752 3911 839 3996 leges
853 3909 1002 3998 publicae
1016 3905 1204 4004 appellandi
1227 3901 1411 3968 facultatem
1423 3915 1488 3960 sus·

107 4097 111 4104 Ι
193 4014 343 4106 tuleramt,
372 4019 418 4082 uti
432 4031 568 4084 cautum
581 4030 630 4084 est
644 4020 678 4084 in
703 4020 837 4084 crimine
852 4019 1030 4098 haereseos,
1045 4035 1116 4100 cap.
1143 4015 1192 4078 ta.
1208 4013 1249 4078 de
1263 4013 1381 4096 haeret
1402 4010 1431 4073 in
1445 4003 1485 4082 0.,

191 4125 277 4208 quod
293 4139 325 4190 ct
340 4129 372 4192 in
388 4129 522 4196 crimine
536 4129 639 4198 salsae
653 4141 801 4196 moaeme
816 4131 850 4196 in
860 4132 933 4216 jure
947 4129 1096 4218 &mano
1117 4127 1196 4192 olim
1210 4125 1416 4192 constitutum
1428 4115 1485 4180 tci-

192 4248 275 4325 tnus,
292 4233 312 4298 l.
330 4235 357 4299 1.
372 4235 443 4299 cod.
460 4236 501 4299 dc
516 4235 600 4300 salsa
615 4249 753 4302 moneta.

234 4341 400 4422 Pertinerrt
413 4345 494 4410 haec
520 4347 563 4413 ad
577 4346 879 4415 condemnationem
895 4361 1031 4439 reorum.
1074 4343 1188 4413 cauae
1213 4359 1344 4426 quoque
1365 4329 1484 4420 regulae

194 4451 455 4532 praestituendae
470 4464 556 4536 suut,
582 4465 652 4518 tutu
666 4449 897 4534 observandae,
922 4469 1000 4518 cum
1013 4447 1296 4536 reus'absoluitur.
1339 4445 1391 4510 Ex
1403 4443 1485 4526 pt¹l⁰
1544 4447 1545 4510 l
