3134 4984
184 351 247 424 14⁰
416 371 649 438 crassatus,
667 371 1089 439 nrssannssrossconns,
1104 351 1256 424 crnIV.

184 507 234 562 ost
248 497 328 580 legis
344 509 559 582 praeceptum.
595 497 677 564 Dico
692 492 851 582 imprimis
865 498 1129 582 pollicitationem
1143 496 1263 562 factam
1277 496 1360 578 Deo,
1375 503 1411 560 nt
1422 492 1473 560 iul·

183 602 228 666 tio
242 603 404 687 adpareat,
421 615 534 668 votum
549 615 700 672 naturam
716 605 823 691 potius
837 607 1086 690 pollicitationis,
1102 625 1203 689 quam
1217 606 1313 690 pacti,
1338 621 1400 669 sou
1411 621 1474 670 cou-

181 712 342 776 ventionis
358 711 500 796 induere3
527 733 599 778 osse
613 713 700 780 cuim
715 725 847 798 pactum
868 713 1008 780 duorum
1023 735 1211 798 consensus,
1234 726 1331 797 atque
1346 729 1475 779 coum

182 823 234 904 tio,
251 823 438 908 pollicitatio
453 843 530 888 vero
543 823 705 891 offerentis
720 826 822 890 solius
838 827 1040 910 promissum,
1056 826 1077 889 l.
1092 826 1122 889 3.
1138 825 1172 889 ff.
1187 826 1228 889 do
1243 823 1409 909 pollicitst
1428 822 1475 890 E!

181 951 248 1018 quo
261 933 473 1018 proficiscitur
497 935 564 1000 voti
579 934 807 1018 obligationem
832 943 979 1018 exparte
1003 937 1155 1000 voveratis
1178 935 1288 1000 statim
1313 932 1476 1016 nunciabi

181 1044 376 1126 promissum
391 1055 448 1126 est,
474 1051 620 1127 exparte
635 1033 745 1107 autem
771 1043 840 1126 Dei,
869 1045 903 1109 in
918 1047 1011 1130 cujus
1036 1047 1191 1110 honorem
1217 1045 1330 1108 votum
1349 1043 1475 1122 elicitur,

181 1147 318 1212 conferri
333 1151 367 1215 iu
393 1161 552 1216 secretum
567 1151 670 1236 ipsius
684 1151 870 1234 voluntatis,
896 1155 950 1218 cui
965 1167 1095 1237 gratum
1122 1165 1234 1218 votum
1256 1171 1385 1236 semper
1399 1165 1476 1236 ptus·

181 1255 353 1336 sumimus,
369 1275 539 1340 quousque
564 1268 623 1322 aut
636 1261 853 1344 agnoscimus,
881 1272 940 1327 suu
954 1263 1153 1346 conjicimus,
1169 1281 1236 1326 ram
1251 1262 1285 1326 in
1300 1273 1416 1326 votum
1432 1261 1477 1325 do·

182 1357 316 1424 ductam
332 1362 402 1426 Deo
417 1363 552 1446 placere,
580 1365 613 1430 id
629 1376 686 1448 est,
713 1377 749 1432 ut
763 1369 810 1433 ait
823 1369 1033 1435 Innocentius
1059 1371 1116 1434 111.
1144 1371 1177 1434 iu
1192 1390 1263 1454 cap.
1289 1371 1320 1435 7.
1347 1371 1390 1436 de
1404 1381 1476 1450 voto,

181 1469 239 1534 ubi
253 1469 422 1536 observata
435 1472 501 1538 siut
516 1473 736 1542 loconuaco
751 1478 820 1558 tria,
836 1479 947 1561 primo,
964 1479 1043 1561 quid
1069 1479 1165 1544 liceat
1180 1481 1362 1545 meandum
1377 1481 1478 1564 aequi·

181 1587 289 1662 tatem,
305 1579 431 1663 deinde,
446 1581 527 1666 quid
541 1581 655 1650 doceat
676 1585 859 1652 secuudum
874 1585 1087 1668 honestatem,
1109 1599 1278 1671 postremo,
1295 1588 1376 1673 quid
1391 1609 1477 1673 expe·

183 1675 252 1752 diat
265 1689 448 1754 meandum
462 1689 645 1755 utilitatum.
678 1686 858 1756 mannua
870 1707 1001 1776 quoquc
1016 1691 1213 1758 definitionis
1228 1695 1327 1758 verbu
1341 1695 1479 1762 indicunt

182 1796 365 1879 discrimen,
381 1795 468 1880 quod
484 1797 653 1864 intercedit
664 1799 750 1866 tuter
763 1809 886 1881 mum,
901 1810 933 1864 ot
943 1797 1181 1886 jusjurandum,
1197 1800 1267 1863 sive
1286 1801 1320 1865 in
1334 1819 1383 1881 eo,
1398 1798 1478 1885 quod

179 1903 407 1988 jusjurandum
422 1905 616 1972 interveniat
630 1907 663 1976 iu
678 1907 914 1992 sponsionibus,
941 1927 1026 1992 quoa
1041 1909 1214 1975 hominum
1229 1909 1335 1992 gratia
1348 1909 1478 1992 hotot

181 2022 311 2077 tautum
333 2013 368 2076 in
383 2013 604 2078 testimouium
629 2015 773 2080 acuatu
784 2015 938 2082 divinum
964 2033 1083 2081 nomen
1111 2015 1290 2097 invocetur,
1317 2025 1353 2079 at
1372 2026 1478 2084 totu

183 2131 287 2188 totum
300 2132 333 2186 et
346 2121 467 2186 directo
494 2123 529 2188 in
546 2123 605 2188 nsi
620 2125 776 2190 ltouomm
800 2125 994 2210 conseratuu
1021 2127 1090 2189 sivc
1105 2127 1140 2192 in
1153 2145 1200 2206 co,
1222 2123 1313 2209 quod
1334 2123 1478 2209 obliged)

176 2231 387 2318 junsjursnui
412 2233 590 2298 accamosia
603 2233 647 2297 sit
670 2243 816 2317 respectu
843 2233 976 2299 alter-ius
1001 2233 1208 2318 obligationis
1232 2229 1477 2312 conmmaodss,

181 2346 216 2402 at
230 2337 301 2420 ipsa
318 2339 382 2402 voti
406 2331 561 2422 affigatio
581 2339 624 2404 sit
638 2339 834 2428 ptinoipslia
876 2343 1014 2426 Insuper
1028 2341 1143 2406 cadam
1169 2341 1368 2407 delinitionis
1388 2341 1477 2408 terh

180 2448 350 2532 perspicus
374 2447 521 2514 iudicatu
543 2448 727 2530 distnmso,
750 2451 842 2536 quod
855 2449 1023 2515 intercedit
1046 2449 1130 2514 iuter
1144 2463 1266 2542 votum,
1288 2451 1326 2514 'st
1346 2447 1477 2534 simplas

181 2560 282 2624 animi
298 2559 506 2644 propositum3
533 2560 676 2630 neuun
699 2561 788 2634 coln
799 2561 906 2628 distat
920 2559 1108 2646 pollicitatio
1132 2563 1203 2627 Deo
1216 2561 1307 2628 iacta
1325 2569 1349 2629 a
1366 2559 1478 2628 tells·

181 2670 304 2736 tatione
318 2669 461 2752 qrtadsm
487 2671 597 2735 auimo
606 2681 775 2754 couoepts,
797 2671 953 2756 qusquis
967 2679 1133 2754 proponet,
1153 2689 1189 2732 so
1204 2677 1326 2734 aarum
1339 2683 1406 2734 rost
1417 2663 1476 2734 uo·

181 2791 300 2862 turum,
316 2780 368 2865 rel
393 2799 460 2846 non
474 2778 646 2860 iacturum,
670 2779 753 2864 quid
767 2777 1032 2863 necquidquam
1057 2762 1259 2863 polliccatur.
1302 2771 1477 2862 Hucpd·

182 2895 238 2951 net
251 2886 396 2970 vulgaris
411 2887 594 2972 disputatio,
609 2907 677 2973 qus
689 2889 862 2972 quaeritur,
879 2895 989 2956 utrum
1003 2899 1045 2952 ex
1060 2885 1158 2969 nrtdo,
1173 2887 1358 2970 simplicite
1373 2899 1476 2970 tuopt-

181 3006 242 3061 srto
257 2998 331 3086 quis
356 2997 523 3082 obligatur,
537 3017 577 3062 ac
590 2999 619 3062 si
645 3007 758 3066 vuum
770 2995 946 3064 elicuisset·
989 2997 1034 3060 Et
1049 2995 1182 3079 quidem
1204 2995 1293 3060 siad
1319 2989 1476 3062 settin

179 3109 406 3194 philosophias
418 3109 547 3194 iugulas
559 3107 595 3174 id
608 3110 766 3194 exigatur,
781 3109 877 3175 tacito
891 3109 1000 3192 liquet,
1016 3107 1100 3184 adeo
1112 3127 1301 3192 repugnare,
1309 3103 1475 3191 obligab-

183 3237 259 3285 nem
274 3237 316 3282 ex
330 3217 421 3284 nudo
445 3219 605 3304 proposito
619 3218 764 3298 suboriri,
787 3237 828 3284 ac
841 3227 1009 3302 repugnat,
1035 3235 1238 3301 quamquam
1262 3215 1397 3301 obligan‘
1409 3209 1475 3280 sibl·

182 3328 321 3412 metipsi.
343 3327 497 3393 Nascitur
509 3327 620 3396 omme
630 3327 785 3412 obligatio
799 3327 852 3392 vsl
867 3347 909 3392 ox
924 3327 1005 3411 loge,
1020 3327 1073 3390 ael
1087 3345 1131 3392 cx
1145 3312 1317 3392 consensu.
1330 3350 1334 3359 ·
1348 3321 1474 3398 Quo&

182 3443 293 3500 autem
308 3434 401 3498 nulla
412 3437 455 3501 sit
467 3431 622 3520 obligatio
631 3436 720 3524 logis,
731 3420 985 3502 stdsconsoosu
996 3447 1121 3520 agatur,
1136 3445 1207 3502 tum
1214 3437 1352 3504 domum
1365 3433 1473 3516 diligt·

181 3535 1011 3632 uopnfictscimrsxsorssemueunqotsconssnut
1021 3545 1133 3628 graus,
1149 3542 1201 3607 vol
1212 3537 1471 3615 bonoresltuios,

181 3655 316 3724 minime
325 3675 404 3722 sano
413 3653 829 3739 ubialteriusnoaiutsrsit,
844 3669 1038 3742 argumento
1052 3657 1131 3741 logis
1145 3659 1197 3722 71.
1209 3658 1233 3725 t.
1242 3647 1473 3721 asceam

182 3765 332 3848 tionibus,
347 3777 380 3832 et
393 3767 690 3840 demorsatratiouiu.
711 3763 753 3834 tn
767 3766 955 3834 collectione
970 3767 1220 3836 Gratiaulcxtat
1235 3770 1474 3832 monuments!

182 3873 218 3939 io
229 3891 300 3940 cau.
314 3875 342 3938 Ι.
352 3893 441 3943 caus.
458 3876 508 3941 ll.
516 3887 643 3958 quaest.
651 3876 747 3957 &ex
753 3890 819 3962 quo
827 3877 1006 3958 deducitur,
1017 3895 1060 3941 on
1069 3877 1138 3940 solo
1147 3863 1474 3961 propositorcltglosst'

181 3979 360 4070 aliquando
374 3983 537 4052 ineundae
548 3985 754 4071 professionis
768 3985 896 4053 nullam
908 4003 1069 4070 emergens
1083 3985 1335 4070 obligationem:
1345 3983 1387 4050 lu¹
1396 3981 1473 4048 baut

182 4095 292 4180 ipsam
303 4096 497 4161 sententiam
523 4093 583 4160 isit
593 4093 785 4166 stsmter
797 4095 857 4162 ill:
885 4100 959 4166 tutn'
971 4095 1091 4178 iucap.
1104 4091 1135 4158 ¹³3.
1152 4091 1389 4170 darcnuotlut,
1408 4092 1475 4150 tom

183 4201 219 4266 iu
233 4221 303 4285 asp.
319 4201 348 4268 3.
364 4201 406 4282 ds
420 4213 505 4268 uoto.
524 4203 670 4268 sstem
682 4203 928 4270 nonuncium
950 4195 1316 4285 iogssit‘dilbcultatsm
1328 4199 1474 4272 luw

183 4311 250 4376 tius
263 4309 382 4377 ΙΙΙ-ΙΙΙ
396 4313 536 4396 cap-dli
557 4311 604 4386 de
622 4308 774 4398 staplas.
792 4339 794 4345 ·
815 4313 966 4378 liabetur
979 4313 1044 4376 boc*
1062 4319 1171 4394 caput·
1188 4306 1223 4372 ld
1237 4299 1476 4372 &inolitum

185 4418 842 4506 mensuum-apaustuamsma
855 4399 1477 4506 mammaemammal
