3120 4980
178 347 223 424 64
430 368 520 416 snas
537 370 663 430 aaran,
687 371 930 423 messana-mo
954 375 1079 436 sarua,
1097 369 1174 422 cte.
1190 353 1230 422 V.

180 489 250 572 fuit,
266 490 490 575 purgationem
505 489 574 560 fieri
589 491 716 564 duobus
731 505 858 558 tantum
873 495 1101 562 Sacerdotibus
1116 498 1258 580 adscitis,
1279 509 1312 563 et
1326 499 1468 568 tnnoeeu·
1546 465 1547 498 ³

181 601 254 681 tius,
270 602 339 666 sive
353 602 395 666 II.
411 605 461 684 sit,
476 605 546 666 sive
563 603 618 668 lll.
636 605 668 670 iu
686 624 756 670 can.
774 606 822 670 17.
839 581 928 672 caris.
944 608 974 672 2.
989 620 1115 690 quaest.
1130 611 1169 691 b,
1186 631 1243 676 reu
1258 612 1293 676 in
1306 631 1377 696 cap.
1390 612 1419 678 b.
1433 613 1469 678 de
1546 585 1547 674 ζ

181 722 306 796 purgat.
321 731 436 786 canon,
453 712 563 792 voluit,
586 713 786 796 Episcopum
800 715 844 781 de
857 716 996 780 simonia
1010 725 1201 784 accusatum
1215 736 1300 784 ¹cum
1315 717 1412 782 tribus
1425 718 1470 782 sni
1546 705 1547 778 ζ

180 825 310 906 ordinis,
326 836 358 888 et
371 835 510 910 quatuor
523 827 713 905 Abbatibus,
729 837 761 892 et
772 827 928 910 religiosis
942 827 1170 894 Sacerdotibus
1180 847 1252 893 esse
1262 829 1468 912 purgandum
1546 821 1547 916 ᾗ

181 933 306 1003 Lucius
320 935 379 999 lll.
395 935 429 1000 iu
444 955 515 1019 cap.
530 937 560 1001 8.
572 935 614 999 de
629 947 754 1020 purgat.
766 955 881 1000 canon.
897 937 1121 1019 purgationem
1137 936 1312 1022 fierijussit
1327 957 1470 1026 eumrcp

181 1047 275 1126 timo,
292 1055 352 1110 out
366 1047 485 1131 quinto
509 1067 613 1110 uranu
627 1047 682 1112 sui
696 1041 836 1116 ordinisr
862 1064 1066 1126 quamquam
1087 1045 1296 1112 Innocentius
1319 1047 1378 1112 111.
1391 1053 1473 1110 extra
1546 1087 1547 1092 .

178 1155 328 1220 ordinem
343 1155 378 1218 iu
402 1155 559 1238 singulari
583 1173 663 1220 casu
688 1153 933 1237 quatuordecim
957 1155 1173 1238 conjuratores
1197 1175 1269 1220 ease
1290 1155 1472 1220 volueritis
1546 1155 1547 1216 ἒ

181 1281 253 1348 cap.
268 1262 319 1327 30.
335 1261 404 1328 eod.
421 1263 477 1342 tit,
504 1282 546 1326 ex
560 1264 679 1344 quibus
693 1263 853 1340 omnibus,
879 1262 1016 1344 aliisque
1031 1261 1200 1342 similibus,
1219 1283 1304 1346 quae
1319 1265 1354 1328 in
1369 1265 1473 1329 Deera·
1546 1295 1547 1298 ¹

184 1367 303 1433 talibus
317 1380 498 1450 occurrunt,
524 1369 675 1434 concludi
691 1381 802 1453 potest,
828 1371 935 1454 quoad
963 1387 1135 1436 numerum
1161 1373 1301 1450 testium,
1328 1375 1474 1455 purgatio

183 1496 260 1544 uem
275 1479 467 1544 canonicam·
491 1477 589 1544 iudici
604 1479 813 1542 consuevisse
826 1479 1008 1544 sectutdum
1030 1478 1210 1542 arbitrium
1216 1478 1414 1562 judicantis,
1435 1479 1476 1542 uti

186 1583 302 1667 legitur
317 1585 351 1648 in
375 1604 446 1668 cap.
464 1587 512 1648 12.
542 1591 563 1654 l.
582 1586 637 1650 ult.
663 1586 704 1650 de
718 1589 916 1654 accusation.
959 1583 1057 1650 Porro
1077 1585 1223 1650 officium
1247 1589 1475 1671 coujuratomm
1546 1567 1547 1662 i

164 1696 267 1772 ,illud
282 1708 358 1778 erat,
386 1708 421 1762 ut
436 1683 609 1782 postquam
627 1709 807 1778 accusatus,
833 1697 920 1761 etde
941 1697 1076 1762 crimine
1100 1710 1270 1780 suspectus
1294 1718 1332 1762 se
1346 1699 1477 1764 criminis

185 1829 302 1894 purum
317 1829 388 1872 esse
398 1811 547 1894 jurasset,
568 1811 714 1894 jurarent
729 1809 776 1874 illi
802 1807 988 1887 accredere,
1015 1819 1215 1886 accusatum,
1241 1817 1273 1872 at
1298 1819 1477 1891 suspectum

186 1939 298 1984 aarum
309 1918 517 2004 jurejurando
531 1916 730 1997 adfirmasse,
745 1935 814 2000 cap.
831 1913 889 1980 ult.
905 1915 939 1979 in
954 1909 1020 1980 fine
1035 1913 1075 1978 de
1090 1923 1216 1998 purgat
1236 1933 1352 1981 canon.
1395 1911 1478 1978 Adde

166 2029 238 2113 ,bis
253 2028 434 2112 capitulum
460 2028 488 2091 1.
504 2026 544 2090 de
558 2024 724 2104 confessis,
750 2045 820 2110 cap.
838 2023 887 2088 10.
914 2023 955 2088 de
969 2005 1121 2100 accusat,
1146 2040 1217 2104 cap.
1235 2021 1264 2084 5.
1288 2019 1332 2084 de
1346 2017 1479 2095 adulter,

185 2159 257 2224 cap.
275 2139 324 2203 13.
339 2157 421 2203 vers.
454 2137 525 2212 Qut
539 2145 652 2202 auten
675 2134 716 2198 de
729 2130 908 2198 haereticis.
951 2127 1043 2196 Haec
1058 2142 1169 2196 autem
1193 2128 1370 2211 disciplina
1394 2124 1479 2191 bodie

186 2251 230 2318 ab
245 2267 308 2316 usu
322 2247 387 2314 iere
401 2247 551 2326 exolevit,
567 2255 598 2310 et
613 2243 646 2308 in
663 2243 770 2308 locum
785 2240 984 2325 purgationis
999 2237 1155 2302 successit
1180 2233 1321 2318 simplex
1332 2232 1482 2317 J'usjurao·

186 2355 276 2436 dum,
292 2353 380 2438 quod
395 2373 448 2418 reo
462 2353 610 2431 defertur,
626 2371 703 2414 cum
718 2351 939 2433 interrogatur,
956 2347 1019 2414 nisi
1034 2358 1143 2412 tamen
1155 2343 1197 2408 de
1207 2343 1410 2428 gravissimis
1422 2339 1482 2424 qui·

188 2462 327 2530 busdam
341 2461 529 2526 criminibus
544 2470 668 2544 agatur,
691 2459 725 2524 in
739 2477 805 2542 quo
819 2455 1014 2542 reipublicae
1029 2453 1233 2520 Christianae
1254 2453 1431 2536 plurimum
1444 2453 1482 2514 in·

187 2584 291 2654 teresi,
306 2573 480 2639 canonicas
495 2571 621 2636 admitti
637 2569 853 2654 purgationes,
868 2566 965 2651 quale
980 2574 1029 2628 est
1042 2565 1163 2629 crimen
1179 2563 1360 2640 haereseos,
1374 2559 1414 2624 de
1426 2575 1483 2640 quo

181 2687 262 2769 quis
277 2693 447 2768 suspectus
462 2679 754 2762 deprehendatur,'
740 2689 839 2764 Juxta
849 2675 974 2742 dictum
987 2671 1168 2757 capitulum
1181 2669 1230 2734 13.
1246 2687 1329 2731 vers.
1352 2665 1422 2740 Qut
1434 2683 1484 2728 ou·

188 2805 262 2873 taur,
278 2803 311 2856 et
324 2790 506 2874 capitulum
519 2787 550 2852 9
568 2791 590 2858 i.
613 2787 684 2862 Qut
697 2807 772 2852 nero
786 2781 827 2850 de
842 2781 1021 2848 haereticis.
1065 2775 1164 2844 Nou'
1156 2791 1307 2840 immoror
1321 2766 1463 2836 diutius
1455 2783 1484 2830 m

188 2899 413 2986 expendendis
428 2898 633 2985 generalibus
658 2896 835 2965 criminalis
849 2894 895 2960 rei
919 2891 1105 2978 praeceptis,
1131 2895 1302 2952 contentus
1317 2877 1486 2966 singularia

189 3011 354 3098 quaedam
368 3008 561 3093 exposuisse
585 3025 627 3070 ex
642 3023 807 3070 canonum
832 3001 1005 3086 disciplina
1019 3000 1166 3094 maximp
1190 2998 1224 3062 in
1239 2993 1329 3078 parre
1354 2988 1487 3062 collecta,

190 3131 318 3186 caetera
334 3137 392 3202 pro
415 3129 502 3182 certo
516 3115 641 3180 babens
667 3129 937 3196 unumquemque
961 3105 1056 3175 facile
1070 3125 1118 3174 ex
1133 3101 1244 3170 civilis
1262 3093 1405 3166 Romani
1415 3088 1487 3177 juris

189 3236 418 3321 interpretibus
432 3223 667 3293 derivatorum.
