<?xml version="1.0" encoding="UTF-8"?>
<!DOCTYPE html PUBLIC "-//W3C//DTD XHTML 1.0 Transitional//EN"
    "http://www.w3.org/TR/xhtml1/DTD/xhtml1-transitional.dtd">
<html xmlns="http://www.w3.org/1999/xhtml" xml:lang="en" lang="en">
 <head>
  <title>
</title>
<meta http-equiv="Content-Type" content="text/html;charset=utf-8" />
  <meta name='ocr-system' content='tesseract 3.04.00' />
  <meta name='ocr-capabilities' content='ocr_page ocr_carea ocr_par ocr_line ocrx_word'/>
</head>
<body>
  <div class='ocr_page' id='page_1' title='image "./carolisebastian00beragoog_0574.png"; bbox 0 0 3134 4984; ppageno 0'>
   <div class='ocr_carea' id='block_1_1' title="bbox 454 519 1396 594">
    <p class='ocr_par' dir='ltr' id='par_1_1' title="bbox 454 519 1396 594">
     <span class='ocr_line' id='line_1_1' title="bbox 454 519 1396 594; baseline -0.008 0"><span class='ocrx_word' id='word_1_1' title='bbox 454 547 502 594; x_wconf 78' lang='lat' dir='ltr'><strong>ua</strong></span> <span class='ocrx_word' id='word_1_2' title='bbox 518 547 655 592; x_wconf 75' lang='lat' dir='ltr'><strong>sennua</strong></span> <span class='ocrx_word' id='word_1_3' title='bbox 670 545 785 590; x_wconf 68' lang='lat' dir='ltr'><strong>curro</strong></span> <span class='ocrx_word' id='word_1_4' title='bbox 801 543 1034 590; x_wconf 72' lang='lat' dir='ltr'><strong>scurronum</strong></span> <span class='ocrx_word' id='word_1_5' title='bbox 1334 519 1396 586; x_wconf 70' lang='lat' dir='ltr'><strong>teo</strong></span> 
     </span>
    </p>
   </div>
   <div class='ocr_carea' id='block_1_2' title="bbox 56 660 1439 4676">
    <p class='ocr_par' dir='ltr' id='par_1_2' title="bbox 56 660 1439 4676">
     <span class='ocr_line' id='line_1_2' title="bbox 107 660 1393 752; baseline -0.002 -24"><span class='ocrx_word' id='word_1_6' title='bbox 107 665 144 728; x_wconf 88' lang='lat' dir='ltr'><strong>ad</strong></span> <span class='ocrx_word' id='word_1_7' title='bbox 159 686 273 730; x_wconf 88' lang='lat' dir='ltr'><strong>necem·</strong></span> <span class='ocrx_word' id='word_1_8' title='bbox 291 687 394 750; x_wconf 83' lang='lat' dir='ltr'><strong>usque</strong></span> <span class='ocrx_word' id='word_1_9' title='bbox 409 681 659 752; x_wconf 70' lang='lat' dir='ltr'><strong>memorarentur,</strong></span> <span class='ocrx_word' id='word_1_10' title='bbox 686 666 885 746; x_wconf 81' lang='lat' dir='ltr'><strong>laudantque</strong></span> <span class='ocrx_word' id='word_1_11' title='bbox 900 666 934 728; x_wconf 91' lang='lat' dir='ltr'><strong>in</strong></span> <span class='ocrx_word' id='word_1_12' title='bbox 959 683 1032 728; x_wconf 85' lang='lat' dir='ltr'><strong>cam</strong></span> <span class='ocrx_word' id='word_1_13' title='bbox 1048 683 1113 728; x_wconf 87' lang='lat' dir='ltr'><strong>rem</strong></span> <span class='ocrx_word' id='word_1_14' title='bbox 1139 661 1239 726; x_wconf 84' lang='lat' dir='ltr'><strong>veluti</strong></span> <span class='ocrx_word' id='word_1_15' title='bbox 1254 660 1393 726; x_wconf 88' lang='lat' dir='ltr'><strong>clemen·</strong></span> 
     </span>
     <span class='ocr_line' id='line_1_3' title="bbox 104 773 1393 862; baseline -0.002 -24"><span class='ocrx_word' id='word_1_16' title='bbox 104 779 239 856; x_wconf 79' lang='lat' dir='ltr'><strong>rirsirnos,</strong></span> <span class='ocrx_word' id='word_1_17' title='bbox 255 779 445 862; x_wconf 80' lang='lat' dir='ltr'><strong>Trajanum,</strong></span> <span class='ocrx_word' id='word_1_18' title='bbox 464 781 567 858; x_wconf 85' lang='lat' dir='ltr'><strong>Pium,</strong></span> <span class='ocrx_word' id='word_1_19' title='bbox 584 777 797 854; x_wconf 77' lang='lat' dir='ltr'>Hadrianum,</span> <span class='ocrx_word' id='word_1_20' title='bbox 812 787 843 840; x_wconf 82' lang='lat' dir='ltr'><strong>et</strong></span> <span class='ocrx_word' id='word_1_21' title='bbox 861 777 1007 839; x_wconf 83' lang='lat' dir='ltr'><strong>Marcum</strong></span> <span class='ocrx_word' id='word_1_22' title='bbox 1023 777 1242 857; x_wconf 74' lang='lat' dir='ltr'><strong>Imperatores.</strong></span> <span class='ocrx_word' id='word_1_23' title='bbox 1281 773 1393 836; x_wconf 83' lang='lat' dir='ltr'><strong>Facile</strong></span> 
     </span>
     <span class='ocr_line' id='line_1_4' title="bbox 104 881 1394 970; baseline -0.002 -22"><span class='ocrx_word' id='word_1_24' title='bbox 104 897 145 948; x_wconf 79' lang='lat' dir='ltr'><strong>est</strong></span> <span class='ocrx_word' id='word_1_25' title='bbox 168 889 311 970; x_wconf 76' lang='lat' dir='ltr'><strong>Ingenuo,</strong></span> <span class='ocrx_word' id='word_1_26' title='bbox 340 889 554 970; x_wconf 70' lang='lat' dir='ltr'><strong>prudentique</strong></span> <span class='ocrx_word' id='word_1_27' title='bbox 572 890 647 949; x_wconf 85' lang='lat' dir='ltr'><strong>-riro</strong></span> <span class='ocrx_word' id='word_1_28' title='bbox 673 887 724 947; x_wconf 88' lang='lat' dir='ltr'><strong>bis</strong></span> <span class='ocrx_word' id='word_1_29' title='bbox 750 884 947 965; x_wconf 80' lang='lat' dir='ltr'><strong>respondere</strong></span> <span class='ocrx_word' id='word_1_30' title='bbox 994 883 1123 946; x_wconf 78' lang='lat' dir='ltr'><strong>Etenim</strong></span> <span class='ocrx_word' id='word_1_31' title='bbox 1146 881 1236 944; x_wconf 82' lang='lat' dir='ltr'><strong>lateri</strong></span> <span class='ocrx_word' id='word_1_32' title='bbox 1260 882 1394 961; x_wconf 86' lang='lat' dir='ltr'><strong>quidem</strong></span> 
     </span>
     <span class='ocr_line' id='line_1_5' title="bbox 102 989 1394 1075; baseline 0.002 -24"><span class='ocrx_word' id='word_1_33' title='bbox 102 1009 271 1070; x_wconf 87' lang='lat' dir='ltr'><strong>possumus,</strong></span> <span class='ocrx_word' id='word_1_34' title='bbox 288 1013 351 1057; x_wconf 93' lang='lat' dir='ltr'><strong>uon</strong></span> <span class='ocrx_word' id='word_1_35' title='bbox 367 1013 487 1071; x_wconf 79' lang='lat' dir='ltr'><strong>omnes,</strong></span> <span class='ocrx_word' id='word_1_36' title='bbox 503 1013 585 1075; x_wconf 90' lang='lat' dir='ltr'><strong>quos</strong></span> <span class='ocrx_word' id='word_1_37' title='bbox 601 1007 758 1074; x_wconf 88' lang='lat' dir='ltr'><strong>tanquam</strong></span> <span class='ocrx_word' id='word_1_38' title='bbox 773 991 931 1072; x_wconf 77' lang='lat' dir='ltr'><strong>Martyres</strong></span> <span class='ocrx_word' id='word_1_39' title='bbox 948 991 1095 1054; x_wconf 76' lang='lat' dir='ltr'><strong>Ecclesia</strong></span> <span class='ocrx_word' id='word_1_40' title='bbox 1110 990 1203 1068; x_wconf 77' lang='lat' dir='ltr'><strong>colat,</strong></span> <span class='ocrx_word' id='word_1_41' title='bbox 1220 989 1319 1051; x_wconf 79' lang='lat' dir='ltr'><strong>srrisse</strong></span> <span class='ocrx_word' id='word_1_42' title='bbox 1335 1009 1394 1072; x_wconf 88' lang='lat' dir='ltr'><strong>pu·</strong></span> 
     </span>
     <span class='ocr_line' id='line_1_6' title="bbox 101 1102 1392 1182; baseline -0.001 -18"><span class='ocrx_word' id='word_1_43' title='bbox 101 1102 174 1166; x_wconf 81' lang='lat' dir='ltr'><strong>blica</strong></span> <span class='ocrx_word' id='word_1_44' title='bbox 198 1108 384 1168; x_wconf 87' lang='lat' dir='ltr'><strong>auctoritate</strong></span> <span class='ocrx_word' id='word_1_45' title='bbox 411 1117 510 1167; x_wconf 88' lang='lat' dir='ltr'><strong>morte</strong></span> <span class='ocrx_word' id='word_1_46' title='bbox 536 1105 716 1168; x_wconf 82' lang='lat' dir='ltr'><strong>damnatos:</strong></span> <span class='ocrx_word' id='word_1_47' title='bbox 744 1114 886 1166; x_wconf 86' lang='lat' dir='ltr'><strong>attamen</strong></span> <span class='ocrx_word' id='word_1_48' title='bbox 914 1121 1028 1166; x_wconf 84' lang='lat' dir='ltr'><strong>omncs</strong></span> <span class='ocrx_word' id='word_1_49' title='bbox 1051 1103 1154 1182; x_wconf 85' lang='lat' dir='ltr'><strong>pasiru</strong></span> <span class='ocrx_word' id='word_1_50' title='bbox 1177 1104 1218 1164; x_wconf 89' lang='lat' dir='ltr'><strong>ab</strong></span> <span class='ocrx_word' id='word_1_51' title='bbox 1234 1103 1392 1166; x_wconf 83' lang='lat' dir='ltr'><strong>aotluueis</strong></span> 
     </span>
     <span class='ocr_line' id='line_1_7' title="bbox 101 1213 1397 1292; baseline 0.002 -18"><span class='ocrx_word' id='word_1_52' title='bbox 101 1217 301 1289; x_wconf 83' lang='lat' dir='ltr'><strong>vexabantur,</strong></span> <span class='ocrx_word' id='word_1_53' title='bbox 329 1215 424 1278; x_wconf 86' lang='lat' dir='ltr'><strong>ruodo</strong></span> <span class='ocrx_word' id='word_1_54' title='bbox 440 1235 470 1278; x_wconf 91' lang='lat' dir='ltr'><strong>ru</strong></span> <span class='ocrx_word' id='word_1_55' title='bbox 498 1213 632 1277; x_wconf 84' lang='lat' dir='ltr'><strong>exilium</strong></span> <span class='ocrx_word' id='word_1_56' title='bbox 648 1216 747 1288; x_wconf 70' lang='lat' dir='ltr'><strong>missi.</strong></span> <span class='ocrx_word' id='word_1_57' title='bbox 775 1213 870 1276; x_wconf 89' lang='lat' dir='ltr'><strong>modo</strong></span> <span class='ocrx_word' id='word_1_58' title='bbox 885 1215 985 1276; x_wconf 85' lang='lat' dir='ltr'><strong>coacti</strong></span> <span class='ocrx_word' id='word_1_59' title='bbox 1011 1215 1054 1273; x_wconf 88' lang='lat' dir='ltr'><strong>ad</strong></span> <span class='ocrx_word' id='word_1_60' title='bbox 1071 1213 1274 1292; x_wconf 77' lang='lat' dir='ltr'><strong>imitandum,</strong></span> <span class='ocrx_word' id='word_1_61' title='bbox 1298 1213 1397 1278; x_wconf 84' lang='lat' dir='ltr'><strong>mode</strong></span> 
     </span>
     <span class='ocr_line' id='line_1_8' title="bbox 97 1313 1395 1404; baseline 0.001 -23"><span class='ocrx_word' id='word_1_62' title='bbox 97 1319 173 1382; x_wconf 85' lang='lat' dir='ltr'><strong>clam</strong></span> <span class='ocrx_word' id='word_1_63' title='bbox 189 1327 208 1384; x_wconf 69' lang='grc' dir='ltr'><strong>ἐι</strong></span> <span class='ocrx_word' id='word_1_64' title='bbox 225 1323 355 1404; x_wconf 83' lang='lat' dir='ltr'><strong>privatis</strong></span> <span class='ocrx_word' id='word_1_65' title='bbox 376 1319 539 1400; x_wconf 56' lang='lat' dir='ltr'><strong>interfecte</strong></span> <span class='ocrx_word' id='word_1_66' title='bbox 565 1321 624 1382; x_wconf 90' lang='lat' dir='ltr'><strong>hos</strong></span> <span class='ocrx_word' id='word_1_67' title='bbox 638 1313 748 1382; x_wconf 87' lang='lat' dir='ltr'><strong>au&#39;tem</strong></span> <span class='ocrx_word' id='word_1_68' title='bbox 766 1333 892 1382; x_wconf 85' lang='lat' dir='ltr'><strong>vetusta</strong></span> <span class='ocrx_word' id='word_1_69' title='bbox 907 1332 996 1380; x_wconf 84' lang='lat' dir='ltr'><strong>aeras</strong></span> <span class='ocrx_word' id='word_1_70' title='bbox 1011 1322 1108 1382; x_wconf 88' lang='lat' dir='ltr'><strong>etiarn</strong></span> <span class='ocrx_word' id='word_1_71' title='bbox 1137 1320 1294 1402; x_wconf 74' lang='lat' dir='ltr'><strong>Martyres</strong></span> <span class='ocrx_word' id='word_1_72' title='bbox 1310 1335 1395 1386; x_wconf 84' lang='lat' dir='ltr'><strong>rcere</strong></span> 
     </span>
     <span class='ocr_line' id='line_1_9' title="bbox 98 1403 1394 1510; baseline 0.001 -21"><span class='ocrx_word' id='word_1_73' title='bbox 98 1431 281 1509; x_wconf 85' lang='lat' dir='ltr'><strong>appellabat.</strong></span> <span class='ocrx_word' id='word_1_74' title='bbox 301 1403 426 1500; x_wconf 75' lang='lat' dir='ltr'><strong>‘Quod</strong></span> <span class='ocrx_word' id='word_1_75' title='bbox 442 1441 551 1491; x_wconf 89' lang='lat' dir='ltr'><strong>autern</strong></span> <span class='ocrx_word' id='word_1_76' title='bbox 569 1439 691 1510; x_wconf 86' lang='lat' dir='ltr'><strong>spectat</strong></span> <span class='ocrx_word' id='word_1_77' title='bbox 713 1447 847 1490; x_wconf 78' lang='lat' dir='ltr'><strong>causant</strong></span> <span class='ocrx_word' id='word_1_78' title='bbox 865 1429 1017 1508; x_wconf 79' lang='lat' dir='ltr'><strong>martyrii,</strong></span> <span class='ocrx_word' id='word_1_79' title='bbox 1034 1446 1158 1508; x_wconf 85' lang='lat' dir='ltr'><strong>semper</strong></span> <span class='ocrx_word' id='word_1_80' title='bbox 1181 1428 1317 1488; x_wconf 85' lang='lat' dir='ltr'><strong>sollicita</strong></span> <span class='ocrx_word' id='word_1_81' title='bbox 1333 1426 1394 1492; x_wconf 81' lang='lat' dir='ltr'><strong>sun</strong></span> 
     </span>
     <span class='ocr_line' id='line_1_10' title="bbox 98 1535 1396 1620; baseline 0 -22"><span class='ocrx_word' id='word_1_82' title='bbox 98 1535 245 1610; x_wconf 72' lang='lat' dir='ltr'><strong>Ecclesia,</strong></span> <span class='ocrx_word' id='word_1_83' title='bbox 263 1551 299 1602; x_wconf 86' lang='lat' dir='ltr'><strong>ut</strong></span> <span class='ocrx_word' id='word_1_84' title='bbox 324 1539 609 1620; x_wconf 73' lang='lat' dir='ltr'><strong>pseudomartyres</strong></span> <span class='ocrx_word' id='word_1_85' title='bbox 624 1545 644 1599; x_wconf 73' lang='grc' dir='ltr'><strong><em>ἡ</em></strong></span> <span class='ocrx_word' id='word_1_86' title='bbox 658 1539 745 1598; x_wconf 82' lang='lat' dir='ltr'><strong>reris</strong></span> <span class='ocrx_word' id='word_1_87' title='bbox 761 1537 956 1617; x_wconf 82' lang='lat' dir='ltr'><strong>Martyribus</strong></span> <span class='ocrx_word' id='word_1_88' title='bbox 972 1549 1158 1614; x_wconf 57' lang='lat' dir='ltr'><strong>secernerem</strong></span> <span class='ocrx_word' id='word_1_89' title='bbox 1182 1553 1287 1615; x_wconf 79' lang='lat' dir='ltr'><strong>ireque</strong></span> <span class='ocrx_word' id='word_1_90' title='bbox 1306 1535 1396 1616; x_wconf 81' lang='lat' dir='ltr'><strong>dagi-</strong></span> 
     </span>
     <span class='ocr_line' id='line_1_11' title="bbox 96 1643 1396 1726; baseline -0.001 -20"><span class='ocrx_word' id='word_1_91' title='bbox 96 1645 183 1707; x_wconf 76' lang='lat' dir='ltr'><strong>tiosos</strong></span> <span class='ocrx_word' id='word_1_92' title='bbox 199 1647 404 1708; x_wconf 77' lang='lat' dir='ltr'><strong>Christianos</strong></span> <span class='ocrx_word' id='word_1_93' title='bbox 429 1648 575 1708; x_wconf 87' lang='lat' dir='ltr'><strong>homines</strong></span> <span class='ocrx_word' id='word_1_94' title='bbox 592 1645 772 1726; x_wconf 80' lang='lat' dir='ltr'><strong>Martyrum</strong></span> <span class='ocrx_word' id='word_1_95' title='bbox 789 1644 879 1706; x_wconf 85' lang='lat' dir='ltr'><strong>l&#39;ast&#39;rs</strong></span> <span class='ocrx_word' id='word_1_96' title='bbox 901 1646 1079 1724; x_wconf 76' lang='lat' dir='ltr'><strong>adscripsit,</strong></span> <span class='ocrx_word' id='word_1_97' title='bbox 1095 1646 1191 1706; x_wconf 85' lang='lat' dir='ltr'><strong>etiarn</strong></span> <span class='ocrx_word' id='word_1_98' title='bbox 1215 1647 1240 1705; x_wconf 87' lang='lat' dir='ltr'><strong>si</strong></span> <span class='ocrx_word' id='word_1_99' title='bbox 1258 1643 1396 1709; x_wconf 76' lang='lat' dir='ltr'><strong>lursseut</strong></span> 
     </span>
     <span class='ocr_line' id='line_1_12' title="bbox 93 1755 1394 1844; baseline -0.001 -27"><span class='ocrx_word' id='word_1_100' title='bbox 93 1757 129 1818; x_wconf 87' lang='lat' dir='ltr'><strong>ab</strong></span> <span class='ocrx_word' id='word_1_101' title='bbox 143 1759 305 1821; x_wconf 86' lang='lat' dir='ltr'><strong>erlhnicis</strong></span> <span class='ocrx_word' id='word_1_102' title='bbox 331 1758 485 1820; x_wconf 86' lang='lat' dir='ltr'><strong>damuati.</strong></span> <span class='ocrx_word' id='word_1_103' title='bbox 530 1757 677 1844; x_wconf 78' lang='lat' dir='ltr'><strong>Taurum</strong></span> <span class='ocrx_word' id='word_1_104' title='bbox 695 1757 727 1818; x_wconf 89' lang='lat' dir='ltr'><strong>in</strong></span> <span class='ocrx_word' id='word_1_105' title='bbox 759 1755 903 1818; x_wconf 72' lang='lat' dir='ltr'><strong>aceresia</strong></span> <span class='ocrx_word' id='word_1_106' title='bbox 919 1769 1077 1836; x_wconf 86' lang='lat' dir='ltr'><strong>tanquam</strong></span> <span class='ocrx_word' id='word_1_107' title='bbox 1094 1755 1252 1836; x_wconf 79' lang='lat' dir='ltr'><strong>Martyres</strong></span> <span class='ocrx_word' id='word_1_108' title='bbox 1274 1755 1394 1836; x_wconf 80' lang='lat' dir='ltr'><strong>baberi,</strong></span> 
     </span>
     <span class='ocr_line' id='line_1_13' title="bbox 91 1863 1395 1950; baseline -0.003 -22"><span class='ocrx_word' id='word_1_109' title='bbox 91 1877 122 1926; x_wconf 87' lang='lat' dir='ltr'><strong>et</strong></span> <span class='ocrx_word' id='word_1_110' title='bbox 132 1867 190 1930; x_wconf 86' lang='lat' dir='ltr'><strong>coli</strong></span> <span class='ocrx_word' id='word_1_111' title='bbox 207 1880 458 1944; x_wconf 77' lang='lat' dir='ltr'><strong>cotrsneverunt,</strong></span> <span class='ocrx_word' id='word_1_112' title='bbox 474 1868 529 1948; x_wconf 87' lang='lat' dir='ltr'><strong>qui</strong></span> <span class='ocrx_word' id='word_1_113' title='bbox 548 1887 602 1948; x_wconf 88' lang='lat' dir='ltr'><strong>pro</strong></span> <span class='ocrx_word' id='word_1_114' title='bbox 615 1865 737 1927; x_wconf 68' lang='lat' dir='ltr'><strong>Christi</strong></span> <span class='ocrx_word' id='word_1_115' title='bbox 754 1863 827 1940; x_wconf 87' lang='lat' dir='ltr'><strong>lide,</strong></span> <span class='ocrx_word' id='word_1_116' title='bbox 844 1881 906 1924; x_wconf 92' lang='lat' dir='ltr'><strong>non</strong></span> <span class='ocrx_word' id='word_1_117' title='bbox 936 1867 966 1926; x_wconf 87' lang='lat' dir='ltr'><strong>in</strong></span> <span class='ocrx_word' id='word_1_118' title='bbox 987 1883 1121 1943; x_wconf 84' lang='lat' dir='ltr'><strong>poenam</strong></span> <span class='ocrx_word' id='word_1_119' title='bbox 1138 1864 1304 1940; x_wconf 87' lang='lat' dir='ltr'><strong>scelerum,</strong></span> <span class='ocrx_word' id='word_1_120' title='bbox 1321 1885 1395 1950; x_wconf 86' lang='lat' dir='ltr'><strong>san·</strong></span> 
     </span>
     <span class='ocr_line' id='line_1_14' title="bbox 91 1971 1395 2054; baseline 0.003 -22"><span class='ocrx_word' id='word_1_121' title='bbox 91 1989 216 2050; x_wconf 83' lang='lat' dir='ltr'><strong>gruuent</strong></span> <span class='ocrx_word' id='word_1_122' title='bbox 233 1974 429 2038; x_wconf 80' lang='lat' dir='ltr'><strong>effuderunt.</strong></span> <span class='ocrx_word' id='word_1_123' title='bbox 475 1976 560 2038; x_wconf 87' lang='lat' dir='ltr'><strong>Hinc</strong></span> <span class='ocrx_word' id='word_1_124' title='bbox 574 1975 838 2038; x_wconf 86' lang='lat' dir='ltr'><strong>constantissima</strong></span> <span class='ocrx_word' id='word_1_125' title='bbox 863 1993 989 2054; x_wconf 81' lang='lat' dir='ltr'><strong>senrpcr</strong></span> <span class='ocrx_word' id='word_1_126' title='bbox 1004 1971 1064 2036; x_wconf 86' lang='lat' dir='ltr'><strong>suit</strong></span> <span class='ocrx_word' id='word_1_127' title='bbox 1087 1973 1260 2054; x_wconf 73' lang='lat' dir='ltr'><strong>disciplina</strong></span> <span class='ocrx_word' id='word_1_128' title='bbox 1286 1974 1395 2038; x_wconf 77' lang='lat' dir='ltr'><strong>Mecla-</strong></span> 
     </span>
     <span class='ocr_line' id='line_1_15' title="bbox 88 2077 1395 2166; baseline 0.008 -30"><span class='ocrx_word' id='word_1_129' title='bbox 88 2077 156 2151; x_wconf 79' lang='lat' dir='ltr'><strong>sr&#39;ae,</strong></span> <span class='ocrx_word' id='word_1_130' title='bbox 172 2097 261 2160; x_wconf 85' lang='lat' dir='ltr'><strong>quae</strong></span> <span class='ocrx_word' id='word_1_131' title='bbox 279 2081 324 2142; x_wconf 89' lang='lat' dir='ltr'><strong>nti</strong></span> <span class='ocrx_word' id='word_1_132' title='bbox 340 2085 436 2157; x_wconf 84' lang='lat' dir='ltr'><strong>cern,</strong></span> <span class='ocrx_word' id='word_1_133' title='bbox 464 2099 503 2143; x_wconf 85' lang='lat' dir='ltr'><strong>ue</strong></span> <span class='ocrx_word' id='word_1_134' title='bbox 520 2101 592 2144; x_wconf 87' lang='lat' dir='ltr'><strong>rere</strong></span> <span class='ocrx_word' id='word_1_135' title='bbox 608 2095 791 2144; x_wconf 80' lang='lat' dir='ltr'><strong>sauctorum</strong></span> <span class='ocrx_word' id='word_1_136' title='bbox 809 2082 936 2144; x_wconf 87' lang='lat' dir='ltr'><strong>animas</strong></span> <span class='ocrx_word' id='word_1_137' title='bbox 963 2101 1026 2143; x_wconf 93' lang='lat' dir='ltr'><strong>non</strong></span> <span class='ocrx_word' id='word_1_138' title='bbox 1043 2081 1230 2159; x_wconf 80' lang='lat' dir='ltr'><strong>coleremus,</strong></span> <span class='ocrx_word' id='word_1_139' title='bbox 1248 2083 1291 2144; x_wconf 92' lang='lat' dir='ltr'><strong>ita</strong></span> <span class='ocrx_word' id='word_1_140' title='bbox 1308 2103 1395 2166; x_wconf 86' lang='lat' dir='ltr'><strong>prae·</strong></span> 
     </span>
     <span class='ocr_line' id='line_1_16' title="bbox 87 2189 1395 2274; baseline 0.011 -30"><span class='ocrx_word' id='word_1_141' title='bbox 87 2189 173 2265; x_wconf 85' lang='lat' dir='ltr'><strong>cepit,</strong></span> <span class='ocrx_word' id='word_1_142' title='bbox 191 2201 227 2250; x_wconf 91' lang='lat' dir='ltr'><strong>ut</strong></span> <span class='ocrx_word' id='word_1_143' title='bbox 243 2191 373 2253; x_wconf 76' lang='lat' dir='ltr'><strong>a&#39;cultu</strong></span> <span class='ocrx_word' id='word_1_144' title='bbox 390 2189 519 2252; x_wconf 84' lang='lat' dir='ltr'><strong>illarum</strong></span> <span class='ocrx_word' id='word_1_145' title='bbox 534 2191 776 2266; x_wconf 80' lang='lat' dir='ltr'><strong>abstineremus,</strong></span> <span class='ocrx_word' id='word_1_146' title='bbox 792 2209 874 2270; x_wconf 81' lang='lat' dir='ltr'><strong>ortas</strong></span> <span class='ocrx_word' id='word_1_147' title='bbox 891 2191 1120 2274; x_wconf 85' lang='lat' dir='ltr'><strong>in·Beatorum</strong></span> <span class='ocrx_word' id='word_1_148' title='bbox 1135 2211 1267 2256; x_wconf 85' lang='lat' dir='ltr'><strong>tunneto</strong></span> <span class='ocrx_word' id='word_1_149' title='bbox 1285 2192 1395 2258; x_wconf 76' lang='lat' dir='ltr'><strong>Eccle-</strong></span> 
     </span>
     <span class='ocr_line' id='line_1_17' title="bbox 86 2297 1395 2385; baseline 0.009 -29"><span class='ocrx_word' id='word_1_150' title='bbox 86 2297 129 2357; x_wconf 84' lang='lat' dir='ltr'><strong>sia</strong></span> <span class='ocrx_word' id='word_1_151' title='bbox 145 2299 215 2379; x_wconf 87' lang='lat' dir='ltr'><strong>ipsa</strong></span> <span class='ocrx_word' id='word_1_152' title='bbox 232 2299 387 2382; x_wconf 88' lang='lat' dir='ltr'><strong>prudenti</strong></span> <span class='ocrx_word' id='word_1_153' title='bbox 399 2301 520 2384; x_wconf 72' lang='lat' dir='ltr'><strong>sedicio</strong></span> <span class='ocrx_word' id='word_1_154' title='bbox 543 2321 606 2362; x_wconf 91' lang='lat' dir='ltr'><strong>nou</strong></span> <span class='ocrx_word' id='word_1_155' title='bbox 623 2301 853 2382; x_wconf 75' lang='lat' dir='ltr'><strong>rescripsisset.</strong></span> <span class='ocrx_word' id='word_1_156' title='bbox 898 2301 989 2364; x_wconf 84' lang='lat' dir='ltr'><strong>Haec</strong></span> <span class='ocrx_word' id='word_1_157' title='bbox 1004 2321 1094 2384; x_wconf 87' lang='lat' dir='ltr'><strong>porro</strong></span> <span class='ocrx_word' id='word_1_158' title='bbox 1116 2303 1261 2366; x_wconf 83' lang='lat' dir='ltr'><strong>delinitio</strong></span> <span class='ocrx_word' id='word_1_159' title='bbox 1278 2304 1395 2385; x_wconf 85' lang='lat' dir='ltr'><strong>peudo-</strong></span> 
     </span>
     <span class='ocr_line' id='line_1_18' title="bbox 85 2405 1397 2492; baseline 0.003 -26"><span class='ocrx_word' id='word_1_160' title='bbox 85 2405 133 2467; x_wconf 88' lang='lat' dir='ltr'><strong>bet</strong></span> <span class='ocrx_word' id='word_1_161' title='bbox 150 2409 229 2472; x_wconf 90' lang='lat' dir='ltr'><strong>olim</strong></span> <span class='ocrx_word' id='word_1_162' title='bbox 258 2412 302 2473; x_wconf 91' lang='lat' dir='ltr'><strong>ab</strong></span> <span class='ocrx_word' id='word_1_163' title='bbox 322 2410 503 2492; x_wconf 72' lang='lat' dir='ltr'><strong>Episcopatu</strong></span> <span class='ocrx_word' id='word_1_164' title='bbox 526 2411 657 2492; x_wconf 81' lang='lat' dir='ltr'><strong>judicio,</strong></span> <span class='ocrx_word' id='word_1_165' title='bbox 684 2411 738 2488; x_wconf 88' lang='lat' dir='ltr'><strong>qui</strong></span> <span class='ocrx_word' id='word_1_166' title='bbox 766 2409 799 2470; x_wconf 88' lang='lat' dir='ltr'><strong>iu</strong></span> <span class='ocrx_word' id='word_1_167' title='bbox 826 2409 968 2489; x_wconf 88' lang='lat' dir='ltr'><strong>Synodis</strong></span> <span class='ocrx_word' id='word_1_168' title='bbox 994 2427 1057 2471; x_wconf 88' lang='lat' dir='ltr'><strong>uua</strong></span> <span class='ocrx_word' id='word_1_169' title='bbox 1074 2429 1150 2472; x_wconf 88' lang='lat' dir='ltr'><strong>curn</strong></span> <span class='ocrx_word' id='word_1_170' title='bbox 1176 2412 1309 2474; x_wconf 76' lang='lat' dir='ltr'><strong>Clericis</strong></span> <span class='ocrx_word' id='word_1_171' title='bbox 1326 2414 1397 2478; x_wconf 69' lang='lat' dir='ltr'><strong>suin</strong></span> 
     </span>
     <span class='ocr_line' id='line_1_19' title="bbox 83 2517 1398 2602; baseline 0.008 -28"><span class='ocrx_word' id='word_1_172' title='bbox 83 2533 214 2579; x_wconf 86' lang='lat' dir='ltr'><strong>causam</strong></span> <span class='ocrx_word' id='word_1_173' title='bbox 231 2519 479 2592; x_wconf 81' lang='lat' dir='ltr'><strong>exarninabaut,</strong></span> <span class='ocrx_word' id='word_1_174' title='bbox 496 2535 534 2579; x_wconf 87' lang='lat' dir='ltr'><strong>ac</strong></span> <span class='ocrx_word' id='word_1_175' title='bbox 549 2517 746 2599; x_wconf 69' lang='lat' dir='ltr'><strong>probabant.⁴</strong></span> <span class='ocrx_word' id='word_1_176' title='bbox 780 2517 885 2580; x_wconf 87' lang='lat' dir='ltr'><strong>Immo</strong></span> <span class='ocrx_word' id='word_1_177' title='bbox 899 2531 931 2579; x_wconf 88' lang='lat' dir='ltr'><strong>et</strong></span> <span class='ocrx_word' id='word_1_178' title='bbox 948 2538 1016 2582; x_wconf 84' lang='lat' dir='ltr'><strong>uros</strong></span> <span class='ocrx_word' id='word_1_179' title='bbox 1031 2531 1119 2596; x_wconf 63' lang='lat' dir='ltr'><strong>erec·</strong></span> <span class='ocrx_word' id='word_1_180' title='bbox 1134 2524 1315 2602; x_wconf 83' lang='lat' dir='ltr'><strong>caeteroqui</strong></span> <span class='ocrx_word' id='word_1_181' title='bbox 1331 2524 1398 2591; x_wconf 79' lang='lat' dir='ltr'><strong>sim</strong></span> 
     </span>
     <span class='ocr_line' id='line_1_20' title="bbox 81 2619 1403 2712; baseline 0.009 -30"><span class='ocrx_word' id='word_1_182' title='bbox 81 2621 211 2700; x_wconf 79' lang='lat' dir='ltr'><strong>galeris,</strong></span> <span class='ocrx_word' id='word_1_183' title='bbox 228 2624 264 2685; x_wconf 90' lang='lat' dir='ltr'><strong>in</strong></span> <span class='ocrx_word' id='word_1_184' title='bbox 295 2619 450 2686; x_wconf 79' lang='lat' dir='ltr'><strong>Al&#39;riooua</strong></span> <span class='ocrx_word' id='word_1_185' title='bbox 470 2624 623 2700; x_wconf 74' lang='lat' dir='ltr'><strong>licclesia,</strong></span> <span class='ocrx_word' id='word_1_186' title='bbox 651 2639 685 2688; x_wconf 88' lang='lat' dir='ltr'><strong>ur</strong></span> <span class='ocrx_word' id='word_1_187' title='bbox 695 2624 816 2708; x_wconf 66' lang='lat' dir='ltr'><strong>judicio</strong></span> <span class='ocrx_word' id='word_1_188' title='bbox 844 2626 996 2688; x_wconf 89' lang='lat' dir='ltr'><strong>Primatis</strong></span> <span class='ocrx_word' id='word_1_189' title='bbox 1011 2626 1051 2692; x_wconf 88' lang='lat' dir='ltr'><strong>de</strong></span> <span class='ocrx_word' id='word_1_190' title='bbox 1076 2628 1210 2691; x_wconf 83' lang='lat' dir='ltr'><strong>consilto</strong></span> <span class='ocrx_word' id='word_1_191' title='bbox 1231 2630 1403 2712; x_wconf 74' lang='lat' dir='ltr'><strong>Sull&#39;raga·¹</strong></span> 
     </span>
     <span class='ocr_line' id='line_1_21' title="bbox 81 2730 1394 2822; baseline 0.011 -38"><span class='ocrx_word' id='word_1_192' title='bbox 81 2743 214 2790; x_wconf 85' lang='lat' dir='ltr'><strong>neorutn</strong></span> <span class='ocrx_word' id='word_1_193' title='bbox 235 2730 475 2822; x_wconf 85' lang='lat' dir='ltr'><strong>prorurtniaturi</strong></span> <span class='ocrx_word' id='word_1_194' title='bbox 498 2749 536 2790; x_wconf 85' lang='lat' dir='ltr'><strong>ca</strong></span> <span class='ocrx_word' id='word_1_195' title='bbox 552 2730 698 2794; x_wconf 83' lang='lat' dir='ltr'><strong>delinitur</strong></span> <span class='ocrx_word' id='word_1_196' title='bbox 715 2747 935 2811; x_wconf 76' lang='lat' dir='ltr'><strong>reservaretur,</strong></span> <span class='ocrx_word' id='word_1_197' title='bbox 961 2736 1005 2796; x_wconf 84' lang='lat' dir='ltr'><strong>uri</strong></span> <span class='ocrx_word' id='word_1_198' title='bbox 1022 2735 1191 2796; x_wconf 81' lang='lat' dir='ltr'><strong>deducitur</strong></span> <span class='ocrx_word' id='word_1_199' title='bbox 1206 2755 1247 2798; x_wconf 85' lang='lat' dir='ltr'><strong>ex</strong></span> <span class='ocrx_word' id='word_1_200' title='bbox 1264 2739 1394 2818; x_wconf 72' lang='lat' dir='ltr'><strong>Augus-</strong></span> 
     </span>
     <span class='ocr_line' id='line_1_22' title="bbox 80 2835 1403 2924; baseline 0.011 -30"><span class='ocrx_word' id='word_1_201' title='bbox 80 2835 143 2896; x_wconf 86' lang='lat' dir='ltr'><strong>tiuu</strong></span> <span class='ocrx_word' id='word_1_202' title='bbox 160 2855 194 2899; x_wconf 91' lang='lat' dir='ltr'><strong>tu</strong></span> <span class='ocrx_word' id='word_1_203' title='bbox 214 2838 391 2899; x_wconf 66' lang='lat' dir='ltr'><strong>Brarriculo</strong></span> <span class='ocrx_word' id='word_1_204' title='bbox 404 2838 611 2900; x_wconf 83' lang='lat' dir='ltr'><strong>collationum</strong></span> <span class='ocrx_word' id='word_1_205' title='bbox 627 2859 703 2902; x_wconf 88' lang='lat' dir='ltr'><strong>curu</strong></span> <span class='ocrx_word' id='word_1_206' title='bbox 719 2841 908 2917; x_wconf 73' lang='lat' dir='ltr'><strong>Dorienses,</strong></span> <span class='ocrx_word' id='word_1_207' title='bbox 924 2843 1095 2906; x_wconf 84' lang='lat' dir='ltr'><strong>collatione</strong></span> <span class='ocrx_word' id='word_1_208' title='bbox 1109 2843 1139 2904; x_wconf 87' lang='lat'><strong>3.</strong></span> <span class='ocrx_word' id='word_1_209' title='bbox 1156 2862 1225 2924; x_wconf 88' lang='lat' dir='ltr'><strong>cap.</strong></span> <span class='ocrx_word' id='word_1_210' title='bbox 1246 2846 1292 2906; x_wconf 89' lang='lat'><strong>13.</strong></span> <span class='ocrx_word' id='word_1_211' title='bbox 1318 2846 1403 2924; x_wconf 68' lang='lat' dir='ltr'><strong>Post</strong></span> 
     </span>
     <span class='ocr_line' id='line_1_23' title="bbox 79 2941 1394 3030; baseline 0.01 -28"><span class='ocrx_word' id='word_1_212' title='bbox 79 2941 317 3028; x_wconf 81' lang='lat' dir='ltr'><strong>Episcopalern</strong></span> <span class='ocrx_word' id='word_1_213' title='bbox 343 2946 563 3010; x_wconf 81' lang='lat' dir='ltr'><strong>definitionem</strong></span> <span class='ocrx_word' id='word_1_214' title='bbox 580 2950 721 3010; x_wconf 78' lang='lat' dir='ltr'><strong>Sanetus</strong></span> <span class='ocrx_word' id='word_1_215' title='bbox 747 2951 921 3030; x_wconf 76' lang='lat' dir='ltr'><strong>quisquam</strong></span> <span class='ocrx_word' id='word_1_216' title='bbox 938 2963 1064 3014; x_wconf 89' lang='lat' dir='ltr'><strong>taturutt</strong></span> <span class='ocrx_word' id='word_1_217' title='bbox 1092 2953 1124 3012; x_wconf 90' lang='lat' dir='ltr'><strong>irr</strong></span> <span class='ocrx_word' id='word_1_218' title='bbox 1147 2951 1289 3014; x_wconf 86' lang='lat' dir='ltr'><strong>llioecesi</strong></span> <span class='ocrx_word' id='word_1_219' title='bbox 1311 2955 1394 3016; x_wconf 80' lang='lat' dir='ltr'><strong>colet</strong></span> 
     </span>
     <span class='ocr_line' id='line_1_24' title="bbox 76 3039 1400 3147; baseline 0.008 -33"><span class='ocrx_word' id='word_1_220' title='bbox 76 3051 177 3131; x_wconf 83' lang='lat' dir='ltr'><strong>batur,</strong></span> <span class='ocrx_word' id='word_1_221' title='bbox 196 3072 275 3117; x_wconf 88' lang='lat' dir='ltr'><strong>turn</strong></span> <span class='ocrx_word' id='word_1_222' title='bbox 304 3055 439 3118; x_wconf 88' lang='lat' dir='ltr'><strong>demum</strong></span> <span class='ocrx_word' id='word_1_223' title='bbox 455 3057 496 3116; x_wconf 87' lang='lat' dir='ltr'><strong>ad</strong></span> <span class='ocrx_word' id='word_1_224' title='bbox 522 3055 604 3116; x_wconf 88' lang='lat' dir='ltr'><strong>altas</strong></span> <span class='ocrx_word' id='word_1_225' title='bbox 632 3057 810 3134; x_wconf 69' lang='lat' dir='ltr'><strong>necesses,</strong></span> <span class='ocrx_word' id='word_1_226' title='bbox 838 3072 892 3147; x_wconf 78' lang='lat' dir='ltr'><strong>aut</strong></span> <span class='ocrx_word' id='word_1_227' title='bbox 910 3059 1097 3124; x_wconf 84' lang='lat' dir='ltr'><strong>Provincias</strong></span> <span class='ocrx_word' id='word_1_228' title='bbox 1122 3039 1212 3124; x_wconf 88' lang='lat' dir='ltr'><strong>cultu</strong></span> <span class='ocrx_word' id='word_1_229' title='bbox 1237 3063 1400 3145; x_wconf 55' lang='lat' dir='ltr'><strong>traductos</strong></span> 
     </span>
     <span class='ocr_line' id='line_1_25' title="bbox 75 3163 1439 3250; baseline 0.015 -30"><span class='ocrx_word' id='word_1_230' title='bbox 75 3179 147 3226; x_wconf 88' lang='lat' dir='ltr'><strong>erun</strong></span> <span class='ocrx_word' id='word_1_231' title='bbox 167 3181 226 3244; x_wconf 85' lang='lat' dir='ltr'><strong>per</strong></span> <span class='ocrx_word' id='word_1_232' title='bbox 253 3163 441 3246; x_wconf 80' lang='lat' dir='ltr'><strong>encyclicas</strong></span> <span class='ocrx_word' id='word_1_233' title='bbox 458 3163 540 3226; x_wconf 87' lang='lat' dir='ltr'><strong>uliae</strong></span> <span class='ocrx_word' id='word_1_234' title='bbox 570 3163 736 3226; x_wconf 75' lang='lat' dir='ltr'><strong>Ecclesiae</strong></span> <span class='ocrx_word' id='word_1_235' title='bbox 759 3167 932 3248; x_wconf 87' lang='lat' dir='ltr'><strong>dejudtero</strong></span> <span class='ocrx_word' id='word_1_236' title='bbox 960 3168 1110 3250; x_wconf 81' lang='lat' dir='ltr'><strong>Episcopi</strong></span> <span class='ocrx_word' id='word_1_237' title='bbox 1138 3169 1397 3240; x_wconf 62' lang='lat' dir='ltr'><strong>testanteesaia</strong></span> <span class='ocrx_word' id='word_1_238' title='bbox 1436 3223 1439 3228; x_wconf 89' lang='lat'>-</span> 
     </span>
     <span class='ocr_line' id='line_1_26' title="bbox 72 3277 1395 3361; baseline 0.012 -28"><span class='ocrx_word' id='word_1_239' title='bbox 72 3278 234 3338; x_wconf 71' lang='lat' dir='ltr'><strong>certiores.</strong></span> <span class='ocrx_word' id='word_1_240' title='bbox 249 3277 479 3360; x_wconf 76' lang='lat' dir='ltr'><strong>judicruuuyue</strong></span> <span class='ocrx_word' id='word_1_241' title='bbox 497 3279 601 3358; x_wconf 81' lang='lat' dir='ltr'><strong>ipsum</strong></span> <span class='ocrx_word' id='word_1_242' title='bbox 621 3279 849 3356; x_wconf 73' lang='lat' dir='ltr'><strong>probavissent.</strong></span> <span class='ocrx_word' id='word_1_243' title='bbox 897 3279 1071 3361; x_wconf 83' lang='lat' dir='ltr'><strong>Praecipua</strong></span> <span class='ocrx_word' id='word_1_244' title='bbox 1087 3297 1195 3346; x_wconf 88' lang='lat' dir='ltr'><strong>autem</strong></span> <span class='ocrx_word' id='word_1_245' title='bbox 1214 3285 1395 3352; x_wconf 73' lang='lat' dir='ltr'><strong>lralrebauul</strong></span> 
     </span>
     <span class='ocr_line' id='line_1_27' title="bbox 72 3388 1393 3474; baseline 0.011 -28"><span class='ocrx_word' id='word_1_246' title='bbox 72 3389 152 3448; x_wconf 85' lang='lat' dir='ltr'><strong>ratio</strong></span> <span class='ocrx_word' id='word_1_247' title='bbox 170 3389 352 3452; x_wconf 82' lang='lat' dir='ltr'><strong>Prnrtifr&#39;ris</strong></span> <span class='ocrx_word' id='word_1_248' title='bbox 379 3389 522 3462; x_wconf 80' lang='lat' dir='ltr'><strong>Maximi,</strong></span> <span class='ocrx_word' id='word_1_249' title='bbox 541 3388 581 3450; x_wconf 87' lang='lat' dir='ltr'><strong>od</strong></span> <span class='ocrx_word' id='word_1_250' title='bbox 598 3408 694 3469; x_wconf 80' lang='lat' dir='ltr'><strong>quern</strong></span> <span class='ocrx_word' id='word_1_251' title='bbox 721 3403 793 3452; x_wconf 88' lang='lat' dir='ltr'><strong>octa</strong></span> <span class='ocrx_word' id='word_1_252' title='bbox 820 3389 1051 3471; x_wconf 76' lang='lat' dir='ltr'><strong>Myriscoporurn</strong></span> <span class='ocrx_word' id='word_1_253' title='bbox 1078 3395 1257 3474; x_wconf 82' lang='lat' dir='ltr'><strong>aliquando</strong></span> <span class='ocrx_word' id='word_1_254' title='bbox 1285 3399 1393 3460; x_wconf 87' lang='lat' dir='ltr'><strong>refere-</strong></span> 
     </span>
     <span class='ocr_line' id='line_1_28' title="bbox 71 3493 1398 3588; baseline 0.011 -32"><span class='ocrx_word' id='word_1_255' title='bbox 71 3493 201 3574; x_wconf 84' lang='lat' dir='ltr'><strong>bantur,</strong></span> <span class='ocrx_word' id='word_1_256' title='bbox 222 3512 261 3558; x_wconf 90' lang='lat' dir='ltr'><strong>ut</strong></span> <span class='ocrx_word' id='word_1_257' title='bbox 280 3510 389 3558; x_wconf 88' lang='lat' dir='ltr'><strong>statun</strong></span> <span class='ocrx_word' id='word_1_258' title='bbox 417 3515 454 3558; x_wconf 86' lang='lat' dir='ltr'><strong>ac</strong></span> <span class='ocrx_word' id='word_1_259' title='bbox 472 3500 513 3558; x_wconf 87' lang='lat' dir='ltr'><strong>ab</strong></span> <span class='ocrx_word' id='word_1_260' title='bbox 529 3516 566 3558; x_wconf 87' lang='lat' dir='ltr'><strong>eo</strong></span> <span class='ocrx_word' id='word_1_261' title='bbox 581 3513 679 3558; x_wconf 82' lang='lat' dir='ltr'><strong>etrum</strong></span> <span class='ocrx_word' id='word_1_262' title='bbox 698 3500 912 3578; x_wconf 77' lang='lat' dir='ltr'><strong>preberentur,</strong></span> <span class='ocrx_word' id='word_1_263' title='bbox 937 3501 967 3562; x_wconf 91' lang='lat' dir='ltr'><strong>in</strong></span> <span class='ocrx_word' id='word_1_264' title='bbox 988 3504 1135 3564; x_wconf 82' lang='lat' dir='ltr'><strong>universa</strong></span> <span class='ocrx_word' id='word_1_265' title='bbox 1162 3503 1311 3568; x_wconf 79' lang='lat' dir='ltr'><strong>Ecclesia</strong></span> <span class='ocrx_word' id='word_1_266' title='bbox 1325 3507 1398 3588; x_wconf 12' lang='lat' dir='ltr'><strong>cot!</strong></span> 
     </span>
     <span class='ocr_line' id='line_1_29' title="bbox 69 3605 1396 3690; baseline 0.005 -24"><span class='ocrx_word' id='word_1_267' title='bbox 69 3616 120 3668; x_wconf 84' lang='lat' dir='ltr'><strong>tus</strong></span> <span class='ocrx_word' id='word_1_268' title='bbox 135 3607 378 3668; x_wconf 86' lang='lat' dir='ltr'><strong>celebraretur.</strong></span> <span class='ocrx_word' id='word_1_269' title='bbox 426 3605 477 3668; x_wconf 72' lang='lat' dir='ltr'><strong>Hx</strong></span> <span class='ocrx_word' id='word_1_270' title='bbox 493 3625 558 3686; x_wconf 87' lang='lat' dir='ltr'><strong>quo</strong></span> <span class='ocrx_word' id='word_1_271' title='bbox 575 3605 684 3690; x_wconf 82' lang='lat' dir='ltr'><strong>liquet,</strong></span> <span class='ocrx_word' id='word_1_272' title='bbox 708 3608 775 3687; x_wconf 88' lang='lat' dir='ltr'><strong>jant</strong></span> <span class='ocrx_word' id='word_1_273' title='bbox 792 3620 860 3668; x_wconf 86' lang='lat' dir='ltr'><strong>turn</strong></span> <span class='ocrx_word' id='word_1_274' title='bbox 877 3610 1024 3688; x_wconf 85' lang='lat' dir='ltr'><strong>agnitum</strong></span> <span class='ocrx_word' id='word_1_275' title='bbox 1052 3607 1150 3672; x_wconf 78' lang='lat' dir='ltr'><strong>sitisse</strong></span> <span class='ocrx_word' id='word_1_276' title='bbox 1169 3609 1290 3690; x_wconf 85' lang='lat' dir='ltr'><strong>duplex</strong></span> <span class='ocrx_word' id='word_1_277' title='bbox 1317 3613 1396 3678; x_wconf 79' lang='lat' dir='ltr'><strong>Bea-</strong></span> 
     </span>
     <span class='ocr_line' id='line_1_30' title="bbox 69 3716 1394 3800; baseline 0.008 -25"><span class='ocrx_word' id='word_1_278' title='bbox 69 3727 176 3780; x_wconf 86' lang='lat' dir='ltr'><strong>tornm</strong></span> <span class='ocrx_word' id='word_1_279' title='bbox 194 3736 322 3799; x_wconf 75' lang='lat' dir='ltr'><strong>gertus,</strong></span> <span class='ocrx_word' id='word_1_280' title='bbox 338 3736 475 3797; x_wconf 83' lang='lat' dir='ltr'><strong>quornm</strong></span> <span class='ocrx_word' id='word_1_281' title='bbox 491 3717 593 3798; x_wconf 87' lang='lat' dir='ltr'><strong>olupn</strong></span> <span class='ocrx_word' id='word_1_282' title='bbox 612 3716 907 3800; x_wconf 43' lang='lat' dir='ltr'><strong>tales-lrobebautur</strong></span> <span class='ocrx_word' id='word_1_283' title='bbox 923 3723 955 3778; x_wconf 92' lang='lat' dir='ltr'><strong>in</strong></span> <span class='ocrx_word' id='word_1_284' title='bbox 968 3737 1038 3798; x_wconf 57' lang='lat' dir='ltr'><strong>‚una</strong></span> <span class='ocrx_word' id='word_1_285' title='bbox 1058 3733 1193 3797; x_wconf 79' lang='lat' dir='ltr'><strong>tantum,</strong></span> <span class='ocrx_word' id='word_1_286' title='bbox 1217 3739 1272 3790; x_wconf 87' lang='lat' dir='ltr'><strong>aut</strong></span> <span class='ocrx_word' id='word_1_287' title='bbox 1292 3724 1394 3794; x_wconf 76' lang='lat' dir='ltr'><strong>altera</strong></span> 
     </span>
     <span class='ocr_line' id='line_1_31' title="bbox 66 3807 1392 3913; baseline 0.006 -29"><span class='ocrx_word' id='word_1_288' title='bbox 66 3821 241 3897; x_wconf 76' lang='lat' dir='ltr'><strong>Ecclesia,</strong></span> <span class='ocrx_word' id='word_1_289' title='bbox 262 3807 418 3886; x_wconf 85' lang='lat' dir='ltr'><strong>nimirum</strong></span> <span class='ocrx_word' id='word_1_290' title='bbox 435 3837 505 3904; x_wconf 82' lang='lat' dir='ltr'><strong>post</strong></span> <span class='ocrx_word' id='word_1_291' title='bbox 521 3824 681 3906; x_wconf 76' lang='lat' dir='ltr'><strong>judicium</strong></span> <span class='ocrx_word' id='word_1_292' title='bbox 700 3825 804 3898; x_wconf 79' lang='lat' dir='ltr'><strong>utrius,</strong></span> <span class='ocrx_word' id='word_1_293' title='bbox 821 3839 878 3888; x_wconf 91' lang='lat' dir='ltr'><strong>aut</strong></span> <span class='ocrx_word' id='word_1_294' title='bbox 901 3826 1033 3888; x_wconf 87' lang='lat' dir='ltr'><strong>alterius</strong></span> <span class='ocrx_word' id='word_1_295' title='bbox 1052 3827 1213 3912; x_wconf 77' lang='lat' dir='ltr'><strong>lipiscopi,</strong></span> <span class='ocrx_word' id='word_1_296' title='bbox 1228 3835 1329 3913; x_wconf 75' lang='lat' dir='ltr'><strong>aliqui</strong></span> <span class='ocrx_word' id='word_1_297' title='bbox 1349 3849 1392 3898; x_wconf 68' lang='lat' dir='ltr'><strong>ra</strong></span> 
     </span>
     <span class='ocr_line' id='line_1_32' title="bbox 66 3929 1394 4019; baseline 0.008 -28"><span class='ocrx_word' id='word_1_298' title='bbox 66 3929 113 3991; x_wconf 87' lang='lat' dir='ltr'><strong>les</strong></span> <span class='ocrx_word' id='word_1_299' title='bbox 129 3933 356 3994; x_wconf 74' lang='lat' dir='ltr'><strong>habebantur</strong></span> <span class='ocrx_word' id='word_1_300' title='bbox 372 3931 566 4010; x_wconf 78' lang='lat' dir='ltr'><strong>ubicumque</strong></span> <span class='ocrx_word' id='word_1_301' title='bbox 583 3949 615 3993; x_wconf 92' lang='lat' dir='ltr'><strong>tn</strong></span> <span class='ocrx_word' id='word_1_302' title='bbox 636 3933 783 3994; x_wconf 65' lang='lat' dir='ltr'><strong>Ecclesia</strong></span> <span class='ocrx_word' id='word_1_303' title='bbox 798 3937 957 4010; x_wconf 85' lang='lat' dir='ltr'><strong>turrversu,</strong></span> <span class='ocrx_word' id='word_1_304' title='bbox 981 3935 1133 3998; x_wconf 74' lang='lat' dir='ltr'><strong>nutrirem</strong></span> <span class='ocrx_word' id='word_1_305' title='bbox 1152 3950 1221 4016; x_wconf 85' lang='lat' dir='ltr'><strong>post</strong></span> <span class='ocrx_word' id='word_1_306' title='bbox 1233 3939 1394 4019; x_wconf 80' lang='lat' dir='ltr'><strong>judicium</strong></span> 
     </span>
     <span class='ocr_line' id='line_1_33' title="bbox 65 4035 1402 4124; baseline 0.01 -27"><span class='ocrx_word' id='word_1_307' title='bbox 65 4035 249 4102; x_wconf 81' lang='lat' dir='ltr'><strong>l&#39;errtilicis</strong></span> <span class='ocrx_word' id='word_1_308' title='bbox 270 4036 408 4098; x_wconf 79' lang='lat' dir='ltr'><strong>Moruni</strong></span> <span class='ocrx_word' id='word_1_309' title='bbox 436 4040 586 4100; x_wconf 81' lang='lat' dir='ltr'><strong>munibus</strong></span> <span class='ocrx_word' id='word_1_310' title='bbox 604 4039 758 4102; x_wconf 71' lang='lat' dir='ltr'><strong>lricclcsiis</strong></span> <span class='ocrx_word' id='word_1_311' title='bbox 776 4044 980 4120; x_wconf 79' lang='lat' dir='ltr'><strong>propositum¹</strong></span> <span class='ocrx_word' id='word_1_312' title='bbox 1003 4057 1034 4106; x_wconf 87' lang='lat' dir='ltr'><strong>et</strong></span> <span class='ocrx_word' id='word_1_313' title='bbox 1051 4045 1231 4124; x_wconf 85' lang='lat' dir='ltr'><strong>probatum.</strong></span> <span class='ocrx_word' id='word_1_314' title='bbox 1276 4048 1402 4112; x_wconf 67' lang='lat' dir='ltr'><strong>Poura,</strong></span> 
     </span>
     <span class='ocr_line' id='line_1_34' title="bbox 63 4137 1391 4222; baseline 0.008 -16"><span class='ocrx_word' id='word_1_315' title='bbox 63 4147 120 4210; x_wconf 86' lang='lat' dir='ltr'><strong>tim</strong></span> <span class='ocrx_word' id='word_1_316' title='bbox 139 4146 284 4210; x_wconf 66' lang='lat' dir='ltr'><strong>locarunt</strong></span> <span class='ocrx_word' id='word_1_317' title='bbox 300 4157 356 4216; x_wconf 79' lang='lat' dir='ltr'><strong>est,</strong></span> <span class='ocrx_word' id='word_1_318' title='bbox 376 4156 408 4206; x_wconf 83' lang='lat' dir='ltr'><strong>ut</strong></span> <span class='ocrx_word' id='word_1_319' title='bbox 424 4137 637 4208; x_wconf 80' lang='lat' dir='ltr'><strong>&#39;reservaretur</strong></span> <span class='ocrx_word' id='word_1_320' title='bbox 654 4147 802 4210; x_wconf 81' lang='lat' dir='ltr'><strong>Porrtilicl</strong></span> <span class='ocrx_word' id='word_1_321' title='bbox 820 4149 965 4212; x_wconf 82' lang='lat' dir='ltr'><strong>Monimo</strong></span> <span class='ocrx_word' id='word_1_322' title='bbox 981 4151 1118 4214; x_wconf 76' lang='lat' dir='ltr'><strong>facultas</strong></span> <span class='ocrx_word' id='word_1_323' title='bbox 1134 4153 1326 4217; x_wconf 85' lang='lat' dir='ltr'><strong>decernendi</strong></span> <span class='ocrx_word' id='word_1_324' title='bbox 1343 4177 1391 4222; x_wconf 79' lang='lat' dir='ltr'><strong>sa·</strong></span> 
     </span>
     <span class='ocr_line' id='line_1_35' title="bbox 61 4255 1399 4342; baseline 0.009 -28"><span class='ocrx_word' id='word_1_325' title='bbox 61 4274 157 4318; x_wconf 84' lang='lat' dir='ltr'><strong>entur</strong></span> <span class='ocrx_word' id='word_1_326' title='bbox 175 4257 328 4328; x_wconf 85' lang='lat' dir='ltr'><strong>cultum,</strong></span> <span class='ocrx_word' id='word_1_327' title='bbox 355 4273 417 4316; x_wconf 91' lang='lat' dir='ltr'><strong>nun</strong></span> <span class='ocrx_word' id='word_1_328' title='bbox 435 4255 539 4316; x_wconf 86' lang='lat' dir='ltr'><strong>solutu</strong></span> <span class='ocrx_word' id='word_1_329' title='bbox 557 4255 588 4316; x_wconf 88' lang='lat' dir='ltr'><strong>in</strong></span> <span class='ocrx_word' id='word_1_330' title='bbox 607 4258 773 4330; x_wconf 75' lang='lat' dir='ltr'><strong>rttnvcrsis,</strong></span> <span class='ocrx_word' id='word_1_331' title='bbox 800 4258 854 4317; x_wconf 83' lang='lat' dir='ltr'><strong>sori</strong></span> <span class='ocrx_word' id='word_1_332' title='bbox 872 4260 967 4322; x_wconf 79' lang='lat' dir='ltr'><strong>client</strong></span> <span class='ocrx_word' id='word_1_333' title='bbox 987 4265 1018 4324; x_wconf 88' lang='lat' dir='ltr'><strong>in</strong></span> <span class='ocrx_word' id='word_1_334' title='bbox 1041 4263 1262 4342; x_wconf 72' lang='lat' dir='ltr'><strong>surguluribus</strong></span> <span class='ocrx_word' id='word_1_335' title='bbox 1280 4265 1399 4342; x_wconf 65' lang='lat' dir='ltr'><strong>ner-ra.</strong></span> 
     </span>
     <span class='ocr_line' id='line_1_36' title="bbox 59 4359 1403 4454; baseline 0.015 -39"><span class='ocrx_word' id='word_1_336' title='bbox 59 4361 126 4436; x_wconf 73' lang='lat' dir='ltr'><strong>siis,</strong></span> <span class='ocrx_word' id='word_1_337' title='bbox 145 4359 246 4439; x_wconf 70' lang='lat' dir='ltr'><strong>‹pnrd</strong></span> <span class='ocrx_word' id='word_1_338' title='bbox 263 4359 333 4440; x_wconf 68' lang='lat' dir='ltr'><strong>jatur</strong></span> <span class='ocrx_word' id='word_1_339' title='bbox 349 4361 527 4422; x_wconf 66' lang='lat' dir='ltr'><strong>obtinuisse</strong></span> <span class='ocrx_word' id='word_1_340' title='bbox 542 4364 737 4441; x_wconf 82' lang='lat' dir='ltr'><strong>tetnpurrlrus</strong></span> <span class='ocrx_word' id='word_1_341' title='bbox 754 4363 933 4429; x_wconf 78' lang='lat' dir='ltr'><strong>Alexandri</strong></span> <span class='ocrx_word' id='word_1_342' title='bbox 947 4367 1005 4430; x_wconf 92' lang='lat' dir='ltr'><strong>llI.</strong></span> <span class='ocrx_word' id='word_1_343' title='bbox 1025 4371 1191 4449; x_wconf 84' lang='lat' dir='ltr'><strong>perspicue</strong></span> <span class='ocrx_word' id='word_1_344' title='bbox 1210 4385 1337 4434; x_wconf 81' lang='lat' dir='ltr'><strong>constat</strong></span> <span class='ocrx_word' id='word_1_345' title='bbox 1351 4392 1403 4454; x_wconf 53' lang='lat' dir='ltr'><strong>erg</strong></span> 
     </span>
     <span class='ocr_line' id='line_1_37' title="bbox 58 4465 1403 4564; baseline 0.017 -44"><span class='ocrx_word' id='word_1_346' title='bbox 58 4485 132 4548; x_wconf 66' lang='lat' dir='ltr'><strong>erip.</strong></span> <span class='ocrx_word' id='word_1_347' title='bbox 155 4470 184 4528; x_wconf 80' lang='lat' dir='ltr'><strong>l.</strong></span> <span class='ocrx_word' id='word_1_348' title='bbox 204 4465 253 4528; x_wconf 81' lang='lat' dir='ltr'><strong>de</strong></span> <span class='ocrx_word' id='word_1_349' title='bbox 275 4465 373 4544; x_wconf 71' lang='lat' dir='ltr'><strong>relap,</strong></span> <span class='ocrx_word' id='word_1_350' title='bbox 400 4471 654 4540; x_wconf 63' lang='lat' dir='ltr'><strong>rescinderet..</strong></span> <span class='ocrx_word' id='word_1_351' title='bbox 681 4471 767 4548; x_wconf 84' lang='lat' dir='ltr'><strong>tpurd</strong></span> <span class='ocrx_word' id='word_1_352' title='bbox 783 4471 1032 4536; x_wconf 78' lang='lat' dir='ltr'><strong>eteonlinnarit</strong></span> <span class='ocrx_word' id='word_1_353' title='bbox 1055 4475 1263 4540; x_wconf 82' lang='lat' dir='ltr'><strong>lurroceutlus</strong></span> <span class='ocrx_word' id='word_1_354' title='bbox 1278 4479 1338 4542; x_wconf 86' lang='lat' dir='ltr'><strong>ltl.</strong></span> <span class='ocrx_word' id='word_1_355' title='bbox 1357 4482 1403 4564; x_wconf 46' lang='lat' dir='ltr'><strong>io..</strong></span> 
     </span>
     <span class='ocr_line' id='line_1_38' title="bbox 56 4570 1390 4676; baseline 0.016 -44"><span class='ocrx_word' id='word_1_356' title='bbox 56 4589 132 4654; x_wconf 69' lang='lat' dir='ltr'><strong>capr.</strong></span> <span class='ocrx_word' id='word_1_357' title='bbox 151 4574 187 4636; x_wconf 84' lang='lat'><strong>2.</strong></span> <span class='ocrx_word' id='word_1_358' title='bbox 219 4570 302 4676; x_wconf 62' lang='lat' dir='ltr'><strong>ced.</strong></span> <span class='ocrx_word' id='word_1_359' title='bbox 319 4583 364 4632; x_wconf 87' lang='lat' dir='ltr'><strong>tn.</strong></span> <span class='ocrx_word' id='word_1_360' title='bbox 409 4572 450 4636; x_wconf 84' lang='lat' dir='ltr'><strong>Et</strong></span> <span class='ocrx_word' id='word_1_361' title='bbox 467 4574 599 4654; x_wconf 84' lang='lat' dir='ltr'><strong>quidem</strong></span> <span class='ocrx_word' id='word_1_362' title='bbox 629 4577 800 4640; x_wconf 72' lang='lat' dir='ltr'><strong>contineas</strong></span> <span class='ocrx_word' id='word_1_363' title='bbox 827 4580 963 4642; x_wconf 78' lang='lat' dir='ltr'><strong>Maximi</strong></span> <span class='ocrx_word' id='word_1_364' title='bbox 989 4600 1211 4647; x_wconf 79' lang='lat' dir='ltr'><strong>reservattenrs</strong></span> <span class='ocrx_word' id='word_1_365' title='bbox 1237 4588 1327 4652; x_wconf 62' lang='lat' dir='ltr'><strong>initio</strong></span> <span class='ocrx_word' id='word_1_366' title='bbox 1354 4593 1390 4658; x_wconf 78' lang='lat' dir='ltr'><strong>io</strong></span> 
     </span>
    </p>
   </div>
   <div class='ocr_carea' id='block_1_3' title="bbox 0 0 1572 4984">
    <p class='ocr_par' dir='ltr' id='par_1_3' title="bbox 0 0 1572 4984">
     <span class='ocr_line' id='line_1_39' title="bbox 0 0 1572 4984; baseline 0 13"><span class='ocrx_word' id='word_1_367' title='bbox 0 0 1572 4984; x_wconf 95' lang='lat' dir='ltr'><strong> </strong></span> 
     </span>
    </p>
   </div>
  </div>
 </body>
</html>
