3216 4988
667 457 714 516 nrt
741 445 878 506 densis.
1367 433 1431 500 267

120 591 187 654 tarn
212 595 345 649 munero
370 561 554 662 erasurum
599 579 792 664 Strsceperat
806 580 938 664 quidem
966 581 1000 644 in
1026 599 1061 654 se
1086 579 1222 644 creditor
1248 577 1428 662 periculum

122 691 309 776 trajectitias
334 691 501 775 posituim,
527 709 634 774 eaque
648 689 689 756 tle
704 709 805 762 carrea
831 690 936 766 inerat
963 689 1138 772 stipulatus
1154 708 1279 767 usuras,
1303 671 1368 752 non
1385 699 1429 766 ta·

120 821 197 874 meu
213 801 247 866 in
272 818 312 864 eo
325 799 476 882 constitit,
504 819 582 868 nam
597 819 662 884 quo
687 818 768 872 casn
782 799 922 884 pecunia
950 799 1102 881 periisset,
1131 818 1197 864 nen
1213 797 1346 880 quidem
1362 809 1431 862 tan-

121 908 270 988 tumdem
285 911 320 994 iu
344 909 516 977 numerata
530 909 679 994 pecunia,
707 908 763 972 sed
779 917 900 990 certam
917 925 983 978 rem
999 907 1144 990 aequalis
1172 909 1249 972 forte
1264 906 1355 990 pretii
1370 905 1431 968 sibi

118 1016 313 1094 tradendam
339 1017 498 1100 pecuniae
523 1015 593 1082 loco
621 1017 794 1100 pepigerat,
821 1015 1101 1102 quemadmodum
1125 1035 1186 1098 ego
1209 1016 1352 1103 intelligo
1375 1017 1431 1090 illa

121 1127 222 1195 uerba
236 1135 350 1194 contro
363 1135 493 1203 soricen.
531 1125 622 1204 Quid
638 1145 717 1193 sane
732 1127 861 1204 mirum,
878 1125 905 1188 si
921 1127 948 1188 is
961 1127 1128 1192 usurarius
1141 1126 1324 1190 censendus
1339 1137 1432 1204 esset,

116 1239 277 1320 quoniam
294 1237 391 1304 verbo
406 1247 501 1307 eous
516 1237 696 1324 periculum
710 1240 868 1322 pecuniae
884 1257 919 1300 se
934 1239 1097 1322 suscipere
1112 1237 1276 1330 professos
1291 1249 1348 1318 est,
1365 1257 1430 1306 non

119 1369 234 1418 revera
248 1349 398 1433 suscepit,
425 1367 502 1415 curn
517 1369 582 1420 non
599 1349 713 1415 abesse
737 1347 887 1414 videatur
901 1349 943 1412 ab
958 1367 996 1412 eo
1011 1349 1159 1432 pecunia,
1180 1349 1236 1432 qui
1252 1349 1324 1412 loco
1339 1369 1432 1434 pecu

117 1460 196 1532 niae
211 1479 278 1530 rem
293 1477 359 1524 nen
374 1459 532 1542 imparem
547 1457 588 1524 sit
602 1457 795 1542 adepturust
838 1457 940 1528 duod
956 1458 982 1520 si
1001 1458 1111 1524 adhuc
1127 1458 1281 1542 vulgatae
1299 1459 1432 1527 editioni

116 1569 268 1640 insistere
282 1569 402 1651 aliquis
417 1568 517 1649 malit,
543 1586 610 1634 nou
625 1578 684 1632 errt
710 1567 779 1634 siue
795 1586 851 1650 spe
877 1565 1010 1633 alterius
1030 1568 1223 1635 commodae
1248 1569 1432 1652 iuterpreta-

115 1679 227 1744 tionis.
271 1677 429 1747 Videlicet
444 1677 551 1742 dicere
576 1677 698 1762 poterit,
723 1685 794 1743 tum
809 1674 943 1740 demum
964 1675 1087 1740 habere
1102 1675 1212 1740 locum
1238 1675 1283 1743 tte
1297 1695 1430 1758 concep

115 1802 188 1860 tem
211 1789 357 1874 Gregorii
382 1791 586 1872 senteutiam,
612 1807 717 1874 quum
739 1787 877 1857 creditor
902 1808 1017 1856 usuras
1045 1789 1236 1874 generaliter
1255 1788 1430 1872 stipulatus

111 1895 220 1975 inerit,
247 1897 344 1966 etiem
360 1917 398 1962 eo
414 1897 505 1965 finite
520 1908 672 1982 tempore,
699 1913 763 1981 quo
781 1899 918 1982 pecnnia
935 1898 1058 1964 credita
1084 1899 1167 1965 nulli
1183 1894 1324 1981 amplius
1337 1899 1430 1984 'peri-

112 2001 193 2073 culo
208 2001 324 2078 fuisset
349 2003 500 2084 obnoxia,
527 2024 567 2068 ea
581 2006 660 2090 ipsa
687 2005 721 2071 in
736 2005 850 2090 specie,
880 2006 915 2070 in
929 2025 996 2093 qua
1022 2005 1163 2073 Romani
1185 2017 1308 2070 veteres
1323 2003 1431 2092 locum
1486 2029 1490 2036 ·

111 2116 261 2200 amplius
275 2117 407 2186 nautico
422 2116 543 2182 foentni
558 2137 623 2186 nou
639 2137 806 2202 superesse
822 2115 1026 2202 scripserunt,
1042 2118 1062 2182 l.
1078 2118 1108 2182 3.
1127 2117 1157 2182 ff.
1173 2117 1214 2182 de
1230 2129 1319 2208 naut.
1336 2116 1430 2198 foen,

114 2223 137 2288 l.
157 2223 186 2286 l.
202 2221 273 2288 cod
298 2221 370 2289 eod.
387 2225 433 2288 tit.
477 2223 656 2310 Nauticum
670 2243 750 2292 saue
765 2223 881 2292 foenus
897 2244 962 2290 nou
988 2225 1132 2304 debetur,
1148 2225 1210 2288 nisi
1239 2226 1361 2290 ratione
1376 2245 1432 2310 pe·

112 2326 224 2412 anuli,
241 2347 412 2418 quousque
436 2341 629 2396 autemnon
654 2333 766 2398 subest
782 2331 971 2420 perieulum,
990 2333 1090 2396 veluti
1107 2335 1184 2398 navi
1207 2335 1317 2398 adhuc
1332 2336 1366 2398 in
1382 2337 1429 2400 lit-

114 2445 186 2500 tore
201 2438 404 2518 consistente,
430 2449 489 2502 sut
503 2456 580 2504 cum
604 2439 788 2524 perieulum
803 2442 952 2521 cessarit,
979 2440 1082 2504 veluti
1097 2441 1174 2506 uari
1201 2441 1243 2505 ad
1260 2443 1349 2508 littus
1358 2447 1430 2530 jam

112 2565 258 2628 reversa,
284 2558 390 2616 cessat
404 2545 528 2615 foenus:
556 2559 654 2634 etque
669 2569 742 2616 eam
767 2550 809 2614 ob
825 2569 892 2614 rem
907 2549 934 2614 si
958 2549 1095 2616 creditor
1109 2552 1278 2616 occasione
1297 2551 1430 2634 quidem

110 2651 252 2740 periculi
278 2671 392 2718 usurae
416 2654 593 2740 stipulatus
608 2669 664 2737 est,
691 2657 748 2721 sed
764 2659 868 2723 voluit
893 2645 992 2722 etiam
1015 2657 1075 2736 sibi
1100 2661 1256 2742 praestari
1282 2673 1430 2746 respectu

111 2760 281 2844 temporis,
308 2780 373 2843 quo
387 2761 570 2848 periculum
585 2776 642 2828 aut
657 2765 800 2830 necdum
814 2745 923 2850 subiit,
945 2779 1003 2832 aut
1012 2769 1082 2860 jam
1098 2787 1252 2834 emensus
1267 2769 1335 2851 luit,
1354 2791 1430 2836 usu-

110 2868 223 2939 rarius
237 2879 287 2934 est
297 2870 493 2939 censendus
537 2873 665 2954 Fateor,
680 2874 763 2940 nihil
778 2895 931 2960 apparere
947 2879 979 2944 in
996 2879 1195 2964 Gregoriauo
1210 2882 1370 2964 rescripto,
1387 2902 1429 2950 ex

112 2993 184 3058 quo
199 2973 282 3038 haec
306 2979 464 3060 pectionis
479 2978 633 3064 adjuncta
656 2981 861 3068 colligantur,
888 2988 944 3051 sed
960 2987 1130 3054 latendum
1157 2991 1257 3056 etiam
1272 3005 1328 3073 est,
1345 2993 1428 3061 nihil

112 3084 241 3162 obesse,
257 3087 433 3168 quominus
449 3089 529 3158 ltaee
544 3089 762 3176 interpretatio
776 3094 961 3178 affingatur;
979 3117 1101 3164 novum
1113 3112 1223 3165 autem
1239 3121 1304 3166 non
1319 3113 1368 3168 est
1383 3105 1430 3192 ius

110 3193 309 3278 ‚terpretibus
335 3196 379 3262 ita
394 3198 428 3265 itt
455 3200 714 3287 interpretatione
740 3202 996 3286 fragmentorum
1022 3211 1206 3294 consistere,
1235 3223 1278 3292 ut,
1294 3216 1427 3297 quando

113 3315 369 3373 monumentum
384 3307 546 3392 integrum
569 3329 633 3374 non
649 3323 748 3391 extat,
774 3325 805 3376 et
828 3313 1047 3398 fragmentum
1072 3319 1200 3386 videtur
1223 3341 1339 3406 parum
1354 3345 1427 3392 cou-

109 3427 232 3494 gruere
247 3410 367 3499 regulis
381 3415 595 3500 generalibus,
621 3437 660 3482 ea
677 3419 819 3504 fingatur
834 3423 965 3506 species,
991 3426 1044 3490 cui
1054 3427 1152 3510 juxta
1172 3431 1335 3512 generalia
1343 3433 1428 3516 juris

113 3517 274 3602 dogmate
288 3524 448 3589 sententia
463 3526 643 3596 cohaereat.

158 3629 279 3700 Quum
294 3645 370 3698 raro
394 3643 496 3698 certos
513 3636 622 3700 titulos
648 3643 827 3706 contractui
845 3644 948 3708 mutui
975 3645 1171 3710 extrinsecos
1190 3665 1253 3710 non
1268 3647 1427 3733 ‘improba'-

113 3754 201 3816 mus,
217 3757 357 3822 quorum
371 3759 474 3806 causa
488 3743 612 3828 aliquid
628 3763 727 3830 supra
742 3759 859 3812 sortem
876 3751 972 3834 recipi
988 3751 1072 3814 licite
1088 3755 1195 3836 possit,
1214 3773 1280 3819 une
1296 3777 1426 3820 necesse

112 3853 165 3906 est
178 3861 320 3924 monere,
346 3847 531 3914 cavendum
547 3872 732 3938 essequam
760 3861 913 3939 maxime,
930 3879 971 3923 ne
987 3861 1070 3926 tituli
1086 3864 1245 3947 ejusmodi
1268 3879 1325 3930 aut
1340 3887 1426 3932 com·

112 3955 255 4026 montitii
270 3957 344 4038 sint,
369 3959 422 4024 vel
437 3963 583 4046 speciosa
609 3965 752 4050 imagine
767 3961 818 4033 sui
834 3969 875 4032 ad
892 3969 1098 4036 illudendum
1114 3973 1248 4056 legibus,
1273 3987 1330 4040 arrt
1340 3979 1425 4060 judi-

112 4067 209 4134 cibus
224 4067 268 4132 ab
281 4087 382 4137 avaro
405 4071 558 4136 creditore
572 4075 819 4158 accommodati,
845 4079 1051 4162 nequeenim
1069 4079 1253 4146 audiendus
1272 4095 1358 4145 esset
1373 4103 1424 4168 pe-

110 4177 232 4244 cuniae
245 4179 389 4260 creditor,
416 4182 444 4244 si
459 4181 588 4263 diceret,
604 4202 639 4246 se
654 4187 826 4266 pecuniam
852 4189 884 4250 in
901 4189 1097 4272 eruptionem
1114 4191 1157 4253 rei
1179 4189 1350 4274 frugiferae
1366 4194 1425 4258 im-

108 4293 303 4374 pensurum,
328 4307 363 4355 se
378 4289 563 4356 societatem
579 4311 656 4358 cum
681 4305 834 4360 extraneo
850 4295 1015 4380 initurum,
1031 4309 1063 4362 et
1078 4301 1203 4380 similia,
1229 4303 1361 4384 qnando
1377 4325 1421 4368 re·

111 4407 190 4454 vera
207 4391 288 4454 nihil
315 4393 379 4458 tale
394 4395 428 4458 in
443 4397 552 4464 auimo
578 4399 718 4484 haberem
746 4405 1025 4484 quemadmodum
1052 4427 1111 4472 nec
1127 4411 1311 4475 audiendus
1327 4427 1419 4494 esset,

106 4497 141 4560 si
157 4499 283 4580 diceret,
310 4519 344 4564 se
370 4521 436 4568 non
462 4519 614 4578 mutuum
641 4513 702 4575 sub
719 4516 833 4594 usuris,
861 4516 917 4579 sed
936 4518 1144 4600 venditiones,
1174 4524 1224 4587 vel
1251 4527 1419 4590 societates

1595 3593 1596 3669 l

1593 3783 1595 3868 l
