3210 4990
180 399 283 466 1112·
346 417 361 438 ··
400 431 440 442 ..
505 424 748 472 nrssaucrrro
768 427 942 490 secusne,
965 424 1115 476 auam.
1137 397 1175 472 V.
1265 401 1269 429 ²

190 537 332 626 fingeret,
345 561 458 610 revera
472 553 538 611 nou
561 547 659 628 daret,
674 559 784 632 utpote
799 549 908 614 rtatim
933 556 953 616 e
967 551 1103 636 conjuge
1117 551 1307 629 mmssnrus,
1327 557 1360 612 et
1373 547 1405 612 in
1422 545 1492 612 no

191 640 368 718 mertum
393 670 428 718 se
442 666 635 738 recepturus.
680 657 776 720 Ferre
792 677 857 720 non
883 675 1014 741 possum
1027 657 1208 740 malignam
1227 655 1440 718 lrsnc'notam
1454 657 1490 722 in

192 762 381 830 Pontificem
396 765 691 848 prudentissimam,
702 767 928 850 qnandonovi,
943 769 1167 832 Alexandrum
1179 769 1339 850 perpetiit,
1355 777 1387 829 et
1401 783 1493 830 oens·

189 869 272 930 muti
288 870 444 952 sapientia
458 871 619 955 polluisse,
646 874 714 938 eivs
729 885 804 938 ante
818 885 1004 958 susceptum
1023 873 1261 952 Pontificatum,
1276 881 1352 936 cunt
1366 871 1493 936 difficil-

188 970 278 1038 lintis
293 975 505 1058 legationibus
527 977 715 1062 fungeretur
729 979 817 1063 apud
843 981 1016 1065 Principes,
1033 981 1231 1046 Frideticnnt
1253 979 1492 1062 Imperatorem,

190 1095 224 1148 et
237 1085 454 1154 Willielrnum
478 1089 607 1156 Siciliae
623 1091 752 1174 Regem,
769 1093 837 1156 sire
862 1103 933 1176 post
952 1105 1138 1175 susceptum
1161 1089 1398 1170 Pontificatum,
1414 1106 1492 1154 curn

190 1195 272 1260 iuter
287 1197 449 1264 salebrosa
474 1199 649 1266 schismata
661 1216 793 1266 summa
819 1201 988 1283 prudentis
1002 1212 1149 1266 uersatus
1169 1211 1226 1278 est,
1242 1219 1344 1282 usque
1359 1199 1402 1260 ad
1416 1215 1492 1262 con-

189 1303 368 1370 ciliandam
383 1308 546 1391 publicam
561 1319 592 1372 et
607 1329 729 1392 paoem,
744 1319 777 1374 et
792 1310 1003 1373 securitatem.
1046 1308 1175 1372 Blanda
1189 1309 1287 1374 nimis
1302 1308 1400 1370 sema
1413 1315 1493 1372 stntt

189 1433 310 1496 eorum,
326 1419 382 1500 qui
407 1417 488 1482 illud
504 1421 691 1504 rescriptum
717 1431 918 1500 conterunt,
941 1432 972 1484 et
998 1421 1039 1483 ab
1053 1422 1093 1486 iis
1106 1419 1202 1499 edita,
1230 1419 1284 1501 qtri
1299 1437 1367 1484 rem
1381 1435 1492 1501 propc-

190 1525 286 1592 eitam
303 1535 427 1592 unam
441 1529 474 1592 in
490 1531 606 1594 conice
617 1531 724 1596 intuiti
738 1530 800 1594 visi
815 1539 899 1610 sunt,
912 1547 976 1594 non
992 1530 1138 1594 intimam
1152 1527 1351 1592 rescribentis
1365 1537 1493 1590 senten·

191 1633 270 1698 tiam
285 1635 546 1718 consideratisne,
572 1659 651 1702 eote
667 1639 776 1704 minus
801 1637 954 1721 adjuncta
968 1638 1054 1702 illius
1080 1638 1239 1721 temporis,
1255 1636 1396 1720 adquae
1411 1655 1492 1702 sane

189 1748 378 1830 reecnptum
393 1749 590 1832 exigendum
604 1761 661 1830 est,
678 1747 1000 1832 investigasse-quae
1025 1751 1135 1816 omnia
1150 1751 1205 1815 ubi
1220 1759 1279 1815 nos
1291 1749 1493 1833 perpenderi-

190 1870 273 1934 mus,
289 1853 384 1920 facile
402 1857 631 1940 judicabimus,
657 1859 888 1941 aequissimam
912 1858 1012 1938 fuisse
1035 1857 1410 1938 rationemdlexandro,
1435 1875 1494 1922 car

179 1979 262 2026 earn
288 1964 480 2029 sententiata
495 1965 722 2047 pronuntiaret.
767 1965 1067 2048 Imprimissedule
1087 1964 1411 2030 animadvertendum
1432 1974 1491 2045 est,

178 2073 322 2138 sacculo
336 2075 536 2154 duodecim‘o,
553 2087 585 2140 et
608 2076 734 2140 decimo
745 2077 838 2140 tertio
849 2076 932 2139 adeo
951 2075 1104 2159 frequens
1117 2077 1152 2142 in
1166 2077 1391 2156 connamibus,
1404 2092 1492 2158 prae-

174 2183 300 2250 sertim
315 2183 348 2248 in
363 2185 579 2266 sponsalibus,
604 2185 699 2269 adjici
713 2185 920 2250 consuevisse
930 2183 1166 2268 jusjurandum,
1183 2193 1218 2247 ut
1238 2183 1294 2246 vix
1309 2189 1493 2246 contractus

189 2291 403 2374 introrumpit
426 2313 493 2360 noc
506 2313 545 2358 eo
559 2301 760 2358 sacramento
786 2293 1038 2372 confirmaretur,
1068 2311 1137 2376 cap.
1162 2280 1283 2358 [51).
1301 2291 1350 2356 ll).
1367 2289 1415 2354 12.
1433 2288 1491 2368 ta,

189 2406 222 2460 et
236 2399 357 2480 passim
372 2397 413 2466 de
427 2402 568 2484 sponsal.
593 2421 663 2485 cap.
679 2403 719 2481 3,
743 2401 784 2467 dc
798 2403 915 2466 condit.
941 2401 1085 2485 adposit,
1108 2421 1178 2485 cap.
1204 2403 1243 2480 6.,
1260 2401 1317 2483 qni
1340 2400 1423 2463 Olor.
1439 2397 1492 2462 uel

191 2519 274 2584 vov,
290 2523 358 2588 cap.
375 2507 413 2586 7.,
429 2517 461 2569 et
475 2509 683 2589 sequentibus
697 2509 738 2572 de
752 2511 882 2594 jurejurr
924 2509 1011 2574 Earn
1025 2511 1067 2574 ob
1080 2511 1151 2574 retn'
1162 2509 1204 2574 ob
1213 2507 1342 2594 jurandi
1356 2507 1493 2571 nnm-

191 2621 265 2692 tem,
281 2625 313 2676 et
327 2613 391 2678 iere
406 2615 634 2699 quotidianum
649 2637 745 2681 usum
760 2619 1024 2683 contemnebatur
1038 2618 1138 2702 vulgo
1148 2615 1358 2701 Jurisjurandi
1371 2615 1491 2698 religio,

192 2739 261 2805 cap.
279 2723 327 2787 10.
343 2723 384 2787 de
394 2725 533 2810 jurejur,
549 2737 586 2790 ut
610 2728 698 2790 enim
712 2727 759 2789 ait
772 2725 915 2790 Isidorus
930 2727 962 2790 in
979 2745 1050 2789 ean.
1078 2725 1127 2790 13.
1142 2745 1231 2789 caus.
1246 2725 1298 2790 22.
1313 2734 1437 2807 quaest
1454 2725 1492 2804 1.,

138 2901 142 2908 ,
191 2831 273 2898 dum
278 2834 424 2918 jurandi
437 2855 538 2901 asum
543 2833 704 2920 summus,
717 2838 862 2921 perjurii
873 2835 1005 2921 ‚utmen
1018 2835 1231 2900 incurrimus.
1272 2833 1343 2902 Qui
1356 2848 1433 2893 vero
1446 2847 1495 2892 re·

190 2939 366 3023 ligiosiores
381 2927 481 3007 videri
496 2945 655 3025 volebant,
671 2945 769 3008 variis
785 2945 1002 3028 praetextibus
1016 2942 1128 3006 datam
1140 2939 1248 3021 fidem,
1264 2949 1296 3003 et
1306 2939 1494 3024 jurisjuran-

193 3051 227 3116 di
241 3054 411 3122 vinculum
434 3055 544 3122 fallere
562 3057 808 3138 meditabantur,
831 3057 1009 3140 allegantes
1033 3055 1116 3118 inter
1140 3065 1274 3133 caeam,
1290 3071 1325 3116 se
1347 3049 1430 3114 velle
1446 3051 1495 3112 in-

193 3162 283 3244 gredi
297 3163 332 3226 in
357 3163 599 3245 Monesterium,
615 3185 680 3230 non
706 3185 785 3230 saue
798 3164 886 3250 quod
906 3163 987 3230 serio
1010 3161 1220 3225 deliberarent
1234 3159 1275 3222 de
1297 3155 1493 3241 professione

193 3273 351 3358 religiosa,
377 3277 434 3339 sed
448 3275 536 3360 quod
560 3277 689 3342 nullum
704 3297 770 3340 non
795 3275 936 3359 lapidem
957 3281 1131 3350 moverent,
1153 3279 1190 3333 ut
1204 3265 1381 3350 quamdam
1395 3263 1494 3328 habe·

192 3397 262 3452 rent
276 3387 428 3470 perfidiae
443 3407 523 3452 suae
537 3390 788 3467 exeusationem,
804 3396 993 3470 argumento
1008 3403 1077 3467 cap.
1104 3383 1132 3446 5.
1148 3382 1204 3464 qui
1219 3379 1335 3444 Clerici
1349 3376 1402 3440 vel
1416 3393 1492 3440 νον.

193 3499 337 3564 Docebat
350 3498 497 3581 profecto,
523 3498 715 3582 gravissimo
728 3498 807 3560 huic
829 3496 1013 3560 animarum
1033 3491 1176 3576 periculo
1199 3487 1373 3553 Pontifices
1389 3476 1497 3571 attii.

192 3624 265 3673 ntus
280 3624 450 3689 occurrere,
465 3610 522 3692 qui
536 3609 802 3692 quotiescumque
826 3623 897 3668 ease
909 3601 1061 3670 offerebat
1080 3599 1214 3679 occasio,
1227 3595 1318 3662 nibil
1326 3596 1495 3677 antiquitis

193 3717 366 3799 habebant,
381 3737 481 3800 quam
497 3728 533 3782 ut
543 3715 750 3802 jurisjurandi
762 3711 956 3778 seruandam
971 3709 1069 3776 fidam
1081 3707 1309 3792 praedicarent,
1324 3725 1363 3770 eo
1376 3719 1493 3786 usqne,

194 3836 239 3906 ut,
255 3829 352 3892 etiarn
374 3829 475 3893 sieut
500 3833 566 3892 non
579 3825 696 3890 efficax
711 3833 794 3888 esset
815 3821 975 3905 obligatio,
991 3819 1045 3884 cui
1064 3815 1293 3904 jusjttrart‘dtun
1318 3813 1493 3894 secederet,

192 3947 250 4004 aut
264 3934 329 4000 iere
343 3934 456 4000 insule
478 3933 639 3998 videretur
653 3931 763 3996 datam
788 3929 889 3996 fidem
903 3927 1043 4012 implere,
1068 3923 1289 3999 nibilominus,
1315 3919 1496 3986 dratnmodo

193 4045 228 4110 in
242 4043 407 4128 implenda
430 4041 495 4107 fide
520 4041 602 4106 nihil
625 4051 725 4124 turpe,
749 4051 805 4104 aut
828 4039 1037 4104 inhonestant
1060 4035 1287 4112 admitteretur,
1313 4030 1412 4100 fidam
1428 4033 1496 4098 'irta-

191 4152 346 4242 'plendsm
358 4151 544 4230 clamarent
569 4169 635 4232 quo
649 4149 780 4214 taudem
803 4150 900 4230 fieret,
928 4159 964 4214 ut
977 4147 1090 4211 fideles
1111 4145 1237 4209 cautius
1258 4143 1411 4227 jurarent,
1424 4147 1496 4208 eta

189 4261 334 4350 perjuriis
357 4260 561 4324 abstinerent.
605 4259 783 4342 Egregium
804 4257 992 4341 exemplum
1011 4253 1161 4338 estapud
1186 4251 1337 4318 eumdem
1351 4251 1498 4318 Alexan.

188 4373 285 4438 drum
299 4372 357 4436 111.
373 4371 408 4435 in'
431 4389 502 4453 cap.
517 4369 546 4433 6.
573 4367 614 4433 de
624 4370 754 4454 jurejur.
779 4369 813 4432 iu
829 4387 875 4446 eo,
902 4365 958 4448 qui
974 4381 1090 4429 usuras
1115 4360 1215 4426 sactis
1236 4359 1420 4426 canonibrrs
1433 4359 1496 4424 iat-

188 4483 338 4570 prcbstss
353 4499 387 4545 ss
400 4480 583 4545 schamam
595 4479 789 4565 monuerat
821 4473 997 4540 *Definitur
1010 4469 1151 4555 quidam,
1161 4468 1314 4536 camdem
1327 4475 1394 4534 nou
1409 4468 1495 4533 alies
