3168 4982
232 369 301 436 ets
593 397 847 446 brssuarsrro
868 399 1023 466 cuturn,
1047 404 1122 450 cte.
1145 387 1206 452 t.-

233 513 308 576 Non
323 514 424 579 debeo
438 515 510 582 heic
525 519 640 584 iterum
667 521 825 588 altissima
839 523 970 589 divinae
988 527 1161 609 imperviae
1186 529 1404 612 procidentiae
1418 549 1542 596 arcana

232 625 375 702 scrutari,
392 633 477 705 quae
501 627 664 692 humanas
688 642 813 694 mentes
838 634 967 715 penitus
992 635 1100 716 latent,
1127 639 1168 701 ob
1192 657 1313 721 magna
1336 641 1494 722 mysteria
1520 646 1542 706 a

231 730 361 794 Sanctis
376 734 525 798 Patribus
540 736 574 799 iu
600 736 662 800 hoc
676 737 768 800 facto·
786 743 905 822 agnita,
921 744 1004 806 iuter
1018 749 1159 808 caeteros
1184 747 1423 826 ab-Augiistiuo
1436 750 1472 808 iu
1486 765 1541 808 ca·

231 857 317 903 noue
331 843 360 904 2.
377 842 448 906 dist.
464 845 513 908 26.
559 846 676 910 Dicam
697 859 814 928 tumen,
841 853 1018 933 plurimum
1044 855 1149 916 valere
1175 855 1316 937 potuisse
1341 855 1426 937 apud
1446 856 1542 917 Juco

231 947 309 1012 burn
325 963 471 1033 respectu
493 952 714 1020 ducendarum
731 959 922 1022 ancillarum
949 963 1038 1025 avita
1054 963 1203 1026 Abrahae
1216 963 1375 1046 exempla,
1389 956 1477 1044 quae
1493 981 1543 1026 se.

229 1059 287 1139 qui
303 1059 380 1122 inde
392 1063 489 1125 etiem
504 1063 573 1126 sine
589 1065 699 1128 altiore
719 1067 946 1151 adJunctorum
961 1071 1370 1154 omnium-investigatione
1386 1083 1478 1154 turpe
1492 1071 1544 1136 illi

229 1187 296 1233 non
311 1172 489 1254 videbatur,
506 1175 592 1239 unde
607 1177 810 1260 Augustinus
829 1179 958 1244 iactruu.
970 1181 1050 1246 illud
1066 1199 1237 1264 excusans,
1253 1185 1306 1248 ait:
1327 1184 1543 1270 Olljicimttur

230 1277 328 1341 Jacob
342 1289 486 1363 quatuor
500 1303 627 1362 naeres,
644 1285 731 1368 quod
743 1287 876 1370 *meando
898 1305 969 1351 mes
984 1297 1064 1367 erut,
1080 1291 1204 1353 crimen
1227 1307 1293 1354 nort
1307 1298 1386 1370 erut,
1409 1307 1485 1351 can.
1511 1291 1542 1356 7.

226 1406 317 1452 caus
330 1391 383 1453 32.
413 1404 534 1474 quaest.
550 1393 590 1473 4,
620 1413 698 1473 mos,
717 1397 861 1478 inquam,
877 1399 934 1478 qui
959 1400 1001 1460 ab
1029 1401 1215 1464 Abrahamo
1242 1401 1371 1463 initium
1399 1413 1543 1484 ceperat.

227 1497 390 1580 Respeotu
404 1516 480 1564 vero
507 1501 647 1566 duorum
673 1523 817 1569 sororum
846 1504 1070 1571 ducendarum
1093 1507 1270 1590 plurimum
1287 1508 1401 1571 ualere
1416 1521 1545 1590 poterat

225 1609 387 1690 cogitatio,
403 1629 488 1690 quae
502 1610 669 1691 suadebat,
693 1631 758 1676 non
774 1633 845 1675 csse
859 1613 1076 1677 abominabile
1101 1615 1287 1699 conjugium
1302 1633 1380 1676 oum
1394 1615 1545 1678 Rachcle

225 1729 303 1780 ante
329 1719 425 1782 biam
453 1720 573 1784 Jacobo
588 1720 756 1804 desponsa,
787 1740 892 1804 neque
921 1723 1178 1786 ratihabitionem
1206 1724 1348 1807 conjugii
1373 1723 1545 1788 biaeemc

227 1828 361 1890 omuino
376 1829 601 1910 spernendam,
618 1841 652 1894 ut
666 1831 747 1893 iuter
760 1849 907 1894 socerum
923 1833 1027 1913 magis
1041 1831 1213 1894 sollicitum
1226 1831 1270 1895 de
1283 1833 1433 1916 conjugio
1448 1833 1545 1921 Lice,

225 1945 259 1998 et
273 1936 355 1999 inter
380 1955 535 2020 generum
550 1939 656 2021 magis
681 1937 838 2020 cupidum
860 1940 1001 2022 conjugii
1026 1941 1260 2004 cumRachele
1285 1941 1427 2020 ineundi,
1443 1943 1546 2006 nulla

1 2065 2 2074 ¹
110 2090 114 2100 «
224 2055 310 2110 esset
324 2047 481 2126 simultas,
500 2045 656 2129 nullaque
684 2048 855 2126 contentio,
878 2047 933 2110 sed
958 2048 1072 2111 arctior
1101 2049 1190 2112 lieret
1213 2049 1310 2112 totius
1323 2048 1469 2112 familiae
1483 2070 1545 2114 ne·

224 2155 397 2218 cesaitudo.
442 2157 565 2241 Majora
579 2157 788 2220 incitamenta
801 2157 921 2220 Jacobo
943 2155 1061 2220 addere
1074 2168 1197 2239 poterat
1212 2157 1341 2222 divinae
1356 2159 1545 2242 promissio·

226 2283 285 2330 nes
299 2267 378 2330 olim
392 2267 542 2332 Abrahae
566 2265 671 2330 iactae
685 2267 726 2328 de
740 2267 809 2350 m'us
824 2265 946 2328 semine
970 2265 1054 2328 sicut
1068 2264 1168 2328 stellis
1183 2263 1436 2347 multiplicando,
1452 2283 1545 2345 quas

225 2375 454 2456 promissiones
479 2372 585 2438 eidem
600 2373 720 2438 Jacobo
734 2375 825 2438 Deus
851 2373 920 2455 ipse
932 2371 1183 2436 confirmaverat
1196 2373 1248 2436 his
1263 2373 1376 2436 verbim
1410 2372 1546 2442 Graece,

225 2494 258 2550 ct
270 2487 509 2570 mltiplicore:
530 2484 662 2564 Gentes,
678 2495 709 2548 et
720 2485 840 2570 populi
853 2485 1029 2549 enimcum
1043 2507 1084 2548 ec·
1098 2493 1129 2548 tc
1140 2494 1253 2548 eruat:
1269 2485 1437 2568 Reges‘de
1446 2487 1546 2551 lum·
1582 2533 1583 2538 η

224 2595 277 2660 bis
292 2595 362 2658 tuis
382 2593 603 2677 egredientur,
631 2593 714 2656 Gen.
741 2611 811 2674 cap.
834 2591 884 2654 35.
928 2591 1102 2656 Caeterum
1129 2591 1183 2654 vel
1197 2591 1288 2673 ipsae
1301 2605 1412 2662 sacrae
1426 2590 1546 2657 literae

225 2709 307 2773 haec
321 2707 432 2771 omniu
446 2725 502 2790 per
526 2704 693 2768 historiam
708 2671 887 2780 relerentes,
913 2702 992 2764 sutis
1007 2703 1160 2782 iudicant,
1183 2701 1348 2764 naturalia
1361 2702 1447 2765 bona
1462 2719 1546 2766 con-

220 2815 305 2899 jugii
321 2815 354 2878 in
378 2814 441 2877 boc
466 2811 637 2895 multiplici
652 2811 765 2876 Jacobi
780 2811 929 2895 conjugio
954 2829 1020 2873 non
1034 2809 1143 2889 fuisse,
1169 2809 1239 2872 slve
1261 2829 1305 2873 ex
1318 2829 1365 2890 eo,
1391 2809 1482 2892 quod
1501 2811 1548 2874 si·

226 2921 378 2986 multatos
394 2922 475 2984 inter
489 2939 607 2984 uxores
621 2921 709 3002 ipses
724 2920 828 2999 Llom,
838 2931 870 2982 et
883 2918 1154 2998 Racbeleunutut
1168 2933 1289 2980 sorores
1304 2917 1454 2982 subortae
1469 2919 1546 2984 fue·

224 3031 297 3110 rint,
313 3033 394 3094 Gen.
410 3051 479 3114 cap.
495 3031 555 3112 29,
570 3043 602 3093 et
615 3029 676 3110 30,
693 3032 763 3094 aive
777 3050 819 3093 ex
847 3047 894 3109 so,
908 3028 997 3110 quod
1011 3047 1108 3090 venis
1123 3046 1213 3090 amor
1227 3027 1309 3090 iuter
1323 3027 1436 3092 Jacobi
1450 3027 1546 3093 filios

225 3163 268 3208 ex
283 3141 417 3205 diversis
444 3141 601 3204 matribus
616 3151 700 3203 ortos
730 3140 863 3203 minime
877 3137 989 3216 extitit,
1008 3138 1088 3200 Gen.
1111 3145 1181 3218 ca'p.
1197 3136 1248 3200 37.
1290 3135 1465 3218 Quidquid
1480 3157 1549 3202 au·

225 3267 291 3319 tam
317 3253 431 3315 Labau
457 3251 571 3316 Jacobi
600 3269 697 3328 socer,
724 3250 805 3312 Gen.
832 3267 903 3329 cap.
912 3247 968 3310 131.
984 3266 1066 3310 vars.
1082 3247 1142 3325 54,
1169 3257 1323 3328 generum
1348 3262 1476 3330 rogans,
1499 3267 1548 3312 ue

225 3365 307 3430 alias
323 3382 440 3426 uxores
454 3361 543 3441 Liae,
565 3373 597 3424 et
622 3360 757 3424 Racheli
783 3357 1054 3441 superinduceret,
1070 3356 1115 3419 lta
1129 3355 1256 3419 locutus
1281 3367 1339 3434 cst,
1354 3357 1449 3436 quasi
1465 3367 1547 3422 tum

224 3495 306 3539 suas
313 3473 411 3556 filices
425 3471 617 3555 afflicturus
622 3471 750 3554 suiset?
793 3465 887 3538 Quid
917 3465 1013 3529 modo
1028 3483 1275 3528 commemorem
1296 3464 1403 3546 plures
1417 3481 1549 3530 uxores

225 3583 357 3648 Nachor
381 3581 487 3644 fratris
513 3581 672 3660 Abrahae,
689 3579 729 3642 de
755 3597 819 3660 quo
834 3578 951 3660 legitur
976 3578 1009 3640 in
1032 3595 1102 3658 cap.
1119 3575 1169 3638 22.
1196 3593 1278 3638 vers.
1294 3575 1344 3638 at.
1369 3575 1451 3638 Gon.
1467 3588 1547 3642 aut.

225 3694 334 3778 plures
350 3713 467 3756 ttxores
495 3693 601 3755 Essan
617 3689 858 3766 trainensem,
885 3687 1004 3769 dequo
1020 3705 1123 3750 sermo
1141 3683 1178 3746 fit
1202 3686 1284 3747 Gon.
1299 3703 1369 3765 cap.
1385 3683 1435 3746 26.
1452 3704 1546 3750 vers.

225 3805 284 3884 st,
302 3815 332 3866 et
361 3823 431 3886 cap.
448 3803 496 3865 36.
527 3821 608 3864 vers.
634 3800 674 3878 2,
690 3809 722 3860 et
736 3799 780 3861 ot
823 3799 873 3860 De
896 3796 984 3860 iacto
996 3796 1083 3858 cuna
1111 3793 1226 3856 talium
1247 3791 1397 3868 virorum,
1425 3801 1548 3872 utpote

226 3916 297 3979 Deo
313 3915 447 3977 minime
467 3923 680 3994 acceptorum,
696 3909 807 3972 minus
835 3906 963 3970 solliciti
977 3919 1046 3968 esse
1062 3902 1228 3978 debemus,
1245 3899 1295 4002 'de
1308 3899 1427 3981 quibus
1443 3917 1548 3980 prop

225 4033 312 4085 terea
327 4019 518 4084 concludere
532 4037 716 4100 possumus,
732 4036 795 4095 eos,
811 4015 895 4078 sicut
910 4016 943 4077 in
959 4013 1030 4077 aliis
1043 4011 1161 4087 causis,
1177 4009 1221 4072 ita
1236 4009 1269 4074 iu
1286 4008 1549 4084 istaseuatura.

226 4131 249 4195 li
259 4133 330 4214 jure
345 4142 471 4207 temera,
488 4139 519 4191 et
534 4149 599 4191 nou
625 4128 695 4190 sine
710 4125 844 4190 crimine
868 4124 1044 4188 recessisse.
1088 4120 1194 4184 Mores
1221 4117 1352 4184 Nocbor
1376 4135 1442 4180 uon
1458 4119 1550 4182 setis

225 4239 327 4302 luisse
342 4241 412 4303 Deo
430 4239 585 4320 probatos,
601 4256 643 4299 ex
657 4255 696 4298 co
710 4235 930 4317 intelligimus,
947 4232 1035 4315 quod
1049 4233 1141 4294 Deus
1164 4228 1315 4292 Abrabae
1330 4226 1549 4309 praeceperit,

226 4357 262 4410 ut
275 4345 318 4408 de
344 4346 537 4426 cognatione
566 4365 635 4417 sua,
650 4345 744 4426 quasi
771 4343 831 4409 sibi
847 4343 955 4406 mitius
970 4351 1112 4421 accepta,
1138 4337 1349 4420 egrederetur,
1365 4337 1446 4400 Gen.
1463 4353 1548 4418 cap-

227 4455 503 4538 12.,qum1quam
519 4455 589 4522 Deo
618 4453 735 4519 deiude
750 4453 905 4538 placuerit
919 4449 1054 4534 nuptiae
1079 4448 1172 4514 Isaac
1186 4465 1263 4514 cum
1276 4445 1432 4523 Rebecca,
1448 4463 1551 4526 quae
