3210 4990
212 445 261 491 mr
283 443 501 492 sanxisset
524 444 582 492 ιιι.
605 445 819 494 sennarum
843 435 884 492 r'u
905 445 982 492 cas.
1007 425 1057 491 16.
1080 445 1128 492 nrr
1151 445 1268 492 secus.
1356 423 1419 490 105

109 565 274 632 directum
288 567 390 633 foisse
411 569 601 652 rescriptum
616 553 659 634 ad
687 569 910 634 Exaniensem
926 569 960 632 in
989 567 1112 652 Anglia
1140 567 1350 652 Episcopum,
1381 565 1423 632 ad

116 695 211 760 quem
226 677 293 742 elio
307 678 342 740 in
357 677 427 740 loco
442 679 617 741 rescribens
645 677 833 742 Alexander
858 675 945 740 idem
958 675 1018 740 111.
1035 677 1068 740 in
1083 693 1153 757 cap.
1177 674 1208 738 4.
1224 673 1264 738 de
1278 691 1425 738 convers.

116 788 276 870 conjugat
301 787 335 852 in
359 787 444 850 notis
472 787 606 872 adjectis
636 788 745 850 testari
773 787 882 850 vissus
912 797 969 866 est,
996 787 1031 850 in
1060 783 1183 867 Anglra
1212 785 1427 848 monasticam

114 893 320 978 disciplinam
335 895 432 976 paulo
447 905 630 978 corruptam
644 894 754 974 fuisse,
773 894 854 958 dum
869 896 991 960 scribit:
1037 895 1228 980 Aliquando
1244 895 1346 958 bontas
1359 913 1429 956 mo·

113 1001 240 1065 uuekus
254 1021 315 1066 occ
329 1003 451 1066 bonum
464 1005 619 1068 clericum
620 1005 720 1088 facit.
764 1004 892 1068 Deinde
907 1005 1045 1066 observo
1060 1005 1094 1068 in
1109 1003 1179 1067 eod.
1195 1022 1266 1085 cap.
1285 1003 1333 1066 16.
1349 1002 1423 1082 dici,

114 1129 275 1194 murtrum
296 1114 436 1195 privata
464 1113 536 1196 lege
560 1113 699 1178 ductum
726 1113 910 1198 artspirore,
937 1113 1134 1196 adsrugem
1167 1113 1316 1177 melioris
1339 1112 1429 1176 citae

115 1223 271 1286 nestra
315 1221 439 1305 Legem
454 1223 616 1304 privatam
641 1223 771 1285 vocavit
785 1221 972 1284 Alexander
993 1239 1075 1298 earn,
1091 1219 1200 1301 qualis
1222 1219 1284 1282 snb
1297 1217 1429 1281 nomine

115 1307 238 1396 Urbani
262 1332 304 1394 ll.
320 1330 510 1395 describitur
523 1332 558 1394 in
581 1351 654 1395 can.
669 1333 710 1411 2.,
733 1351 822 1395 caus.
847 1333 897 1395 19.
922 1341 1046 1414 quaest.
1062 1331 1103 1410 2.,
1130 1331 1237 1412 legem
1253 1347 1331 1392 sane
1346 1345 1429 1392 nun-

114 1461 217 1525 qnam
232 1449 253 1508 a
269 1444 369 1507 sacris
379 1444 559 1508 canonibus
573 1443 823 1526 comprobatam,
851 1443 952 1507 immo
966 1443 1065 1507 etiam
1080 1441 1257 1505 manifeste
1272 1439 1429 1523 improba-

115 1559 181 1613 tan
196 1550 233 1612 in
247 1567 320 1614 can.
346 1550 386 1630 2.,
401 1561 433 1612 et
447 1550 476 1618 3.
503 1569 592 1614 caus.
610 1551 658 1614 19.
683 1563 807 1632 quaest.
822 1551 862 1631 3,
889 1571 994 1634 neque
1019 1551 1104 1614 enim
1128 1549 1285 1613 laudatus
1309 1541 1382 1612 'can
1397 1549 1429 1611 2.

114 1673 202 1726 cons.
221 1659 273 1722 19.
287 1671 412 1740 quaest
435 1661 465 1724 2.
481 1679 556 1723 vere
582 1659 712 1724 Urbano
727 1660 769 1724 II.
796 1661 890 1724 tribui
913 1669 1024 1742 potest,
1052 1657 1332 1740 quemadmodum
1347 1657 1430 1720 alias

115 1765 286 1830 observavi
307 1765 342 1828 in
356 1767 437 1830 meis
460 1767 735 1832 lucubrationibus
757 1769 792 1832 in
816 1767 960 1832 codicem
985 1767 1144 1830 Gratiani.
1191 1767 1271 1830 Erat
1295 1765 1352 1829 illa
1375 1765 1430 1829 lex

114 1873 243 1956 privata
264 1873 348 1936 adeo
362 1873 469 1954 dubia,
485 1884 517 1938 et
541 1875 664 1939 incerte
678 1875 767 1958 apud
788 1876 914 1961 Judices
936 1873 1181 1956 ecclesiasticos,
1206 1885 1243 1938 ut
1260 1885 1361 1939 totum
1376 1893 1430 1938 ne·

113 1985 242 2068 gotium
266 1983 396 2048 arbitrio
410 1985 479 2068 ejus
504 1983 725 2048 dirimendum
740 1985 979 2067 relinqueretur,
1005 1985 1111 2067 quise
1137 1983 1252 2048 eadem
1268 1983 1338 2066 lege
1354 1981 1431 2046 duci

114 2091 422 2176 quomodocumque
447 2092 653 2175 profiteretur,
669 2101 701 2154 et
727 2091 809 2154 adeo
824 2092 929 2156 eidem
951 2092 1061 2176 ampla
1087 2091 1225 2156 facultas
1240 2091 1432 2155 concedere·

115 2213 175 2285 tnr,
191 2213 230 2269 ut
254 2203 348 2268 nulla
362 2203 503 2268 cohiberi
528 2211 635 2286 posset
652 2201 848 2281 auctoritate,
875 2211 933 2265 aut
942 2199 1092 2285 judicari,
1114 2202 1208 2285 anus
1233 2199 1313 2282 legis
1329 2199 1433 2284 privu-

114 2319 167 2374 tae
180 2309 234 2373 vis
249 2309 363 2392 magui
387 2309 484 2374 fiebat
499 2310 696 2393 temporibus
723 2307 914 2373 Alexandri:
942 2318 1034 2372 tanta
1059 2319 1138 2372 tunc
1162 2319 1231 2373 erat
1245 2309 1434 2373 Gratianeo·

114 2435 189 2483 rum
203 2425 489 2482 monumentorum
510 2417 694 2480 auctoritas.
739 2414 911 2498 Allegabat
924 2431 1000 2498 ergo
1022 2433 1169 2500 sponsus
1184 2415 1273 2499 apud
1288 2415 1436 2480 Alexan·

113 2525 214 2592 drnm
238 2526 299 2591 11t
314 2526 420 2610 legem
442 2525 613 2610 privatam,
638 2534 705 2607 qua·
729 2523 863 2588 seduci
885 2523 928 2588 ad
954 2524 1082 2606 frugem
1108 2525 1250 2590 melioris
1276 2525 1362 2588 vitae
1377 2521 1433 2587 ad·

114 2631 280 2711 firmabat,
305 2633 420 2716 legem,
446 2634 592 2716 inquam,
617 2633 788 2716 privatam,
813 2631 854 2696 de
878 2651 945 2714 qua
973 2633 1097 2696 nemini
1122 2634 1281 2698 rationem
1307 2653 1342 2696 se
1365 2629 1438 2697 red-

114 2735 192 2802 dere
217 2737 370 2802 credebat
381 2739 424 2802 ob
446 2739 679 2821 auctoritatem,
705 2735 754 2806 ut'
768 2740 845 2822 dixi,
871 2741 1007 2806 cononis
1034 2741 1213 2806 Gratianei.
1258 2743 1338 2812 Qua
1351 2741 1386 2806 in
1399 2760 1435 2806 re

113 2847 261 2931 suspicio
285 2849 462 2914 vehemens
487 2849 623 2914 suboriri
648 2858 781 2933 poterat,
808 2859 845 2913 ut
870 2867 1010 2934 sponsus
1025 2868 1092 2914 non
1117 2849 1200 2914 serio
1225 2849 1268 2912 de
1295 2848 1441 2933 amplec«

114 2957 217 3024 tende
230 2958 301 3022 vita
325 2958 505 3024 monastica
518 2958 681 3042 cogitaret,
709 2957 766 3022 sed
782 2959 889 3042 potius
918 2977 1075 3043 sponsam
1089 2959 1202 3024 fallere
1216 2958 1434 3040 meditaretur,

112 3067 206 3152 qnod
229 3067 344 3151 magis,
370 3069 540 3152 magisque
564 3065 735 3154 conjicitur
759 3087 802 3132 ex
825 3067 889 3133 illis
914 3067 1058 3132 laudatis
1084 3068 1225 3152 capituli
1248 3068 1363 3148 verbis,
1389 3067 1436 3133 od

103 3181 255 3264 frugem
279 3180 427 3244 retines
449 3183 547 3260 vitoe
574 3198 765 3264 quassans
793 3189 904 3264 utpote
929 3180 1093 3263 generalia
1121 3189 1273 3264 poterant
1301 3179 1435 3264 quidem

1 3355 2 3362 ,
112 3291 215 3355 eriam
229 3289 271 3353 de
294 3287 477 3380 monastica
490 3289 559 3355 vita
583 3287 728 3372 intelligi,
743 3307 809 3354 non
835 3299 946 3352 tamen
968 3287 1012 3352 ad
1028 3303 1130 3354 turam
1159 3286 1374 3360 monasticam
1388 3275 1457 3351 vi·⁸

1 3371 2 3420 ³
114 3405 185 3460 tam
200 3393 386 3458 necessario
409 3391 636 3476 referebantur,
653 3406 690 3460 nt
713 3393 813 3460 aliam
840 3415 954 3479 cepere
979 3413 1046 3460 non
1071 3406 1206 3478 possent
1223 3413 1290 3460 non
1314 3395 1438 3490 incom-

113 3507 250 3572 modam
275 3505 578 3588 interpretationem.
622 3507 831 3592 Prosequitur
856 3505 1052 3587 Alexander,
1077 3509 1181 3588 etait,
1210 3509 1319 3573 tutius
1342 3510 1374 3573 ei
1387 3529 1436 3574 es·

113 3616 266 3700 seprius
288 3615 486 3695 metretae,
512 3617 732 3698 nequeenim
759 3617 910 3698 rescribit,
939 3617 1074 3681 omnino
1098 3616 1145 3680 ad
1173 3616 1435 3684 contrahendum

116 3725 229 3806 teneri;
246 3722 306 3786 ssd
328 3723 431 3788 tutius
444 3723 558 3804 iacere,
584 3725 680 3806 quasi
705 3724 800 3804 dicet,
821 3727 919 3810 juxta
942 3727 1105 3810 generalis
1127 3730 1210 3814 juris
1235 3729 1364 3813 regulas
1379 3749 1436 3812 per

111 3835 302 3916 ingressum
327 3831 361 3894 in
376 3831 564 3914 religionem
586 3831 694 3896 dirimi
715 3832 849 3914 quidem
875 3833 1082 3917 'sponsalium
1108 3835 1289 3919 vinculum,
1314 3837 1434 3920 obliga-

1 3931 2 4004 1
115 3939 304 4020 docentque
318 3936 462 4020 dissolri;
490 3949 635 4004 attamen
649 3959 726 4006 curn
752 3941 831 4006 satis
855 3961 921 4008 non
936 3955 1100 4010 constaret
1126 3947 1168 4010 de
1184 3947 1309 4012 sincero
1324 3947 1434 4011 animo

113 4048 309 4132 religionem
333 4046 513 4130 profitendi,
537 4058 568 4114 ct
598 4049 755 4130 putruisset
779 4052 915 4116 suboriri
932 4035 1091 4137 suspicio,
1120 4075 1162 4120 ne
1188 4062 1208 4122 a
1232 4057 1434 4140 sponsalium

116 4157 191 4238 fide,
206 4168 241 4220 et
266 4155 543 4241 absjurejurando
569 4156 641 4220 ideo
667 4177 705 4220 eo
730 4169 899 4241 praetextu
924 4161 1093 4241 recederet,
1120 4171 1157 4224 ut
1184 4161 1263 4238 liber
1288 4161 1330 4224 ed
1352 4160 1434 4224 elias
1488 4187 1492 4196 ·

116 4263 252 4347 nuptias
265 4261 461 4341 convolaret,
477 4263 534 4328 uti·
549 4265 724 4347 contigisse
736 4272 872 4330 ,noverat
886 4267 973 4332 idem
995 4267 1184 4348 Alexander
1200 4272 1234 4334 in
1250 4269 1354 4352 specie
1369 4269 1434 4334 dic·

117 4371 143 4435 ti
169 4369 309 4454 capituli
321 4371 352 4434 5.
375 4370 433 4452 qui
457 4371 563 4436 clerici
589 4372 642 4436 vel
667 4381 822 4454 retentes,
848 4375 892 4438 ad
917 4375 1003 4440 banc
1027 4376 1242 4458 suspitionem
1266 4373 1434 4442 dilendum

116 4485 220 4552 num
243 4483 435 4566 conducere,
459 4483 489 4552 ri
512 4483 658 4568 primum·
675 4467 1292 4638 sponsusqmqtrin'raniuniHconffhat,
1315 4483 1435 4562 deinde

128 4621 131 4630 ·
215 4634 218 4638 .
839 4631 843 4640 .
987 4591 1045 4638 ou.
1119 4607 1170 4636 .-
1214 4616 1222 4635 .
