3276 4984
219 387 263 453 ⁵8
577 407 823 452 nrssnsrnnro
846 408 1021 468 secunus,
1043 405 1121 452 cae.
1145 387 1170 450 1.

217 530 372 596 Africana
388 530 537 594 Concilia
551 529 640 612 apud
662 547 902 613 quemcumque
917 530 1016 593 etiam
1042 528 1187 592 maxime
1201 539 1390 594 accuratum
1405 527 1529 594 Africa·

216 657 334 704 norum
357 659 523 704 canonum
538 639 751 718 collectorcm;
780 639 868 702 unde
882 639 992 722 gravis
1019 640 1160 721 suspicio
1178 639 1347 718 suboritur,
1373 639 1528 702 eumdem

217 746 300 812 falso
314 749 466 814 Africano
481 750 623 832 cuipiam
639 749 785 812 Concilio
800 749 971 812 recentiore
986 759 1092 812 aetate
1106 749 1306 830 adscriptum
1321 748 1430 812 fuisse.
1462 750 1529 812 Ad·

211 835 308 920 juvat
323 857 539 938 suspicionem
561 855 661 919 latina
675 857 821 936 elocutio,
847 875 931 939 quae
948 857 1081 920 caeteris
1105 855 1334 920 Africanorum
1359 874 1527 922 canonum

217 967 496 1033 lucubrationibus
511 969 645 1032 minime
670 981 835 1050 consensu
852 975 1042 1033 consonate
1065 985 1223 1032 converso
1239 967 1392 1050 loquendi
1407 967 1528 1033 formb-

217 1075 267 1156 lis,
282 1097 365 1158 quas
389 1077 588 1160 sequioribus
603 1077 720 1140 aetatis
742 1077 919 1160 Scriptores
945 1088 1193 1162 usurpaverunt
1237 1079 1385 1160 Augetur
1405 1087 1529 1160 praete·

215 1207 272 1252 rea
286 1189 426 1272 suspicio
451 1209 492 1252 ex
508 1209 555 1267 eo,
571 1188 657 1271 quod
684 1189 799 1254 nullibi
815 1189 936 1271 legitur
960 1189 1049 1273 apud
1069 1189 1241 1276 Africanos
1265 1201 1389 1252 veteres
1405 1189 1529 1254 ‘Patres

214 1292 257 1357 de
280 1295 468 1378 hujusmodi
482 1295 724 1378 quaestionibus
740 1295 952 1378 disputatum.
996 1297 1111 1379 Neque
1134 1295 1208 1378 quis
1234 1295 1375 1379 denique
1400 1297 1531 1381 objicim

215 1400 363 1484 Gregorii
379 1401 439 1466 lX.
455 1403 687 1485 auctoritatem,
702 1405 803 1486 quasi·
813 1404 989 1488 Gregorius
1003 1403 1090 1468 idem
1105 1404 1295 1487 probaverit,
1308 1405 1400 1486 quod
1415 1405 1532 1470 descri-

205 1512 359 1577 =beudum
375 1513 480 1578 voluit
494 1517 528 1578 in
543 1513 629 1579 dicto
644 1535 714 1597 cap.
732 1517 759 1580 1.
776 1513 817 1580 de
838 1515 1013 1580 condition.
1035 1515 1457 1600 appositir3-siquidem·ego
1471 1537 1530 1600 pro

201 1632 302 1686 certo
315 1622 431 1702 babeo,
446 1623 637 1704 Gregorium
655 1623 723 1687 vDL
740 1622 783 1686 ibi
798 1623 832 1687 iu
848 1643 886 1686 ea
901 1634 1009 1687 mente
1032 1621 1142 1697 fuisse,
1160 1632 1196 1686 ut
1219 1621 1418 1704 potius'enm
1428 1641 1532 1688 cano-

215 1753 301 1812 nem,
315 1755 416 1818 quem
429 1746 461 1798 et
474 1733 564 1819 apud
579 1736 781 1816 Gratianum,
794 1747 830 1799 et
844 1736 878 1800 in
894 1735 997 1818 prima
1020 1735 1209 1799 collectione
1223 1733 1443 1816 decretalium,
1453 1753 1530 1818 cap.

219 1844 247 1908 1.
262 1841 336 1908 cod..
348 1844 395 1906 tit
420 1843 547 1926 legerat,
564 1841 727 1923 indicaret,
754 1843 850 1924 recipi
867 1841 1072 1922 nundebore,
1099 1859 1175 1905 curu
1191 1851 1263 1924 port
1277 1839 1532 1905 illumaliue'di·

215 1947 299 2017 derit
312 1951 428 2032 capita,
451 1951 571 2033 quibus
583 1952 782 2014 contrarium
811 1949 1023 2014 Pontificibus
1039 1950 1205 2014 maximis
1218 1949 1533 2032 ‚placuissesenten-

215 2058 296 2122 tiam
321 2057 563 2124 demonstraret
606 2061 642 2125 si
657 2060 731 2142 quir
746 2059 856 2123 adhuc
872 2059 1026 2139 baereat,
1039 2069 1077 2122 et
1086 2059 1406 2143 interpretaripotine
1420 2059 1533 2143 hujus·

215 2163 305 2228 modi
331 2177 542 2230 monumenta
568 2166 653 2246 velit,
680 2185 782 2248 quam
796 2169 931 2252 rejicere,
957 2183 1023 2231 non
1051 2168 1249 2250 repugnabo,
1265 2167 1422 2230 :immoet
1441 2183 1532 2232 eom·

204 2273 348 2338 ,modam
363 2273 424 2357 ipsi
449 2277 607 2340 exhibebo
622 2275 922 2360 interpretationem,
945 2275 1166 2358 qua-affirmet
1191 2275 1310 2340 ibidem
1327 2275 1529 2359 agi-nonde

212 2383 388 2446 contractis
402 2383 616 2466 sponsalibus,
644 2383 703 2448 sad
718 2385 758 2449 de
771 2385 932 2450 celebrato
957 2385 1120 2469 coniugio,
1137 2384 1314 2467 plurimum
1328 2397 1439 2450 autem
1451 2387 1531 2451 ime·

216 2507 303 2554 resse
319 2490 401 2554 inter
423 2489 816 2575 adjectamsponsalibus,
846 2503 878 2554 et
891 2493 1053 2575 adjectam
1068 2492 1528 2577 matrimonilscouditionem3

216 2617 296 2666 nam
309 2599 476 2682 sponsalia
490 2601 632 2683 quidem,
648 2602 682 2664 iu
698 2602 818 2683 quibus
833 2619 884 2664 res
898 2599 1008 2664 lutura
1022 2611 1178 2681 versatur,
1192 2599 1296 2664 ¹fracile
1310 2600 1531 2668 conditionem

216 2712 385 2794 recipiunt,
400 2731 504 2794 quarn
518 2721 675 2796 respuunt
688 2712 848 2797 conjugia,
860 2725 945 2794 quae
959 2710 1001 2774 de
1016 2711 1184 2794 praesenti,
1200 2710 1529 2792 utiloquuuturnos-

209 2821 263 2902 tri,
278 2821 514 2904 concipiuntur;
530 2839 607 2885 cum
621 2833 779 2905 repugnet
793 2823 827 2884 iu
844 2821 997 2902 terminis,
1012 2819 1054 2884 de
1074 2819 1235 2903 praesenti
1249 2821 1438 2904 conjugium
1447 2835 1531 2886 con·

208 2929 356 3009 arantes
368 2933 727 3015 conjugiieomractum
744 2931 777 2994 in
792 2930 1135 3012 tempuecoudltionis
1150 2929 1306 3012 implendi
1321 2927 1450 2992 differri.

253 3039 358 3122 :Apud
373 3051 498 3104 ventas
522 3040 659 3122 uulgare
673 3049 757 3120 ’erat
784 3040 818 3104 in
842 3037 1048 3122 sponsalibus
1073 3035 1303 3101 contrahendis
1327 3033 1530 3100 conditiones

214 3145 361 3231 adjicere,
378 3148 483 3231 deque
498 3149 538 3212 iis
561 3147 751 3232 adjiciendis
765 3158 802 3212 ut
827 3147 1003 3230 plurimum
1018 3144 1214 3208 tractabatur
1240 3159 1306 3204 non
1321 3159 1378 3224 per
1390 3157 1530 3223 sponsos

215 3256 384 3341 ipsospsed
400 3277 456 3342 per
478 3267 679 3343 proxenetas,
695 3259 765 3322 eive
790 3257 1010 3322 conciliatores
1035 3256 1233 3339 nuptiorum,
1250 3253 1291 3316 de
1306 3253 1531 3336 quibusmen·

217 3369 261 3431 tio
275 3367 314 3431 fit
328 3369 362 3430 in
378 3369 397 3431 l.
426 3369 482 3432 ult.
498 3369 567 3432 cod.
584 3369 625 3432 da
648 3367 865 3452 sponsalibus.
909 3367 983 3431 Non
999 3365 1086 3429 enim
1112 3365 1191 3427 satis
1206 3364 1382 3427 honestum
1396 3362 1531 3426 uideba-

217 3487 276 3559 tur,
291 3497 428 3561 sponsus
453 3479 540 3561 ipsos
564 3497 621 3562 per
635 3497 669 3541 se
695 3478 793 3540 variis
817 3475 1087 3540 conventionibus
1111 3473 1292 3556 qrramdam
1318 3472 1364 3535 ita
1389 3469 1531 3536 dixerim

215 3589 359 3652 invidiae
374 3589 504 3672 plenam
521 3599 735 3654 mercaturam
750 3589 784 3651 in
808 3588 957 3671 conjugio
972 3584 1165 3650 celebrando
1187 3581 1300 3662 facere,
1315 3601 1455 3664 quorum
1470 3598 1528 3665 po-

215 3701 280 3764 tius
295 3703 396 3764 animi
414 3721 479 3766 non
494 3702 536 3765 ad
549 3701 728 3779 dissidium,
745 3698 802 3762 sed
818 3699 860 3762 ad
883 3696 1308 3762 mutuam'beuevolentiam
1331 3705 1407 3758 sunt
1421 3695 1531 3759 conci·

215 3810 315 3888 tandi,
334 3823 369 3876 ut
391 3809 500 3875 fausta
514 3831 640 3894 semper
664 3811 729 3874 sint
742 3810 966 3894 conjugiorum
994 3807 1150 3891 auspicia.
1190 3807 1457 3887 ¹Immuetpucta
1471 3803 1530 3867 ad·

210 3915 297 3999 jacta
311 3918 388 3981 talia
413 3919 538 4000 legibus
553 3937 623 3982 esse
638 3918 807 4000 debebant,
835 3939 920 4001 quae
936 3921 969 3982 in
984 3919 1129 4001 ipsarum
1140 3917 1256 3997 'legum
1271 3915 1371 3977 vetita
1387 3931 1453 3977 non
1468 3915 1529 3979 irn-

214 4027 391 4111 pingerent,
417 4029 696 4112 quemadmodum
711 4029 911 4112 impingebat
935 4047 976 4090 ea
990 4028 1106 4110 pactio,
1121 4023 1162 4088 de
1184 4043 1251 4106 qua
1266 4025 1388 4086 mentio
1402 4021 1441 4086 fir
1455 4023 1490 4085 in
1504 4021 1527 4086 l.

212 4137 265 4201 97.
281 4139 304 4203 i.
321 4137 377 4200 ult.
403 4137 436 4201 ff.
453 4137 493 4201 de
508 4141 593 4204 verb.
621 4139 726 4222 oblig,
744 4139 799 4202 ubi
824 4156 945 4221 sponsa
956 4135 1114 4219 stipulata
1136 4133 1279 4199 ‘somate
1302 4151 1430 4214 sponso,
1449 4141 1484 4194 ut
1498 4131 1529 4196 si

205 4243 319 4308 eidem
346 4248 516 4328 nupsisset,
532 4249 645 4315 decem
672 4251 731 4314 sibi
748 4249 909 4312 darentur.
947 4245 1041 4316 ‘Quis
1055 4243 1143 4307 enim
1168 4261 1234 4304 non
1259 4241 1357 4321 videt,
1374 4239 1529 4304 collatam

211 4338 315 4418 {uiue
330 4354 535 4421 donationem
553 4361 585 4423 in
601 4371 730 4443 tempus
757 4355 949 4422 matrimonii
964 4363 1075 4417 contra
1086 4353 1178 4434 leges
1198 4351 1355 4436 publicas,
1366 4367 1456 4432 *quae
1471 4347 1528 4411 dn

207 4463 360 4532 ‘nationes
385 4467 467 4532 inter
480 4469 595 4551 virum,
610 4479 643 4536 et
670 4485 805 4536 uxorem
818 4465 952 4545 irritant,
969 4463 989 4528 l.
1004 4461 1034 4527 l.
1060 4461 1131 4526 cod.
1146 4459 1187 4525 de
1202 4458 1310 4530 donat.
1325 4469 1403 4524 ante
1417 4457 1528 4542 nupct
