3276 4984
139 437 186 482 ns
202 437 410 484 consuetos.
427 435 583 496 uerunt,
601 437 816 496 araur-rsus,
833 437 880 482 aa·
896 435 1132 486 euanrrarre.
1149 435 1357 480 uurvsnsrs.
1400 413 1445 480 23*

137 551 171 618 ni
200 563 233 614 et
259 543 428 619 Ecclesiae
456 551 696 630 contrabantur,
727 561 850 632 praeter
877 551 983 612 civilis
1011 561 1195 614 contractus
1224 550 1370 630 sormam,
1385 550 1444 614 Sa·

135 658 296 722 eramenti
310 661 409 723 etiam
425 661 512 736 ratio,
528 670 559 720 et
585 661 687 724 virtue
702 660 794 722 inest.
838 660 1061 728 Quamobrem
1077 660 1219 742 {nuptias
1233 659 1322 742 apud
1337 659 1445 722 Chris·

136 769 244 832 danos
260 767 512 832 ritecontraetes
537 769 582 830 ita
612 767 756 847 definies,
789 777 823 828 ut
852 768 917 830 sint
945 769 1015 846 vrri,
1041 787 1080 830 ac
1107 767 1251 830 mulieris
1260 770 1358 852 juxta
1372 786 1447 830 con·

130 875 258 956 jurrctio
275 893 352 940 curu
376 873 532 956 dignitate
561 875 771 940 Sacramenn'.
815 877 852 940 Si
881 875 960 940 sorte
989 896 1186 958 quemquem
1216 878 1321 940 turbet
1349 878 1446 940 Inno-

135 981 234 1044 centii
250 981 310 1046 111.
327 982 514 1064 rescriptum
530 983 562 1046 in
578 1001 647 1066 cap.
677 983 706 1046 8.
723 983 763 1044 de
790 983 942 1060 divortiis,
968 985 1144 1046 scribentis
1193 983 1356 1070 Ounjugii
1381 983 1443 1048 Sa·

136 1103 345 1158 eumarum
373 1095 468 1178 opud
485 1095 613 1180 fideles,
644 1104 675 1158 et
702 1095 850 1180 infidelius
879 1097 1026 1172 existere,
1050 1094 1187 1158 monebo
1212 1095 1315 1174 iilum,
1330 1095 1445 1158 Sacra-

135 1207 239 1272 menti
253 1225 374 1302 nomeu
389 1206 508 1272 ibidem
523 1226 588 1277 non
614 1207 676 1272 nisi
701 1207 871 1289 improprie
886 1205 929 1270 ad
953 1205 1133 1288 infidelium
1159 1207 1311 1292 conjugia
1325 1205 1441 1288 reterre

135 1315 295 1380 nimirum
309 1325 345 1378 ut
359 1314 557 1398 intelligatur
584 1333 642 1397 pro
672 1313 803 1378 vinculo
831 1313 977 1396 quodam
1004 1314 1193 1394 arctissima,
1211 1325 1243 1376 et
1271 1312 1443 1378 indissolu-

135 1427 202 1507 biti,
227 1447 296 1512 quc
323 1425 434 1492 adbuc
462 1403 748 1510 sngutcri'possn
772 1426 963 1506 mysterium
991 1426 1227 1510 conjunctionis
1257 1425 1386 1509 Christi,
1412 1435 1445 1488 et

136 1533 318 1616 Ecclesiam
334 1533 469 1616 qnando
481 1534 629 1612 insectis
644 1533 743 1598 literis
756 1533 856 1598 etiarn
881 1545 957 1598 aute
972 1553 1096 1598 novum
1110 1535 1361 1600 Testamentum
1370 1536 1448 1620 jam.

136 1641 199 1706 sub
212 1642 552 1724 nominesponsorum
567 1651 599 1704 et
625 1640 782 1719 Christus,
806 1649 839 1704 et
864 1639 1014 1706 Ecclesia
1036 1639 1221 1724 prophetico
1246 1640 1377 1732 dicendi
1391 1659 1446 1726 ge·

136 1731 489 1838 neredesifflabanturi
532 1756 612 1830 Qua
626 1754 659 1818 in
674 1751 911 1835 significatione
926 1754 1024 1816 etiarn
1048 1753 1126 1818 aiibi
1155 1753 1363 1818 Innocentius
1378 1771 1448 1829 rest

135 1861 255 1944 cripsit,
285 1872 362 1926 ante
389 1862 587 1946 baptismum
601 1881 695 1944 posse
720 1861 841 1945 suscipi
868 1862 1117 1928 Sacramentum
1142 1863 1290 1948 conjugii,
1315 1863 1399 1928 sicut
1412 1883 1444 1926 e-

135 1976 392 2042 Soeramentum
404 1975 526 2038 ordinis
555 1987 631 2040 ante
661 1975 866 2072 baptismium
883 1973 973 2057 apud
1002 1987 1126 2038 veteres
1155 1975 1287 2040 Levitae
1317 1951 1445 2059 suscep-

135 2097 208 2150 tum
223 2097 285 2165 est,
297 2104 367 2166 cap.
384 2083 416 2146 ff.
432 2083 473 2148 de
490 2085 627 2166 presbyt.
644 2101 709 2148 non
732 2084 901 2163 baptizato.
945 2083 1060 2165 Neque
1075 2085 1163 2148 enirn
1186 2087 1338 2166 suspicor,
1354 2087 1444 2150 exin·

135 2194 176 2258 de
190 2175 480 2278 quemdamposse
503 2191 703 2270 concludere,
733 2193 960 2258 Innocentium
990 2195 1163 2276 pumrisse
1188 2198 1257 2279 jam
1287 2197 1321 2258 in
1337 2207 1444 2260 vetere

134 2300 207 2383 iege
236 2299 384 2366 ordinem
413 2301 696 2366 Sacramentorum
733 2320 868 2366 numero
904 2302 1053 2378 habiturn
1081 2302 1192 2386 irrisam
1228 2305 1286 2368 sed
1315 2315 1444 2370 tantum

134 2412 317 2496 improprie,
347 2422 379 2475 et
408 2423 551 2490 eatenus,
581 2420 743 2492 quotenus
772 2411 806 2474 in
835 2411 980 2476 Levitico
1009 2413 1113 2495 prisco
1142 2415 1318 2478 ministerio
1339 2413 1447 2496 figura

132 2531 203 2582 erat
221 2516 443 2596 Pontificatus,
459 2529 492 2580 ct
519 2518 641 2582 ordinis
656 2537 760 2584 novae
775 2519 865 2602 legis,
881 2521 914 2584 iu
930 2539 994 2602 quo
1010 2521 1144 2586 demum
1159 2523 1362 2588 Sacrameuti
1376 2523 1445 2606 dig-

133 2628 223 2692 nitas
239 2625 350 2692 iutura
364 2611 493 2690 fuisset
532 2628 706 2693 Caeterum
722 2627 810 2692 idem
838 2629 1047 2694 Innocentius
1077 2631 1139 2692 hoc
1169 2630 1342 2694 discrimen
1362 2649 1447 2712 pers-

133 2737 232 2819 picue
263 2734 440 2818 explicarit
455 2735 488 2798 in
502 2755 574 2820 cap.
589 2738 610 2800 7
612 2785 619 2800 .
635 2735 676 2800 de
691 2737 845 2815 divortiis¹
875 2757 917 2802 ex
932 2757 998 2820 quo
1013 2739 1094 2804 nihil
1120 2740 1263 2822 amplius
1277 2759 1445 2822 superesse

133 2856 241 2930 potest
255 2843 475 2924 dubitationis,
505 2846 776 2924 utconciudatur,
806 2847 1035 2912 Innocentium
1062 2849 1235 2928 meruisse,
1265 2849 1346 2912 inter
1360 2849 1446 2914 scios

133 2955 262 3034 fideles,
278 2966 311 3018 et
325 2955 505 3038 baptizatos
535 2974 649 3020 verum
678 2975 749 3020 esse
763 2973 858 3039 posse
888 2958 1028 3042 conjugii
1056 2959 1318 3024 Sacramentum.
1360 2959 1449 3026 Nou·

134 3064 217 3130 dum
232 3077 345 3128 tamea
360 3064 511 3128 videntur
524 3059 587 3130 i'eta
610 3067 644 3130 in
660 3066 732 3130 luce
757 3066 937 3130 clarissima
965 3068 1130 3149 collocata,
1145 3070 1209 3139 nisi
1234 3071 1295 3136 hoc
1325 3071 1359 3156 in
1376 3071 1446 3139 ioco

133 3174 315 3238 nonnullas
330 3175 536 3256 quaestiones
562 3174 740 3258 subjiciam,
757 3174 789 3238 in
816 3177 935 3255 quibus
960 3165 1141 3242 enodandis
1164 3195 1331 3244 canonum
1343 3176 1446 3266 culto·

133 3303 183 3348 res
198 3283 302 3348 eriam
316 3281 546 3349 studiosissimi
560 3302 626 3350 non
641 3299 759 3366 parum
772 3283 1009 3350 laboraverunt

647 3533 886 3606 QUAES'PIO
906 3535 931 3600 1.

276 3757 331 3824 De
345 3761 485 3844 vulgari
498 3763 709 3828 matrimonii
720 3764 904 3850 partitione
919 3765 956 3826 iu
971 3763 1171 3848 legitimum,
1187 3775 1310 3846 rutum,

623 3918 661 3960 ac
678 3905 957 3962 consummatum.

139 4149 350 4368 Nescia,
378 4307 421 4352 au
449 4289 575 4372 primus
601 4291 780 4354 Gratianus
794 4290 885 4374 apud
899 4291 1038 4353 cultores
1054 4309 1227 4368 canonum,
1253 4309 1296 4353 an
1317 4289 1448 4372 ¹primus

140 4397 258 4462 Petrus
271 4394 477 4460 lambortus
493 4397 581 4479 apud
608 4396 805 4479 Theolog083
833 4411 968 4480 uterque
995 4417 1073 4459 sane
1097 4397 1310 4460 recentiorum
1325 4397 1451 4460 schola-

139 4529 209 4574 mm
224 4509 392 4588 Parentes,
409 4517 440 4572 et
468 4509 587 4587 Duces,
600 4507 645 4572 ad
675 4509 887 4593 explicandas
910 4509 1017 4590 tnagis
1047 4508 1210 4590 perspicue
1240 4509 1349 4572 varias
1378 4529 1454 4574 con-
