3276 4984
210 387 252 452 42
524 411 768 456 nrsscn'rarro
790 413 916 470 sarua,
939 411 1090 460 ananan.
1113 391 1167 456 tv.

209 547 280 593 rum
296 540 352 610 est,
368 549 433 609 ees,
448 551 533 614 quae
547 533 581 596 in
596 533 695 597 sacris
711 536 826 598 veteris
840 534 1043 597 Testamenti
1058 533 1156 596 literis
1181 531 1381 598 concubinae
1402 533 1510 616 appel·

208 638 324 718 lantur,
339 639 535 722 quandoque
550 655 582 705 et
597 643 706 706 uxoris
721 643 851 706 nomine
866 642 967 706 fuisse
989 643 1179 725 appellatam
1207 643 1269 708 nisi
1292 643 1425 723 dixern,
1441 661 1510 726 pro-

208 749 275 832 prie
290 769 344 812 eas
361 769 477 813 uxores
492 751 645 833 appellari
661 752 877 830 consuevisse,
893 771 977 832 quae
1003 761 1162 814 non-tam
1188 751 1283 832 prolis
1298 767 1399 813 carisa
1413 749 1509 812 duce-

208 869 324 938 rcumr,
340 877 440 940 quam
455 857 597 922 familiae
612 860 709 922 etiam
726 879 792 923 tina
813 879 888 923 curn
915 862 1030 924 marito
1054 857 1222 941 regendae,
1245 871 1343 942 atque
1358 857 1508 922 adminis·

209 965 354 1047 trandae;
371 977 405 1030 at
429 969 626 1032 concubinas
655 971 778 1053 proprie
802 970 874 1050 dici,
901 989 986 1052 quac
1012 981 1140 1034 tantum
1163 970 1260 1053 prolis
1285 989 1385 1035 causa
1409 969 1511 1032 susci·

208 1087 366 1158 petentur.
409 1076 465 1140 Sic
480 1077 623 1142 Oethura
648 1079 681 1144 in
706 1097 776 1161 cap.
799 1080 849 1143 25.
866 1080 1029 1142 Geneseos
1044 1079 1235 1158 concubina,
1251 1089 1283 1141 et
1298 1095 1379 1141 uxor
1392 1077 1510 1140 dicitur

206 1183 367 1264 Abrahae,
383 1185 659 1266 quemadmodum
674 1188 773 1250 etiam
787 1189 876 1269 Agar
901 1189 935 1251 in
959 1203 1029 1270 cap.
1057 1189 1105 1250 16.
1128 1198 1160 1250 et
1174 1188 1215 1251 25
1241 1187 1406 1250 Geneseos
1421 1185 1509 1249 dicta
1584 1219 1588 1226 .

208 1285 270 1353 suit
294 1291 444 1356 Abrahae
472 1313 560 1374 uxor,
586 1311 672 1377 quae
696 1295 773 1360 aiibi
798 1297 1001 1360 concubinae
1027 1299 1157 1362 nominc
1180 1295 1397 1380 distinguitur,
1422 1295 1509 1358 dicto

206 1411 277 1477 cap.
304 1395 354 1460 25.
385 1398 557 1479 Geneseos,
579 1412 611 1464 et
636 1402 704 1466 libr.
734 1405 760 1466 l.
786 1403 1020 1488 Paralipomen.
1044 1423 1115 1487 cap.
1143 1405 1170 1468 1.
1213 1405 1267 1470 Sic
1293 1404 1413 1470 Jac'obo
1427 1401 1510 1466 Bela

206 1501 327 1568 ancilia
352 1507 513 1586 Racheiia,
539 1521 572 1573 et
596 1511 725 1594 zelpha
747 1513 868 1577 ancilla
896 1513 1125 1596 Liaeproprie
1146 1512 1347 1590 concubinae
1369 1508 1510 1587 luenmt,

206 1609 345 1692 capse.
387 1613 559 1695 Genescos,
575 1635 693 1682 uxores
709 1629 818 1683 temen
843 1620 941 1685 etiem
965 1614 1182 1698 nominantur,
1206 1627 1240 1682 et
1263 1617 1299 1680 iu
1321 1615 1509 1700 eonjugium

207 1713 312 1796 datae,
327 1720 492 1786 &umens
505 1743 576 1807 cap.
601 1725 651 1788 30.
675 1727 789 1810 Itaque
812 1728 960 1808 sufficiat,
985 1728 1151 1812 quaedam
1173 1727 1271 1792 mam
1296 1725 1337 1790 de
1358 1722 1509 1793 concan-

204 1825 257 1891 nis
280 1828 351 1892 istis
380 1833 493 1913 paucis
521 1835 674 1918 attigisse,
704 1835 784 1902 dum
819 1839 893 1902 dico
928 1839 1070 1922 primum
1101 1841 1198 1922 juxte
1218 1836 1378 1921 ¹Apostoli
1413 1809 1511 1898 Pauli

207 1939 401 2004 sententiam
416 1945 450 2006 in
465 1943 555 2026 epist
579 1944 621 2008 ad
647 1945 781 2010 Galatas
806 1967 876 2030 cap.
900 1947 940 2028 4.,
970 1947 1134 2030 quaedam
1158 1947 1278 2011 ibidem
1303 1946 1511 2029 agnoscenda

206 2064 278 2108 ease
288 2069 352 2132 per
366 2052 565 2136 allegoriam
580 2053 727 2120 dictand
752 2067 846 2120 vetus
870 2055 976 2136 simul,
1003 2067 1035 2120 et
1057 2077 1179 2121 novum
1203 2067 1431 2120 testamentum
1447 2057 1510 2140 sig·

206 2155 419 2242 nificandum;
437 2159 562 2242 deiude,
578 2164 775 2246 singularem
797 2176 829 2227 et
853 2164 1021 2248 providam
1048 2165 1110 2228 Dei
1134 2165 1377 2248 permissionem
1399 2165 1510 2248 depre-

206 2264 316 2348 hendi,
333 2281 369 2334 ut
384 2271 481 2336 latius
496 2293 600 2372 genus
615 2275 808 2340 Sanctorum
823 2276 866 2338 ad
889 2295 1011 2360 paucos
1034 2275 1099 2340 lere
1114 2276 1281 2342 redactum
1306 2287 1384 2340 tunc
1398 2297 1510 2360 propa·

206 2389 344 2459 geretur,
360 2399 484 2446 canone
498 2383 527 2446 3.
543 2385 572 2447 6.
590 2385 619 2448 7.
635 2385 666 2448 9.
681 2403 769 2448 caus.
785 2385 836 2448 32.
852 2395 975 2467 quaest.
990 2385 1021 2448 4.
1036 2385 1185 2469 denique,
1201 2405 1262 2451 nec
1287 2388 1419 2450 omnino
1434 2406 1510 2450 con-

205 2489 397 2555 cubinatum
412 2491 506 2556 illum
531 2500 552 2559 a
578 2495 648 2557 Deo
671 2485 771 2558 fuisse
794 2494 1068 2580 quandocumque
1090 2499 1260 2581 probatum
1277 2499 1323 2562 uti
1338 2497 1378 2561 de
1393 2517 1510 2564 concu-

205 2597 319 2664 binatu
334 2601 485 2666 Abrahae
500 2603 635 2666 scribere
651 2623 715 2668 non
731 2603 892 2669 dubitavit
906 2605 1095 2669 Ambrosius
1107 2606 1139 2669 in
1163 2605 1243 2668 libro
1265 2604 1306 2668 de
1331 2605 1509 2686 Abraham,

205 2725 329 2791 exque
342 2709 550 2794 depromptus
565 2723 614 2774 est
638 2731 743 2779 canon
769 2712 798 2776 3.
824 2733 913 2780 caus.
938 2713 991 2776 32.
1018 2723 1142 2794 quaest
1166 2711 1207 2791 4.,
1233 2712 1333 2774 immo
1358 2727 1509 2794 expresse

205 2818 400 2902 quandoque
416 2821 627 2902 reprobatum,
644 2825 770 2904 quoties
784 2821 827 2886 ad
842 2821 974 2886 libidem
989 2821 1174 2900 flecteretur,
1202 2820 1250 2884 uti
1265 2820 1367 2903 liquet
1379 2839 1422 2884 ex
1436 2837 1508 2904 cap.

207 2929 257 2992 11.
273 2929 340 2996 libr.
356 2929 386 2994 3.
401 2931 530 3014 Regum
542 2932 582 2996 de
597 2925 786 2998 corrcrrbinie
812 2951 946 2998 numero
970 2929 1120 3016 plurimis
1142 2929 1335 3009 Salomonis,
1361 2949 1432 2993 can.
1458 2929 1507 2994 13.

205 3058 295 3104 caus.
310 3041 359 3106 32
375 3053 499 3126 quaest
515 3043 545 3106 t.
568 3043 749 3124 Caeterum,
765 3061 850 3125 quae
863 3043 1081 3124 disputatione
1104 3040 1214 3104 iocum
1236 3040 1271 3102 in
1297 3039 1361 3103 hac
1375 3039 1507 3104 materia

203 3151 354 3235 praebere
375 3165 520 3236 poscunt,
535 3153 737 3218 commodius
758 3155 855 3237 juvat
878 3151 993 3216 referre
1005 3152 1052 3214 in
1067 3159 1218 3233 quartem
1233 3149 1508 3232 Dissertationem,

204 3257 261 3322 u'bi
276 3257 316 3321 de
337 3261 492 3326 evitanda
518 3263 704 3346 polygamiae
726 3263 890 3347 agendum
915 3263 983 3342 erit,
1009 3271 1107 3342 etque
1129 3259 1288 3325 curiosius
1308 3261 1508 3345 investigan-

204 3362 355 3446 dum,.an
369 3387 480 3434 reuera
494 3389 536 3433 ex
550 3381 688 3434 naturae
696 3371 768 3453 Jure
781 3369 963 3433 damnetur.

247 3477 360 3543 Potius
374 3481 416 3545 ad
431 3481 653 3546 Romanorum
668 3491 815 3545 veterum
829 3499 933 3546 mores
947 3479 1184 3565 respiciendum
1198 3489 1255 3558 eat,
1280 3481 1340 3562 qui·
1351 3491 1385 3542 et
1398 3481 1507 3546 Ghric-

204 3585 302 3655 tienis
316 3589 501 3672 aliquando,
523 3611 563 3654 ac
578 3591 724 3654 maxima
738 3591 771 3658 in
788 3598 877 3673 parte
891 3589 980 3654 luere
994 3607 1193 3669 communes,
1220 3585 1335 3652 sutem
1350 3587 1508 3670 prioribus

205 3699 373 3764 Ecclesiae
388 3701 534 3780 saeculis,
549 3717 626 3765 cum
641 3701 774 3784 probata
787 3697 830 3764 ab
846 3697 995 3765 Ethnicis
1010 3699 1092 3784 juris
1107 3697 1227 3782 publici
1244 3697 1413 3780 prudentia
1427 3715 1507 3762 non-

204 3806 285 3873 dum
300 3809 430 3892 purgari
445 3809 586 3887 omnino,
610 3817 643 3871 et
657 3808 700 3871 ad
715 3809 904 3891 purissimas
926 3807 1100 3892 Evangelii
1115 3807 1333 3872 institutiones
1357 3807 1431 3890 exgi
1447 3827 1507 3874 trc-

204 3915 386 4000 dccumque
413 3918 522 3999 potuit.
567 3917 682 4000 Itaque
696 3919 836 3983 Romani
861 3936 926 3982 non
941 3918 1194 3981 concubinarum
1218 3919 1349 3982 nomine
1366 3916 1507 3982 donave-

202 4038 280 4092 runt
294 4038 351 4090 aut
365 4029 518 4110 conjuges
533 4027 613 4107 illas,
628 4045 713 4110 quae
728 4029 762 4091 in
777 4029 837 4092 riri
852 4029 984 4111 legitimi
1008 4029 1159 4111 injuriam
1169 4029 1389 4111 jungebantur
1404 4029 1504 4110 alteri,

203 4145 263 4202 aut
276 4135 398 4198 solutas
421 4142 443 4200 a
456 4136 604 4220 conjugio
629 4135 775 4216 seminas,
790 4157 874 4218 quac
898 4155 1033 4201 uxorem
1042 4139 1165 4220 justam
1185 4135 1378 4201 habentibus
1387 4138 1505 4220 junge-

202 4251 321 4323 rantur,
348 4243 467 4306 etenim
482 4244 565 4306 sicut
590 4245 710 4326 priores
733 4245 914 4323 cdrdteroe,
938 4243 981 4306 ita
997 4243 1184 4326 posteriores
1204 4243 1340 4326 pollices¹
1363 4243 1506 4325 appella-

202 4355 289 4432 bant,
306 4362 456 4435 utrasque
481 4373 560 4418 sane
576 4355 732 4436 probrosis
747 4354 942 4432 nominibus,
972 4363 1070 4434 atque
1084 4352 1131 4431 iis,
1147 4369 1232 4432 quae
1247 4371 1313 4416 non
1329 4352 1425 4435 longa
1440 4351 1506 4416 dis·

203 4472 316 4544 tarent,
336 4464 433 4548 unta
447 4463 528 4530 illud
554 4463 666 4528 Ovidii
691 4465 941 4549 neumorphoa.
968 4463 1019 4530 10.
1033 4461 1074 4527 de
1104 4461 1247 4549 Myrrha:
1287 4463 1382 4532 tuna
1395 4466 1460 4528 crit
1473 4471 1505 4528 et
