3276 4984
215 381 254 447 rt
313 417 318 426 ·
548 405 792 449 Dtssfflm'rto
814 405 990 466 saeuum,
1013 405 1090 449 cns.
1113 385 1172 450 111.

213 545 255 590 ex
270 527 475 610 sponsalibus
490 529 750 610 quibuscumque
774 538 851 591 nata
873 527 1009 610 dicatnn
1038 537 1109 591 tum
1136 547 1212 590 vero
1236 527 1523 610 quemadmodum,

214 638 260 702 uti
276 639 428 716 diximus,
445 639 528 702 actio
554 661 595 702 ex
622 641 826 722 sponsalibus
850 651 928 702 neta
953 659 1069 723 parum
1094 640 1212 704 efficax
1236 641 1382 721 habetur,
1411 651 1521 724 utpote

212 766 297 830 quae
313 749 479 830 propositis
495 749 738 829 exceptionibus
764 747 859 811 facile
883 748 961 810 elidi
988 751 1167 830 consuevit,
1193 769 1259 813 non
1275 750 1524 832 video,quomo·

211 853 254 916 do
283 849 398 917 eadem
427 855 510 917 actio
538 857 644 938 magis
673 856 779 920 eficax
808 857 920 920 haberi
949 859 1050 940 possit
1086 869 1232 942 respectu
1268 860 1354 942 pacti
1391 860 1523 943 adjecti;

211 979 317 1044 neque
332 965 419 1026 enim
434 965 516 1026 actio
532 964 693 1046 quaedam
720 967 851 1047 proponi
877 977 989 1048 potest,
1015 987 1100 1048 quae
1126 968 1263 1032 validior
1288 971 1329 1031 sit
1355 969 1396 1032 ad
1413 989 1520 1031 acces·

211 1069 311 1130 sorias
340 1070 551 1151 obligationes
580 1071 809 1151 informandus,
840 1093 940 1154 quarn
970 1075 1011 1136 ad
1042 1077 1270 1158 obligationem
1294 1078 1518 1160 principalem.

210 1173 302 1237 Nihil
328 1186 436 1238 tamen
462 1177 599 1256 interest,
628 1197 670 1240 an
696 1180 809 1241 arrhae
835 1181 927 1244 inre
956 1183 1075 1263 mobili,
1104 1205 1146 1247 an
1173 1187 1262 1248 inre
1293 1187 1458 1256 immobili,
1477 1207 1522 1250 an

210 1279 244 1342 in
260 1299 292 1342 re
305 1284 423 1364 magni,
441 1303 483 1346 an
499 1285 580 1347 inre
603 1287 713 1367 exigui
730 1290 883 1351 momenti
909 1293 1154 1372 constituantur,
1181 1313 1257 1356 crim
1281 1297 1418 1358 coercita
1440 1297 1518 1378 legi-

210 1391 271 1453 bus
287 1411 351 1454 non
367 1395 455 1457 sitin
471 1395 534 1456 hac
548 1407 637 1477 parte
651 1397 913 1461 contrahentium
927 1411 1077 1482 potestas.
1122 1401 1214 1464 Finis
1230 1403 1398 1466 arrharum
1414 1405 1441 1466 is
1456 1415 1520 1482 est,

209 1510 247 1562 nt
261 1501 288 1562 si
304 1503 359 1582 qui
376 1501 472 1581 dedit,
489 1503 587 1567 fidem
614 1505 747 1586 impleat
772 1506 824 1567 vel
851 1506 950 1569 fidem
974 1527 1039 1570 non
1066 1508 1200 1589 impleat
1222 1509 1363 1589 quidem,
1389 1509 1446 1571 sed
1461 1511 1522 1574 ha-

209 1611 283 1672 beat
294 1613 416 1694 justam
442 1631 505 1675 non
533 1612 688 1695 implendi
712 1634 854 1694 cansam,
883 1615 994 1678 arrhas
1021 1629 1194 1699 rernperet3
1220 1629 1252 1680 at
1276 1617 1303 1680 si
1326 1617 1425 1680 fidem
1448 1637 1515 1682 non

209 1721 342 1803 impleat
358 1723 427 1784 sine
452 1741 561 1802 causa,
584 1724 713 1786 easdem
742 1725 854 1786 arrhas
880 1725 1015 1806 amittat;
1046 1725 1074 1787 si
1093 1744 1173 1787 -uero
1196 1726 1252 1807 qni
1277 1727 1409 1809 accepit,
1434 1726 1517 1789 nihil

209 1841 319 1895 tamen
345 1833 513 1896 arrharum
537 1835 668 1897 nomine
694 1833 790 1913 dedit,
818 1834 1018 1896 voluntatem
1046 1845 1151 1896 mutet
1175 1853 1217 1897 ex
1239 1855 1340 1898 carisa
1363 1835 1517 1917 legitima,

208 1946 321 2008 arrhas
344 1944 540 2008 restituendo
566 1945 725 2022 liberetur,
749 1954 781 2005 et
806 1943 931 2024 quoties
957 1941 1049 2005 nnlla
1074 1943 1115 2004 sit
1136 1945 1224 2026 justa
1246 1942 1424 2005 voluntatis
1447 1961 1518 2005 mu·

207 2051 326 2114 tandae
341 2071 450 2130 causa,
473 2053 621 2115 restituat
646 2051 794 2136 duplum,
821 2052 853 2112 in
881 2069 946 2131 quo
971 2049 1126 2113 nimirum
1149 2061 1182 2112 et
1207 2051 1371 2132 simplum,
1399 2053 1431 2116 id
1457 2061 1516 2132 est,

206 2157 294 2238 quod
310 2159 478 2222 arrharum
503 2160 634 2222 nomine
661 2171 836 2243 acceperat,
864 2160 1057 2238 continetur,
1072 2159 1133 2222 nisi
1150 2161 1191 2223 ab
1207 2160 1297 2222 initio
1312 2159 1433 2242 aliquid
1451 2179 1521 2224 am-

206 2267 293 2350 plius
308 2268 441 2346 restitui,
456 2279 590 2330 cantum
606 2287 755 2351 expresse
771 2267 866 2331 inerit
889 2275 911 2332 a
935 2269 1209 2347 contrahentibus,
1236 2269 1413 2334 dummodo
1438 2287 1519 2351 que·

206 2373 359 2456 drnplnm
374 2393 440 2437 non
451 2375 635 2453 excedatur,
652 2375 738 2438 dicta
762 2377 782 2439 l.
810 2379 839 2440 5.
866 2395 946 2440 vers.
975 2399 1060 2463 quoe
1086 2379 1199 2442 ornain
1222 2379 1275 2441 cui
1297 2379 1392 2462 jungi
1414 2391 1520 2462 potest

205 2481 259 2544 lex
288 2483 335 2545 17.
360 2481 419 2544 eod
445 2479 486 2544 de
508 2481 573 2544 fide
598 2484 744 2546 instrum.
768 2485 895 2546 Favere
918 2484 1091 2562 minorum,
1119 2485 1179 2566 qui
1193 2485 1306 2548 arrhae
1322 2497 1518 2568 receperunt,

204 2601 238 2654 et
260 2591 330 2654 sine
350 2609 452 2655 causa
477 2592 682 2672 dissentiunt,
710 2593 738 2654 si
762 2593 800 2656 in
828 2593 990 2675 integrum
1013 2594 1137 2656 restitui
1160 2594 1332 2675 postulent,
1359 2605 1519 2662 statutum

204 2709 261 2779 est,
278 2710 314 2761 ut
329 2699 483 2782 simplum
506 2697 734 2762 tantummodo
760 2697 911 2780 reddant,
937 2719 1042 2783 poena
1067 2700 1100 2764 in
1125 2699 1206 2763 illud
1221 2699 1351 2776 directa,
1368 2719 1432 2780 quo
1445 2701 1520 2764 nul-

205 2804 273 2870 lum
291 2805 416 2869 luorum
433 2806 597 2884 retineant,
613 2825 678 2869 non
702 2805 864 2870 damirum
879 2809 1056 2890 patiantur,
1083 2806 1146 2870 nisi
1171 2807 1286 2871 arrhae
1311 2813 1332 2872 a
1355 2808 1518 2884 minorum
1589 2827 1594 2836 ·

204 2915 390 2997 parentibus
404 2926 550 2998 receptae
565 2914 711 2997 fuissent3
729 2915 924 2980 beneficium
947 2917 1035 2980 enirn
1060 2915 1272 2979 restitutionis
1295 2915 1330 2979 in
1354 2919 1519 2998 integrum

203 3027 381 3091 minoribns
395 3037 587 3110 competens,
604 3029 767 3091 minorum
793 3028 986 3109 parentibus
1010 3043 1076 3090 non
1101 3045 1203 3108 aeque
1229 3026 1332 3105 datur,
1348 3026 1435 3090 dieta
1450 3029 1470 3091 l.
1486 3029 1517 3093 5.

203 3156 285 3200 vers.
297 3121 431 3221 putrem
445 3157 528 3200 vcro.
573 3136 666 3207 Quid
687 3155 772 3215 vero,
800 3137 828 3198 si
853 3136 941 3200 datis
967 3137 1071 3200 arrhis
1094 3155 1181 3199 mors
1206 3136 1392 3200 alterutrius
1407 3137 1519 3220 sponsi

202 3261 279 3310 ante
305 3248 492 3330 conjugium
518 3245 726 3308 interveniat?
770 3245 965 3310 Clarissima
990 3256 1039 3308 est
1061 3245 1246 3310 constitutio
1275 3247 1308 3309 in
1339 3247 1359 3308 l.
1385 3247 1415 3310 3.
1445 3245 1517 3310 eod.

201 3353 244 3418 de
259 3354 409 3437 sponsal,
435 3355 587 3417 nimirum
613 3354 641 3416 si
666 3353 694 3416 is
718 3352 842 3431 obierit,
869 3353 926 3433 qui
948 3353 1061 3415 arrhas
1075 3353 1208 3434 accepit,
1223 3355 1292 3437 eJus
1308 3353 1519 3417 haeredesad

202 3462 315 3525 arrhas
330 3461 544 3524 restituendas
558 3473 724 3542 cogentnn
740 3469 773 3523 et
798 3465 818 3522 e
843 3479 1002 3523 converso
1029 3461 1056 3524 si
1082 3462 1111 3524 is
1131 3462 1250 3540 obierit,
1264 3463 1320 3544 qni
1335 3462 1448 3526 arrhas
1462 3461 1518 3526 de-

202 3571 258 3652 dit,
274 3573 315 3636 ab
330 3570 475 3656 ejusdem
489 3569 685 3634 haeredibus
695 3571 767 3653 jure
782 3579 966 3651 repetentur
976 3567 1099 3647 arrhae,
1111 3569 1173 3631 nisi
1195 3568 1371 3632 defunctus
1394 3568 1426 3632 in
1449 3567 1518 3632 enl-

202 3678 384 3764 patuisset,
401 3689 748 3760 necongruotempore
771 3677 960 3761 conjugium
983 3678 1229 3741 contraheretur.
1273 3677 1410 3747 Quaeiri
1425 3675 1518 3761 solet,

202 3807 285 3854 num
299 3789 462 3851 concessis
476 3789 555 3851 arris
581 3788 624 3850 ab
638 3805 685 3866 eo,
712 3786 769 3868 qui
785 3785 884 3866 dedit,
903 3797 964 3849 aut
979 3785 1055 3850 doto
1069 3785 1170 3868 duplo
1185 3787 1226 3850 ab
1247 3805 1294 3866 eo,
1309 3787 1367 3868 qni
1382 3787 1517 3869 accepit,

202 3895 403 3978 sponsalium
426 3893 595 3960 vinculum
618 3895 761 3958 solutum
787 3893 889 3958 fnisse
911 3895 1121 3977 intelligatur,
1148 3906 1179 3958 et
1204 3897 1330 3960 extima
1351 3896 1517 3979 obligatio.

201 4007 275 4090 Ego
289 3998 492 4083 non‘dubito,
508 4004 588 4086 quin
612 4003 722 4067 adhuc
737 4005 902 4084 musistat,
929 4002 1019 4086 quod
1044 4005 1080 4066 in
1094 4002 1208 4066 arrhae
1224 4003 1440 4082 concessione,
1457 4013 1519 4068 aut

201 4113 236 4176 in
251 4112 410 4174 solutione
425 4111 517 4195 dupli
529 4111 621 4176 nulla
636 4125 812 4178 censeatur
826 4111 914 4176 faeta
938 4111 1039 4176 fuisse
1064 4111 1235 4174 oblationis
1260 4111 1400 4192 novado,
1414 4113 1517 4176 immo

200 4221 315 4285 arrhae
330 4221 402 4284 ideo
416 4221 514 4284 datae
529 4220 762 4304 intelligantur,
789 4233 822 4284 et
847 4221 1022 4286 constituta
1046 4221 1200 4304 obligatio
1225 4219 1326 4304 dupli,
1342 4232 1379 4284 ut
1392 4221 1519 4290 firmior

198 4339 285 4391 esset
297 4339 491 4406 contractus,
507 4347 573 4392 non
589 4341 625 4393 ut
647 4327 776 4396 facilius
800 4329 1027 4411 infirmaretur,
1053 4340 1245 4413 argumento
1267 4329 1287 4396 l.
1312 4332 1432 4398 llbin
1447 4330 1517 4398 line

198 4431 233 4498 ἰ
246 4432 289 4498 de
303 4435 390 4500 verb.
405 4435 665 4522 obligationibus.
