<?xml version="1.0" encoding="UTF-8"?>
<!DOCTYPE html PUBLIC "-//W3C//DTD XHTML 1.0 Transitional//EN"
    "http://www.w3.org/TR/xhtml1/DTD/xhtml1-transitional.dtd">
<html xmlns="http://www.w3.org/1999/xhtml" xml:lang="en" lang="en">
 <head>
  <title>
</title>
<meta http-equiv="Content-Type" content="text/html;charset=utf-8" />
  <meta name='ocr-system' content='tesseract 3.04.00' />
  <meta name='ocr-capabilities' content='ocr_page ocr_carea ocr_par ocr_line ocrx_word'/>
</head>
<body>
  <div class='ocr_page' id='page_1' title='image "./carolisebastian00beragoog_0450.png"; bbox 0 0 3120 4980; ppageno 0'>
   <div class='ocr_carea' id='block_1_1' title="bbox 266 313 1489 418">
    <p class='ocr_par' dir='ltr' id='par_1_1' title="bbox 266 313 1489 418">
     <span class='ocr_line' id='line_1_1' title="bbox 266 313 1489 418; baseline -0.013 -22"><span class='ocrx_word' id='word_1_1' title='bbox 266 349 316 396; x_wconf 82' lang='lat' dir='ltr'><strong>ns</strong></span> <span class='ocrx_word' id='word_1_2' title='bbox 331 349 394 409; x_wconf 86' lang='lat' dir='ltr'><strong>ne,-</strong></span> <span class='ocrx_word' id='word_1_3' title='bbox 407 347 470 398; x_wconf 81' lang='lat' dir='ltr'><strong>our</strong></span> <span class='ocrx_word' id='word_1_4' title='bbox 487 343 642 392; x_wconf 79' lang='lat' dir='ltr'><strong>cuarssr</strong></span> <span class='ocrx_word' id='word_1_5' title='bbox 657 341 775 389; x_wconf 77' lang='lat' dir='ltr'><strong>riores</strong></span> <span class='ocrx_word' id='word_1_6' title='bbox 793 340 950 390; x_wconf 78' lang='lat' dir='ltr'><strong>renisus</strong></span> <span class='ocrx_word' id='word_1_7' title='bbox 967 336 1219 384; x_wconf 72' lang='lat' dir='ltr'><strong>aususausus.</strong></span> <span class='ocrx_word' id='word_1_8' title='bbox 1349 313 1390 382; x_wconf 90' lang='lat' dir='ltr'><strong>rt</strong></span> <span class='ocrx_word' id='word_1_9' title='bbox 1485 411 1489 418; x_wconf 26' lang='grc' dir='ltr'>Ι</span> 
     </span>
    </p>
   </div>
   <div class='ocr_carea' id='block_1_2' title="bbox 80 448 1485 1974">
    <p class='ocr_par' dir='ltr' id='par_1_2' title="bbox 80 448 1485 1974">
     <span class='ocr_line' id='line_1_2' title="bbox 92 448 1485 550; baseline -0.011 -14"><span class='ocrx_word' id='word_1_10' title='bbox 92 448 167 539; x_wconf 67' lang='grc' dir='ltr'><strong>ιΙιιιιι</strong></span> <span class='ocrx_word' id='word_1_11' title='bbox 181 449 397 539; x_wconf 71' lang='lat' dir='ltr'><strong>(lltdstienurn</strong></span> <span class='ocrx_word' id='word_1_12' title='bbox 412 469 611 550; x_wconf 76' lang='lat' dir='ltr'><strong>mancipium</strong></span> <span class='ocrx_word' id='word_1_13' title='bbox 636 482 730 548; x_wconf 82' lang='lat' dir='ltr'><strong>posse</strong></span> <span class='ocrx_word' id='word_1_14' title='bbox 743 463 869 530; x_wconf 85' lang='lat' dir='ltr'><strong>ledaco</strong></span> <span class='ocrx_word' id='word_1_15' title='bbox 884 463 1011 526; x_wconf 86' lang='lat' dir='ltr'><strong>servire.</strong></span> <span class='ocrx_word' id='word_1_16' title='bbox 1055 461 1168 526; x_wconf 70' lang='lat' dir='ltr'><strong>Tertio</strong></span> <span class='ocrx_word' id='word_1_17' title='bbox 1182 457 1393 524; x_wconf 80' lang='lat' dir='ltr'><strong>constitutum</strong></span> <span class='ocrx_word' id='word_1_18' title='bbox 1481 511 1485 520; x_wconf 93' lang='lat'>.</span> 
     </span>
     <span class='ocr_line' id='line_1_3' title="bbox 80 557 1394 663; baseline -0.012 -12"><span class='ocrx_word' id='word_1_19' title='bbox 80 597 83 602; x_wconf 83' lang='lat'>&#39;</span> <span class='ocrx_word' id='word_1_20' title='bbox 106 601 154 663; x_wconf 79' lang='lat' dir='ltr'><strong>ru,</strong></span> <span class='ocrx_word' id='word_1_21' title='bbox 167 598 204 649; x_wconf 86' lang='lat' dir='ltr'><strong>ne</strong></span> <span class='ocrx_word' id='word_1_22' title='bbox 215 583 476 658; x_wconf 81' lang='lat' dir='ltr'><strong>aut-Obristiana</strong></span> <span class='ocrx_word' id='word_1_23' title='bbox 489 577 619 644; x_wconf 80' lang='lat' dir='ltr'><strong>Judeee</strong></span> <span class='ocrx_word' id='word_1_24' title='bbox 630 578 774 655; x_wconf 83' lang='lat' dir='ltr'><strong>nuberet,</strong></span> <span class='ocrx_word' id='word_1_25' title='bbox 790 585 849 638; x_wconf 82' lang='lat' dir='ltr'><strong>aut</strong></span> <span class='ocrx_word' id='word_1_26' title='bbox 860 575 1066 640; x_wconf 69' lang='lat' dir='ltr'>Christianus</span> <span class='ocrx_word' id='word_1_27' title='bbox 1080 557 1243 638; x_wconf 81' lang='lat' dir='ltr'><strong>Judaeum</strong></span> <span class='ocrx_word' id='word_1_28' title='bbox 1259 583 1394 641; x_wconf 78' lang='lat' dir='ltr'><strong>uxorem</strong></span> 
     </span>
     <span class='ocr_line' id='line_1_4' title="bbox 106 678 1395 772; baseline -0.009 -18"><span class='ocrx_word' id='word_1_29' title='bbox 106 691 226 772; x_wconf 72' lang='lat' dir='ltr'><strong>ducant,</strong></span> <span class='ocrx_word' id='word_1_30' title='bbox 251 689 405 754; x_wconf 81' lang='lat' dir='ltr'><strong>nefaeile</strong></span> <span class='ocrx_word' id='word_1_31' title='bbox 428 687 635 752; x_wconf 72' lang='lat' dir='ltr'><strong>euasurum</strong></span> <span class='ocrx_word' id='word_1_32' title='bbox 659 705 701 750; x_wconf 79' lang='lat' dir='ltr'><strong>ex</strong></span> <span class='ocrx_word' id='word_1_33' title='bbox 727 683 888 762; x_wconf 71' lang='lat' dir='ltr'><strong>familiari,</strong></span> <span class='ocrx_word' id='word_1_34' title='bbox 914 694 946 746; x_wconf 85' lang='lat' dir='ltr'><strong>et</strong></span> <span class='ocrx_word' id='word_1_35' title='bbox 960 683 1104 749; x_wconf 77' lang='lat' dir='ltr'><strong>maxima</strong></span> <span class='ocrx_word' id='word_1_36' title='bbox 1133 678 1395 754; x_wconf 70' lang='lat' dir='ltr'><strong>asseuerauit</strong></span> 
     </span>
     <span class='ocr_line' id='line_1_5' title="bbox 104 788 1394 879; baseline -0.006 -19"><span class='ocrx_word' id='word_1_37' title='bbox 104 798 245 860; x_wconf 75' lang='lat' dir='ltr'><strong>mnamtie</strong></span> <span class='ocrx_word' id='word_1_38' title='bbox 267 796 549 879; x_wconf 72' lang='lat' dir='ltr'><strong>superstitionibus</strong></span> <span class='ocrx_word' id='word_1_39' title='bbox 573 794 692 859; x_wconf 71' lang='lat' dir='ltr'><strong>‚ludaei</strong></span> <span class='ocrx_word' id='word_1_40' title='bbox 716 793 863 878; x_wconf 78' lang='lat' dir='ltr'><strong>conjugia</strong></span> <span class='ocrx_word' id='word_1_41' title='bbox 888 801 1152 874; x_wconf 74' lang='lat' dir='ltr'>corrumperetur,</span> <span class='ocrx_word' id='word_1_42' title='bbox 1175 789 1196 851; x_wconf 92' lang='lat' dir='ltr'><strong>l.</strong></span> <span class='ocrx_word' id='word_1_43' title='bbox 1212 790 1241 852; x_wconf 86' lang='grc'><strong>6.</strong></span> <span class='ocrx_word' id='word_1_44' title='bbox 1264 788 1336 852; x_wconf 90' lang='lat' dir='ltr'><strong>cod.</strong></span> <span class='ocrx_word' id='word_1_45' title='bbox 1352 788 1394 865; x_wconf 77' lang='lat' dir='ltr'><strong>dp</strong></span> 
     </span>
     <span class='ocr_line' id='line_1_6' title="bbox 103 899 1393 990; baseline -0.005 -18"><span class='ocrx_word' id='word_1_46' title='bbox 103 907 227 990; x_wconf 82' lang='lat' dir='ltr'><strong>ludaeis,</strong></span> <span class='ocrx_word' id='word_1_47' title='bbox 243 927 315 973; x_wconf 89' lang='lat' dir='ltr'><strong>ean.</strong></span> <span class='ocrx_word' id='word_1_48' title='bbox 333 910 390 986; x_wconf 76' lang='lat'><strong>15,</strong></span> <span class='ocrx_word' id='word_1_49' title='bbox 407 909 503 972; x_wconf 35' lang='lat' dir='ltr'><strong>atili.</strong></span> <span class='ocrx_word' id='word_1_50' title='bbox 517 925 609 970; x_wconf 75' lang='lat' dir='ltr'><strong>carre</strong></span> <span class='ocrx_word' id='word_1_51' title='bbox 622 905 674 972; x_wconf 79' lang='lat'><strong>28.</strong></span> <span class='ocrx_word' id='word_1_52' title='bbox 691 916 821 987; x_wconf 60' lang='lat' dir='ltr'><strong>quaeat,</strong></span> <span class='ocrx_word' id='word_1_53' title='bbox 834 907 860 968; x_wconf 88' lang='lat' dir='ltr'><strong>l.</strong></span> <span class='ocrx_word' id='word_1_54' title='bbox 905 905 1035 974; x_wconf 75' lang='lat' dir='ltr'><strong>Quarto</strong></span> <span class='ocrx_word' id='word_1_55' title='bbox 1048 900 1235 966; x_wconf 85' lang='lat' dir='ltr'><strong>carendum</strong></span> <span class='ocrx_word' id='word_1_56' title='bbox 1257 899 1328 980; x_wconf 90' lang='lat' dir='ltr'><strong>suit,</strong></span> <span class='ocrx_word' id='word_1_57' title='bbox 1351 919 1393 966; x_wconf 85' lang='lat' dir='ltr'><strong>ne</strong></span> 
     </span>
     <span class='ocr_line' id='line_1_7' title="bbox 104 999 1392 1093; baseline -0.003 -15"><span class='ocrx_word' id='word_1_58' title='bbox 104 1015 272 1082; x_wconf 77' lang='lat' dir='ltr'><strong>Christiane</strong></span> <span class='ocrx_word' id='word_1_59' title='bbox 297 1017 415 1080; x_wconf 80' lang='lat' dir='ltr'><strong>mulier</strong></span> <span class='ocrx_word' id='word_1_60' title='bbox 428 1015 562 1082; x_wconf 82' lang='lat' dir='ltr'><strong>nutricis</strong></span> <span class='ocrx_word' id='word_1_61' title='bbox 585 1013 729 1078; x_wconf 82' lang='lat' dir='ltr'><strong>efficium</strong></span> <span class='ocrx_word' id='word_1_62' title='bbox 753 1013 953 1078; x_wconf 84' lang='lat' dir='ltr'><strong>ludaeorum</strong></span> <span class='ocrx_word' id='word_1_63' title='bbox 979 1010 1055 1076; x_wconf 80' lang='lat' dir='ltr'><strong>filiis</strong></span> <span class='ocrx_word' id='word_1_64' title='bbox 1071 1021 1217 1093; x_wconf 79' lang='lat' dir='ltr'><strong>praestet,</strong></span> <span class='ocrx_word' id='word_1_65' title='bbox 1242 999 1392 1074; x_wconf 83' lang='lat' dir='ltr'><strong>esterrinr</strong></span> 
     </span>
     <span class='ocr_line' id='line_1_8' title="bbox 103 1117 1393 1212; baseline -0.006 -20"><span class='ocrx_word' id='word_1_66' title='bbox 103 1130 196 1194; x_wconf 76' lang='lat' dir='ltr'><strong>ttttttit</strong></span> <span class='ocrx_word' id='word_1_67' title='bbox 210 1127 452 1212; x_wconf 77' lang='lat' dir='ltr'><strong>quedammodo</strong></span> <span class='ocrx_word' id='word_1_68' title='bbox 467 1125 674 1203; x_wconf 70' lang='lat' dir='ltr'><strong>incensariis,</strong></span> <span class='ocrx_word' id='word_1_69' title='bbox 689 1137 721 1188; x_wconf 85' lang='lat' dir='ltr'><strong>et</strong></span> <span class='ocrx_word' id='word_1_70' title='bbox 735 1123 864 1188; x_wconf 76' lang='lat' dir='ltr'><strong>facilem</strong></span> <span class='ocrx_word' id='word_1_71' title='bbox 886 1123 1148 1186; x_wconf 73' lang='lat' dir='ltr'><strong>benevolentiam</strong></span> <span class='ocrx_word' id='word_1_72' title='bbox 1162 1117 1263 1184; x_wconf 89' lang='lat' dir='ltr'><strong>veluti</strong></span> <span class='ocrx_word' id='word_1_73' title='bbox 1279 1131 1393 1184; x_wconf 84' lang='lat' dir='ltr'><strong>mater·</strong></span> 
     </span>
     <span class='ocr_line' id='line_1_9' title="bbox 102 1231 1392 1320; baseline -0.006 -16"><span class='ocrx_word' id='word_1_74' title='bbox 102 1241 210 1306; x_wconf 76' lang='lat' dir='ltr'><strong>namin</strong></span> <span class='ocrx_word' id='word_1_75' title='bbox 225 1241 338 1320; x_wconf 74' lang='lat' dir='ltr'><strong>elilim,</strong></span> <span class='ocrx_word' id='word_1_76' title='bbox 352 1250 388 1302; x_wconf 82' lang='lat' dir='ltr'><strong>ct</strong></span> <span class='ocrx_word' id='word_1_77' title='bbox 400 1237 577 1302; x_wconf 82' lang='lat' dir='ltr'><strong>ermtritrtnr</strong></span> <span class='ocrx_word' id='word_1_78' title='bbox 591 1235 761 1314; x_wconf 71' lang='lat' dir='ltr'><strong>contrahit,</strong></span> <span class='ocrx_word' id='word_1_79' title='bbox 778 1235 910 1316; x_wconf 85' lang='lat' dir='ltr'><strong>qualem</strong></span> <span class='ocrx_word' id='word_1_80' title='bbox 922 1232 1181 1296; x_wconf 75' lang='lat' dir='ltr'><strong>hauenrlentiam</strong></span> <span class='ocrx_word' id='word_1_81' title='bbox 1195 1231 1392 1298; x_wconf 81' lang='lat' dir='ltr'><strong>artissimam</strong></span> 
     </span>
     <span class='ocr_line' id='line_1_10' title="bbox 101 1341 1394 1426; baseline -0.006 -14"><span class='ocrx_word' id='word_1_82' title='bbox 101 1347 305 1416; x_wconf 71' lang='lat' dir='ltr'><strong>Christianam</strong></span> <span class='ocrx_word' id='word_1_83' title='bbox 319 1347 477 1412; x_wconf 81' lang='lat' dir='ltr'><strong>seminam</strong></span> <span class='ocrx_word' id='word_1_84' title='bbox 502 1345 655 1409; x_wconf 85' lang='lat' dir='ltr'><strong>dedecere</strong></span> <span class='ocrx_word' id='word_1_85' title='bbox 672 1343 780 1408; x_wconf 81' lang='lat' dir='ltr'><strong>risum</strong></span> <span class='ocrx_word' id='word_1_86' title='bbox 794 1354 852 1423; x_wconf 88' lang='lat' dir='ltr'><strong>est,</strong></span> <span class='ocrx_word' id='word_1_87' title='bbox 878 1363 949 1426; x_wconf 90' lang='lat' dir='ltr'><strong>cap.</strong></span> <span class='ocrx_word' id='word_1_88' title='bbox 962 1345 995 1408; x_wconf 80' lang='lat'><strong>8.</strong></span> <span class='ocrx_word' id='word_1_89' title='bbox 1022 1343 1062 1406; x_wconf 85' lang='lat' dir='ltr'><strong>de</strong></span> <span class='ocrx_word' id='word_1_90' title='bbox 1078 1343 1097 1408; x_wconf 89' lang='lat' dir='ltr'>J</span> <span class='ocrx_word' id='word_1_91' title='bbox 1101 1341 1223 1407; x_wconf 85' lang='lat' dir='ltr'><strong>edacis.</strong></span> <span class='ocrx_word' id='word_1_92' title='bbox 1267 1342 1394 1412; x_wconf 77' lang='lat' dir='ltr'><strong>eriuto</strong></span> 
     </span>
     <span class='ocr_line' id='line_1_11' title="bbox 96 1435 1394 1534; baseline -0.002 -15"><span class='ocrx_word' id='word_1_93' title='bbox 96 1435 433 1534; x_wconf 79' lang='lat' dir='ltr'><strong>lutenerhrietiuni,</strong></span> <span class='ocrx_word' id='word_1_94' title='bbox 457 1455 549 1518; x_wconf 77' lang='lat' dir='ltr'><strong>nein</strong></span> <span class='ocrx_word' id='word_1_95' title='bbox 564 1453 790 1533; x_wconf 68' lang='lat' dir='ltr'><strong>cuenaetibus</strong></span> <span class='ocrx_word' id='word_1_96' title='bbox 817 1454 936 1518; x_wconf 86' lang='lat' dir='ltr'><strong>sivein</strong></span> <span class='ocrx_word' id='word_1_97' title='bbox 959 1453 1160 1516; x_wconf 77' lang='lat' dir='ltr'><strong>commerciis</strong></span> <span class='ocrx_word' id='word_1_98' title='bbox 1184 1453 1295 1517; x_wconf 87' lang='lat' dir='ltr'><strong>ineant</strong></span> <span class='ocrx_word' id='word_1_99' title='bbox 1317 1469 1394 1517; x_wconf 83' lang='lat' dir='ltr'><strong>cum</strong></span> 
     </span>
     <span class='ocr_line' id='line_1_12' title="bbox 99 1557 1394 1645; baseline -0.005 -19"><span class='ocrx_word' id='word_1_100' title='bbox 99 1561 219 1626; x_wconf 81' lang='lat' dir='ltr'><strong>ludaeis</strong></span> <span class='ocrx_word' id='word_1_101' title='bbox 233 1565 410 1642; x_wconf 79' lang='lat' dir='ltr'><strong>secietetes,</strong></span> <span class='ocrx_word' id='word_1_102' title='bbox 427 1572 617 1645; x_wconf 76' lang='lat' dir='ltr'><strong>argumento</strong></span> <span class='ocrx_word' id='word_1_103' title='bbox 631 1579 701 1644; x_wconf 81' lang='lat' dir='ltr'><strong>rap.</strong></span> <span class='ocrx_word' id='word_1_104' title='bbox 721 1562 769 1624; x_wconf 74' lang='lat'><strong>12.</strong></span> <span class='ocrx_word' id='word_1_105' title='bbox 785 1559 828 1624; x_wconf 89' lang='lat' dir='ltr'><strong>de</strong></span> <span class='ocrx_word' id='word_1_106' title='bbox 841 1559 985 1624; x_wconf 82' lang='lat' dir='ltr'><strong>ludaeis.</strong></span> <span class='ocrx_word' id='word_1_107' title='bbox 1023 1559 1155 1622; x_wconf 85' lang='lat' dir='ltr'><strong>Etenim</strong></span> <span class='ocrx_word' id='word_1_108' title='bbox 1171 1557 1330 1640; x_wconf 80' lang='lat' dir='ltr'><strong>imprimis</strong></span> <span class='ocrx_word' id='word_1_109' title='bbox 1344 1565 1394 1628; x_wconf 83' lang='lat' dir='ltr'><strong>eat</strong></span> 
     </span>
     <span class='ocr_line' id='line_1_13' title="bbox 100 1665 1396 1753; baseline 0.004 -23"><span class='ocrx_word' id='word_1_110' title='bbox 100 1671 220 1732; x_wconf 76' lang='lat' dir='ltr'><strong>nereus</strong></span> <span class='ocrx_word' id='word_1_111' title='bbox 234 1665 301 1732; x_wconf 84' lang='lat' dir='ltr'><strong>nun</strong></span> <span class='ocrx_word' id='word_1_112' title='bbox 318 1687 385 1733; x_wconf 86' lang='lat' dir='ltr'><strong>una</strong></span> <span class='ocrx_word' id='word_1_113' title='bbox 397 1670 564 1750; x_wconf 83' lang='lat' dir='ltr'><strong>botrorum,</strong></span> <span class='ocrx_word' id='word_1_114' title='bbox 575 1671 740 1753; x_wconf 78' lang='lat' dir='ltr'><strong>jrrriumve</strong></span> <span class='ocrx_word' id='word_1_115' title='bbox 755 1669 951 1749; x_wconf 79' lang='lat' dir='ltr'><strong>cummunio,</strong></span> <span class='ocrx_word' id='word_1_116' title='bbox 964 1667 1025 1744; x_wconf 83' lang='lat' dir='ltr'><strong>sed</strong></span> <span class='ocrx_word' id='word_1_117' title='bbox 1038 1668 1314 1734; x_wconf 80' lang='lat' dir='ltr'><strong>communionum</strong></span> <span class='ocrx_word' id='word_1_118' title='bbox 1330 1667 1396 1738; x_wconf 75' lang='lat' dir='ltr'><strong>situ.</strong></span> 
     </span>
     <span class='ocr_line' id='line_1_14' title="bbox 99 1777 1472 1863; baseline 0.003 -24"><span class='ocrx_word' id='word_1_119' title='bbox 99 1777 187 1860; x_wconf 81' lang='lat' dir='ltr'><strong>galeri</strong></span> <span class='ocrx_word' id='word_1_120' title='bbox 203 1777 596 1863; x_wconf 76' lang='lat' dir='ltr'><strong>personantmaffebtione</strong></span> <span class='ocrx_word' id='word_1_121' title='bbox 610 1779 828 1863; x_wconf 63' lang='lat' dir='ltr'><strong>pertinuerat</strong></span> <span class='ocrx_word' id='word_1_122' title='bbox 845 1779 895 1842; x_wconf 85' lang='lat'><strong>31.</strong></span> <span class='ocrx_word' id='word_1_123' title='bbox 910 1777 943 1840; x_wconf 84' lang='lat' dir='ltr'><strong>ii.</strong></span> <span class='ocrx_word' id='word_1_124' title='bbox 961 1797 1017 1860; x_wconf 83' lang='lat' dir='ltr'><strong>pru</strong></span> <span class='ocrx_word' id='word_1_125' title='bbox 1030 1780 1126 1856; x_wconf 87' lang='lat' dir='ltr'><strong>suein,</strong></span> <span class='ocrx_word' id='word_1_126' title='bbox 1145 1777 1229 1842; x_wconf 86' lang='lat' dir='ltr'><strong>adeo</strong></span> <span class='ocrx_word' id='word_1_127' title='bbox 1241 1789 1280 1844; x_wconf 84' lang='lat' dir='ltr'><strong>ut</strong></span> <span class='ocrx_word' id='word_1_128' title='bbox 1294 1778 1391 1858; x_wconf 79' lang='lat' dir='ltr'><strong>scrip·</strong></span> <span class='ocrx_word' id='word_1_129' title='bbox 1470 1787 1472 1792; x_wconf 87' lang='grc'><strong>’</strong></span> 
     </span>
     <span class='ocr_line' id='line_1_15' title="bbox 98 1884 1393 1974; baseline 0.002 -26"><span class='ocrx_word' id='word_1_130' title='bbox 98 1889 160 1951; x_wconf 84' lang='lat' dir='ltr'><strong>serit</strong></span> <span class='ocrx_word' id='word_1_131' title='bbox 172 1889 335 1972; x_wconf 76' lang='lat' dir='ltr'><strong>Ulpianus</strong></span> <span class='ocrx_word' id='word_1_132' title='bbox 361 1890 394 1952; x_wconf 89' lang='lat' dir='ltr'><strong>in</strong></span> <span class='ocrx_word' id='word_1_133' title='bbox 412 1889 431 1952; x_wconf 95' lang='lat' dir='ltr'><strong>l.</strong></span> <span class='ocrx_word' id='word_1_134' title='bbox 447 1889 497 1954; x_wconf 73' lang='lat'><strong>03.</strong></span> <span class='ocrx_word' id='word_1_135' title='bbox 522 1891 621 1972; x_wconf 85' lang='lat' dir='ltr'><strong>princ.</strong></span> <span class='ocrx_word' id='word_1_136' title='bbox 636 1889 669 1953; x_wconf 82' lang='lat' dir='ltr'><strong>ff.</strong></span> <span class='ocrx_word' id='word_1_137' title='bbox 696 1884 839 1966; x_wconf 70' lang='lat' dir='ltr'><strong>eadric,</strong></span> <span class='ocrx_word' id='word_1_138' title='bbox 864 1890 1053 1967; x_wconf 68' lang='lat' dir='ltr'><strong>acelamare</strong></span> <span class='ocrx_word' id='word_1_139' title='bbox 1072 1889 1130 1974; x_wconf 73' lang='lat' dir='ltr'><strong>jar</strong></span> <span class='ocrx_word' id='word_1_140' title='bbox 1153 1887 1393 1972; x_wconf 68' lang='lat' dir='ltr'><strong>quedammodo</strong></span> 
     </span>
    </p>
   </div>
   <div class='ocr_carea' id='block_1_3' title="bbox 88 1993 1492 2080">
    <p class='ocr_par' dir='ltr' id='par_1_3' title="bbox 88 1993 1492 2080">
     <span class='ocr_line' id='line_1_16' title="bbox 88 1993 1492 2080; baseline -0.004 -20"><span class='ocrx_word' id='word_1_141' title='bbox 88 1995 310 2080; x_wconf 57' lang='lat' dir='ltr'><strong>fraternitatis</strong></span> <span class='ocrx_word' id='word_1_142' title='bbox 323 2001 361 2062; x_wconf 82' lang='lat' dir='ltr'><strong>lu</strong></span> <span class='ocrx_word' id='word_1_143' title='bbox 385 2000 558 2063; x_wconf 73' lang='lat' dir='ltr'><strong>semisse:</strong></span> <span class='ocrx_word' id='word_1_144' title='bbox 581 1998 884 2064; x_wconf 63' lang='lat' dir='ltr'><strong>intumescentes</strong></span> <span class='ocrx_word' id='word_1_145' title='bbox 900 1999 960 2060; x_wconf 89' lang='lat' dir='ltr'><strong>ista</strong></span> <span class='ocrx_word' id='word_1_146' title='bbox 975 1995 1071 2060; x_wconf 81' lang='lat' dir='ltr'><strong>facile</strong></span> <span class='ocrx_word' id='word_1_147' title='bbox 1093 1993 1316 2060; x_wconf 79' lang='lat' dir='ltr'><strong>Christianum</strong></span> <span class='ocrx_word' id='word_1_148' title='bbox 1332 2007 1403 2068; x_wconf 72' lang='lat' dir='ltr'><strong>tnu¹</strong></span> <span class='ocrx_word' id='word_1_149' title='bbox 1488 2049 1492 2054; x_wconf 92' lang='lat'>.</span> 
     </span>
    </p>
   </div>
   <div class='ocr_carea' id='block_1_4' title="bbox 37 2103 1459 4498">
    <p class='ocr_par' dir='ltr' id='par_1_4' title="bbox 37 2103 1459 4498">
     <span class='ocr_line' id='line_1_17' title="bbox 96 2103 1403 2188; baseline 0.005 -22"><span class='ocrx_word' id='word_1_150' title='bbox 96 2103 172 2168; x_wconf 83' lang='lat' dir='ltr'><strong>beret</strong></span> <span class='ocrx_word' id='word_1_151' title='bbox 185 2107 400 2170; x_wconf 75' lang='lat' dir='ltr'><strong>tesserariae</strong></span> <span class='ocrx_word' id='word_1_152' title='bbox 415 2109 588 2188; x_wconf 72' lang='lat' dir='ltr'><strong>pactiones,</strong></span> <span class='ocrx_word' id='word_1_153' title='bbox 604 2119 663 2172; x_wconf 85' lang='lat' dir='ltr'><strong>aut</strong></span> <span class='ocrx_word' id='word_1_154' title='bbox 672 2111 710 2170; x_wconf 86' lang='lat' dir='ltr'><strong>in</strong></span> <span class='ocrx_word' id='word_1_155' title='bbox 724 2107 897 2173; x_wconf 80' lang='lat' dir='ltr'><strong>comatoria</strong></span> <span class='ocrx_word' id='word_1_156' title='bbox 910 2121 1088 2172; x_wconf 65' lang='lat' dir='ltr'><strong>,usurarum</strong></span> <span class='ocrx_word' id='word_1_157' title='bbox 1102 2107 1403 2188; x_wconf 54' lang='lat' dir='ltr'><strong>communicanda,</strong></span> 
     </span>
     <span class='ocr_line' id='line_1_18' title="bbox 95 2215 1396 2306; baseline 0.006 -28"><span class='ocrx_word' id='word_1_158' title='bbox 95 2215 200 2306; x_wconf 84' lang='lat' dir='ltr'><strong>quibus</strong></span> <span class='ocrx_word' id='word_1_159' title='bbox 215 2217 338 2299; x_wconf 79' lang='lat' dir='ltr'><strong>passim</strong></span> <span class='ocrx_word' id='word_1_160' title='bbox 363 2216 495 2280; x_wconf 83' lang='lat' dir='ltr'><strong>stadem</strong></span> <span class='ocrx_word' id='word_1_161' title='bbox 519 2217 647 2299; x_wconf 64' lang='lat' dir='ltr'><strong>dudaeip</strong></span> <span class='ocrx_word' id='word_1_162' title='bbox 674 2227 980 2298; x_wconf 80' lang='lat' dir='ltr'><strong>utrumetraautem</strong></span> <span class='ocrx_word' id='word_1_163' title='bbox 1007 2215 1192 2284; x_wconf 80' lang='lat' dir='ltr'><strong>Christiano</strong></span> <span class='ocrx_word' id='word_1_164' title='bbox 1218 2215 1396 2299; x_wconf 82' lang='lat' dir='ltr'><strong>indignata-</strong></span> 
     </span>
     <span class='ocr_line' id='line_1_19' title="bbox 76 2326 1389 2412; baseline 0.005 -25"><span class='ocrx_word' id='word_1_165' title='bbox 76 2381 78 2386; x_wconf 93' lang='lat'><em>.</em></span> <span class='ocrx_word' id='word_1_166' title='bbox 94 2337 141 2406; x_wconf 83' lang='lat' dir='ltr'><strong>est,</strong></span> <span class='ocrx_word' id='word_1_167' title='bbox 154 2347 193 2390; x_wconf 84' lang='lat' dir='ltr'><strong>ac</strong></span> <span class='ocrx_word' id='word_1_168' title='bbox 206 2329 393 2411; x_wconf 82' lang='lat' dir='ltr'><strong>praesertim</strong></span> <span class='ocrx_word' id='word_1_169' title='bbox 404 2327 496 2392; x_wconf 82' lang='lat' dir='ltr'><strong>uuila</strong></span> <span class='ocrx_word' id='word_1_170' title='bbox 512 2336 649 2392; x_wconf 69' lang='lat' dir='ltr'><strong>socium</strong></span> <span class='ocrx_word' id='word_1_171' title='bbox 663 2341 719 2409; x_wconf 83' lang='lat' dir='ltr'><strong>est,</strong></span> <span class='ocrx_word' id='word_1_172' title='bbox 733 2329 1025 2412; x_wconf 80' lang='lat' dir='ltr'><strong>qrraadelieterum</strong></span> <span class='ocrx_word' id='word_1_173' title='bbox 1034 2327 1139 2410; x_wconf 85' lang='lat' dir='ltr'><strong>turpis</strong></span> <span class='ocrx_word' id='word_1_174' title='bbox 1152 2328 1201 2406; x_wconf 85' lang='lat' dir='ltr'><strong>sit,</strong></span> <span class='ocrx_word' id='word_1_175' title='bbox 1217 2339 1317 2410; x_wconf 85' lang='lat' dir='ltr'><strong>atquc</strong></span> <span class='ocrx_word' id='word_1_176' title='bbox 1326 2326 1389 2394; x_wconf 74' lang='lat' dir='ltr'><strong>tou</strong></span> 
     </span>
     <span class='ocr_line' id='line_1_20' title="bbox 91 2433 1404 2521; baseline 0.005 -25"><span class='ocrx_word' id='word_1_177' title='bbox 91 2433 131 2497; x_wconf 88' lang='lat' dir='ltr'><strong>da</strong></span> <span class='ocrx_word' id='word_1_178' title='bbox 142 2438 335 2516; x_wconf 83' lang='lat' dir='ltr'><strong>communiri,</strong></span> <span class='ocrx_word' id='word_1_179' title='bbox 354 2438 373 2500; x_wconf 90' lang='lat' dir='ltr'><strong>l.</strong></span> <span class='ocrx_word' id='word_1_180' title='bbox 385 2439 449 2516; x_wconf 61' lang='lat' dir='ltr'><strong>bh,</strong></span> <span class='ocrx_word' id='word_1_181' title='bbox 466 2451 500 2500; x_wconf 88' lang='lat' dir='ltr'><strong>er</strong></span> <span class='ocrx_word' id='word_1_182' title='bbox 513 2439 563 2501; x_wconf 67' lang='lat' dir='ltr'><strong>ti.</strong></span> <span class='ocrx_word' id='word_1_183' title='bbox 579 2438 611 2501; x_wconf 84' lang='lat' dir='ltr'><strong>ff.</strong></span> <span class='ocrx_word' id='word_1_184' title='bbox 626 2457 686 2521; x_wconf 88' lang='lat' dir='ltr'><strong>pro</strong></span> <span class='ocrx_word' id='word_1_185' title='bbox 698 2438 795 2502; x_wconf 82' lang='lat' dir='ltr'><strong>suein.</strong></span> <span class='ocrx_word' id='word_1_186' title='bbox 831 2439 933 2500; x_wconf 75' lang='lat' dir='ltr'><strong>Sexto</strong></span> <span class='ocrx_word' id='word_1_187' title='bbox 947 2435 1088 2518; x_wconf 87' lang='lat' dir='ltr'><strong>danique</strong></span> <span class='ocrx_word' id='word_1_188' title='bbox 1101 2436 1176 2500; x_wconf 89' lang='lat' dir='ltr'><strong>odio</strong></span> <span class='ocrx_word' id='word_1_189' title='bbox 1189 2435 1404 2502; x_wconf 77' lang='lat' dir='ltr'><strong>iudaeorum</strong></span> 
     </span>
     <span class='ocr_line' id='line_1_21' title="bbox 93 2545 1387 2630; baseline 0.002 -23"><span class='ocrx_word' id='word_1_190' title='bbox 93 2549 290 2612; x_wconf 78' lang='lat' dir='ltr'><strong>eonuhuttrin</strong></span> <span class='ocrx_word' id='word_1_191' title='bbox 305 2559 362 2628; x_wconf 84' lang='lat' dir='ltr'><strong>est,</strong></span> <span class='ocrx_word' id='word_1_192' title='bbox 377 2559 413 2611; x_wconf 88' lang='lat' dir='ltr'><strong>ut</strong></span> <span class='ocrx_word' id='word_1_193' title='bbox 426 2547 568 2630; x_wconf 79' lang='lat' dir='ltr'><strong>ipsorum</strong></span> <span class='ocrx_word' id='word_1_194' title='bbox 584 2548 778 2611; x_wconf 80' lang='lat' dir='ltr'><strong>universitas</strong></span> <span class='ocrx_word' id='word_1_195' title='bbox 791 2546 928 2610; x_wconf 79' lang='lat' dir='ltr'><strong>nihileis</strong></span> <span class='ocrx_word' id='word_1_196' title='bbox 942 2545 1203 2616; x_wconf 80' lang='lat' dir='ltr'><strong>Christianorum</strong></span> <span class='ocrx_word' id='word_1_197' title='bbox 1215 2557 1387 2614; x_wconf 78' lang='lat' dir='ltr'><strong>testamem</strong></span> 
     </span>
     <span class='ocr_line' id='line_1_22' title="bbox 93 2644 1386 2750; baseline 0.003 -34"><span class='ocrx_word' id='word_1_198' title='bbox 93 2654 134 2734; x_wconf 85' lang='lat' dir='ltr'><strong>tia,</strong></span> <span class='ocrx_word' id='word_1_199' title='bbox 149 2644 310 2738; x_wconf 78' lang='lat' dir='ltr'><strong>codicillis,</strong></span> <span class='ocrx_word' id='word_1_200' title='bbox 320 2667 385 2721; x_wconf 84' lang='lat' dir='ltr'><strong>aut</strong></span> <span class='ocrx_word' id='word_1_201' title='bbox 399 2655 627 2722; x_wconf 68' lang='lat' dir='ltr'><strong>donationibus</strong></span> <span class='ocrx_word' id='word_1_202' title='bbox 639 2657 723 2720; x_wconf 88' lang='lat' dir='ltr'><strong>inter</strong></span> <span class='ocrx_word' id='word_1_203' title='bbox 741 2675 831 2720; x_wconf 82' lang='lat' dir='ltr'><strong>rivus</strong></span> <span class='ocrx_word' id='word_1_204' title='bbox 846 2675 962 2750; x_wconf 74' lang='lat' dir='ltr'><strong>capere</strong></span> <span class='ocrx_word' id='word_1_205' title='bbox 974 2655 1083 2739; x_wconf 82' lang='lat' dir='ltr'><strong>possit,</strong></span> <span class='ocrx_word' id='word_1_206' title='bbox 1106 2655 1126 2718; x_wconf 87' lang='lat' dir='ltr'><strong>l</strong></span> <span class='ocrx_word' id='word_1_207' title='bbox 1145 2656 1171 2718; x_wconf 93' lang='grc'><strong>1.</strong></span> <span class='ocrx_word' id='word_1_208' title='bbox 1187 2654 1258 2720; x_wconf 87' lang='lat' dir='ltr'><strong>eod.</strong></span> <span class='ocrx_word' id='word_1_209' title='bbox 1274 2655 1315 2721; x_wconf 87' lang='lat' dir='ltr'><strong>de</strong></span> <span class='ocrx_word' id='word_1_210' title='bbox 1328 2655 1348 2720; x_wconf 87' lang='lat' dir='ltr'>J</span> <span class='ocrx_word' id='word_1_211' title='bbox 1352 2675 1386 2726; x_wconf 81' lang='lat' dir='ltr'><strong>ur</strong></span> 
     </span>
     <span class='ocr_line' id='line_1_23' title="bbox 91 2757 1386 2848; baseline 0.008 -28"><span class='ocrx_word' id='word_1_212' title='bbox 91 2757 297 2844; x_wconf 62' lang='lat' dir='ltr'><strong>desinimus</strong></span> <span class='ocrx_word' id='word_1_213' title='bbox 310 2783 352 2826; x_wconf 89' lang='lat' dir='ltr'><strong>ne</strong></span> <span class='ocrx_word' id='word_1_214' title='bbox 363 2763 544 2846; x_wconf 70' lang='lat' dir='ltr'><strong>superares</strong></span> <span class='ocrx_word' id='word_1_215' title='bbox 558 2765 692 2846; x_wconf 78' lang='lat' dir='ltr'><strong>quitiam</strong></span> <span class='ocrx_word' id='word_1_216' title='bbox 702 2766 722 2828; x_wconf 91' lang='lat' dir='ltr'>J</span> <span class='ocrx_word' id='word_1_217' title='bbox 725 2763 900 2828; x_wconf 86' lang='lat' dir='ltr'><strong>udeeorum</strong></span> <span class='ocrx_word' id='word_1_218' title='bbox 913 2783 1066 2848; x_wconf 61' lang='lat' dir='ltr'><strong>monae</strong></span> <span class='ocrx_word' id='word_1_219' title='bbox 1081 2764 1155 2828; x_wconf 86' lang='lat' dir='ltr'><strong>licet</strong></span> <span class='ocrx_word' id='word_1_220' title='bbox 1166 2763 1263 2828; x_wconf 90' lang='lat' dir='ltr'><strong>hodie</strong></span> <span class='ocrx_word' id='word_1_221' title='bbox 1277 2765 1386 2832; x_wconf 73' lang='lat' dir='ltr'><strong>Chae</strong></span> 
     </span>
     <span class='ocr_line' id='line_1_24' title="bbox 91 2865 1459 2958; baseline 0.007 -30"><span class='ocrx_word' id='word_1_222' title='bbox 91 2865 170 2933; x_wconf 86' lang='lat' dir='ltr'><strong>tiano</strong></span> <span class='ocrx_word' id='word_1_223' title='bbox 183 2871 348 2936; x_wconf 80' lang='lat' dir='ltr'><strong>instituere</strong></span> <span class='ocrx_word' id='word_1_224' title='bbox 362 2871 525 2950; x_wconf 81' lang='lat' dir='ltr'><strong>haeredes,</strong></span> <span class='ocrx_word' id='word_1_225' title='bbox 538 2883 596 2934; x_wconf 84' lang='lat' dir='ltr'><strong>aut</strong></span> <span class='ocrx_word' id='word_1_226' title='bbox 611 2872 734 2955; x_wconf 83' lang='lat' dir='ltr'><strong>legatia,</strong></span> <span class='ocrx_word' id='word_1_227' title='bbox 750 2872 1081 2956; x_wconf 49' lang='lat' dir='ltr'><strong>fideicommissarii</strong></span> <span class='ocrx_word' id='word_1_228' title='bbox 1096 2873 1325 2940; x_wconf 81' lang='lat' dir='ltr'><strong>donationibus</strong></span> <span class='ocrx_word' id='word_1_229' title='bbox 1340 2875 1390 2958; x_wconf 52' lang='lat' dir='ltr'><strong>los</strong></span> <span class='ocrx_word' id='word_1_230' title='bbox 1457 2883 1459 2888; x_wconf 86' lang='lat'>&#39;</span> 
     </span>
     <span class='ocr_line' id='line_1_25' title="bbox 89 2979 1383 3064; baseline 0.006 -26"><span class='ocrx_word' id='word_1_231' title='bbox 89 2979 248 3062; x_wconf 79' lang='lat' dir='ltr'><strong>cupietum,</strong></span> <span class='ocrx_word' id='word_1_232' title='bbox 266 2979 553 3044; x_wconf 79' lang='lat' dir='ltr'><strong>admissutantum</strong></span> <span class='ocrx_word' id='word_1_233' title='bbox 568 2981 651 3044; x_wconf 86' lang='lat' dir='ltr'><strong>iuter</strong></span> <span class='ocrx_word' id='word_1_234' title='bbox 664 2981 813 3046; x_wconf 75' lang='lat' dir='ltr'><strong>Judsms</strong></span> <span class='ocrx_word' id='word_1_235' title='bbox 829 2991 887 3044; x_wconf 87' lang='lat' dir='ltr'><strong>aut</strong></span> <span class='ocrx_word' id='word_1_236' title='bbox 902 2981 1152 3062; x_wconf 81' lang='lat' dir='ltr'><strong>testamentaria,</strong></span> <span class='ocrx_word' id='word_1_237' title='bbox 1167 2979 1383 3064; x_wconf 25' lang='lat' dir='ltr'><strong>autllegiti&#39;rna</strong></span> 
     </span>
     <span class='ocr_line' id='line_1_26' title="bbox 37 3087 1445 3179; baseline 0.004 -33"><span class='ocrx_word' id='word_1_238' title='bbox 37 3150 40 3158; x_wconf 60' lang='grc'>,</span> <span class='ocrx_word' id='word_1_239' title='bbox 89 3091 289 3166; x_wconf 71' lang='lat' dir='ltr'><strong>summeium,</strong></span> <span class='ocrx_word' id='word_1_240' title='bbox 307 3099 498 3170; x_wconf 79' lang='lat' dir='ltr'><strong>argumente</strong></span> <span class='ocrx_word' id='word_1_241' title='bbox 512 3105 583 3179; x_wconf 83' lang='lat' dir='ltr'><strong>cap.</strong></span> <span class='ocrx_word' id='word_1_242' title='bbox 599 3090 638 3167; x_wconf 83' lang='lat'><strong>5,</strong></span> <span class='ocrx_word' id='word_1_243' title='bbox 654 3090 729 3152; x_wconf 78' lang='lat' dir='ltr'><strong>arb.</strong></span> <span class='ocrx_word' id='word_1_244' title='bbox 746 3087 787 3152; x_wconf 88' lang='lat' dir='ltr'><strong>de</strong></span> <span class='ocrx_word' id='word_1_245' title='bbox 801 3089 980 3169; x_wconf 65' lang='lat' dir='ltr'><strong>haereticis</strong></span> <span class='ocrx_word' id='word_1_246' title='bbox 997 3099 1105 3152; x_wconf 85' lang='lat' dir='ltr'><strong>essent</strong></span> <span class='ocrx_word' id='word_1_247' title='bbox 1118 3091 1206 3153; x_wconf 90' lang='lat' dir='ltr'><strong>enirn</strong></span> <span class='ocrx_word' id='word_1_248' title='bbox 1221 3088 1303 3151; x_wconf 87' lang='lat' dir='ltr'><strong>haee</strong></span> <span class='ocrx_word' id='word_1_249' title='bbox 1317 3107 1384 3152; x_wconf 76' lang='lat' dir='ltr'><strong>orn-1</strong></span> <span class='ocrx_word' id='word_1_250' title='bbox 1436 3169 1445 3178; x_wconf 41' lang='lat'><em>·</em></span> 
     </span>
     <span class='ocr_line' id='line_1_27' title="bbox 89 3176 1385 3280; baseline 0.003 -22"><span class='ocrx_word' id='word_1_251' title='bbox 89 3198 137 3260; x_wconf 87' lang='lat' dir='ltr'><strong>nia</strong></span> <span class='ocrx_word' id='word_1_252' title='bbox 151 3215 212 3264; x_wconf 85' lang='lat' dir='ltr'><strong>nen</strong></span> <span class='ocrx_word' id='word_1_253' title='bbox 228 3176 401 3263; x_wconf 80' lang='lat' dir='ltr'><strong>mediocria</strong></span> <span class='ocrx_word' id='word_1_254' title='bbox 413 3197 657 3263; x_wconf 77' lang='lat' dir='ltr'><strong>benevolentias</strong></span> <span class='ocrx_word' id='word_1_255' title='bbox 672 3203 899 3280; x_wconf 69' lang='lat' dir='ltr'><strong>angustantes</strong></span> <span class='ocrx_word' id='word_1_256' title='bbox 916 3199 1102 3262; x_wconf 84' lang='lat' dir='ltr'><strong>Christiano</strong></span> <span class='ocrx_word' id='word_1_257' title='bbox 1124 3199 1155 3263; x_wconf 88' lang='lat' dir='ltr'><strong>in</strong></span> <span class='ocrx_word' id='word_1_258' title='bbox 1171 3199 1313 3267; x_wconf 76' lang='lat' dir='ltr'><strong>iudaeos</strong></span> <span class='ocrx_word' id='word_1_259' title='bbox 1326 3218 1385 3274; x_wconf 48' lang='lat' dir='ltr'><strong>exa</strong></span> 
     </span>
     <span class='ocr_line' id='line_1_28' title="bbox 88 3305 1385 3392; baseline 0.002 -20"><span class='ocrx_word' id='word_1_260' title='bbox 88 3305 188 3392; x_wconf 76' lang='lat' dir='ltr'><strong>hibita,</strong></span> <span class='ocrx_word' id='word_1_261' title='bbox 203 3313 303 3375; x_wconf 87' lang='lat' dir='ltr'><strong>imrnu</strong></span> <span class='ocrx_word' id='word_1_262' title='bbox 328 3321 361 3374; x_wconf 83' lang='lat' dir='ltr'><strong>at</strong></span> <span class='ocrx_word' id='word_1_263' title='bbox 374 3311 407 3374; x_wconf 90' lang='lat' dir='ltr'><strong>in</strong></span> <span class='ocrx_word' id='word_1_264' title='bbox 424 3309 622 3374; x_wconf 86' lang='lat' dir='ltr'><strong>institutione</strong></span> <span class='ocrx_word' id='word_1_265' title='bbox 643 3311 860 3374; x_wconf 84' lang='lat' dir='ltr'><strong>haereditaria</strong></span> <span class='ocrx_word' id='word_1_266' title='bbox 874 3311 1104 3391; x_wconf 74' lang='lat' dir='ltr'><strong>observaretur,</strong></span> <span class='ocrx_word' id='word_1_267' title='bbox 1127 3311 1292 3376; x_wconf 79' lang='lat' dir='ltr'><strong>Judaeum</strong></span> <span class='ocrx_word' id='word_1_268' title='bbox 1307 3313 1385 3382; x_wconf 74' lang='lat' dir='ltr'><strong>hae-r</strong></span> 
     </span>
     <span class='ocr_line' id='line_1_29' title="bbox 86 3415 1384 3500; baseline 0.008 -24"><span class='ocrx_word' id='word_1_269' title='bbox 86 3417 186 3480; x_wconf 80' lang='lat' dir='ltr'><strong>reden</strong></span> <span class='ocrx_word' id='word_1_270' title='bbox 199 3419 374 3482; x_wconf 77' lang='lat' dir='ltr'><strong>Christiani</strong></span> <span class='ocrx_word' id='word_1_271' title='bbox 400 3415 544 3480; x_wconf 78' lang='lat' dir='ltr'><strong>defuneti</strong></span> <span class='ocrx_word' id='word_1_272' title='bbox 559 3435 728 3499; x_wconf 84' lang='lat' dir='ltr'><strong>persenam</strong></span> <span class='ocrx_word' id='word_1_273' title='bbox 745 3428 989 3500; x_wconf 83' lang='lat' dir='ltr'><strong>repraesentare,</strong></span> <span class='ocrx_word' id='word_1_274' title='bbox 1015 3439 1091 3484; x_wconf 88' lang='lat' dir='ltr'><strong>curn</strong></span> <span class='ocrx_word' id='word_1_275' title='bbox 1106 3420 1220 3484; x_wconf 83' lang='lat' dir='ltr'><strong>haeres</strong></span> <span class='ocrx_word' id='word_1_276' title='bbox 1235 3419 1384 3486; x_wconf 78' lang='lat' dir='ltr'><strong>defuncti</strong></span> 
     </span>
     <span class='ocr_line' id='line_1_30' title="bbox 86 3521 1382 3612; baseline 0.011 -30"><span class='ocrx_word' id='word_1_277' title='bbox 86 3535 244 3600; x_wconf 82' lang='lat' dir='ltr'><strong>personum</strong></span> <span class='ocrx_word' id='word_1_278' title='bbox 259 3521 394 3587; x_wconf 83' lang='lat' dir='ltr'><strong>induere</strong></span> <span class='ocrx_word' id='word_1_279' title='bbox 408 3525 543 3590; x_wconf 67' lang='lat' dir='ltr'><strong>meatur.</strong></span> <span class='ocrx_word' id='word_1_280' title='bbox 587 3525 749 3608; x_wconf 77' lang='lat' dir='ltr'><strong>Exceptio</strong></span> <span class='ocrx_word' id='word_1_281' title='bbox 761 3540 818 3607; x_wconf 86' lang='lat' dir='ltr'><strong>est,</strong></span> <span class='ocrx_word' id='word_1_282' title='bbox 841 3527 869 3590; x_wconf 87' lang='lat' dir='ltr'><strong>si</strong></span> <span class='ocrx_word' id='word_1_283' title='bbox 884 3528 1090 3593; x_wconf 80' lang='lat' dir='ltr'><strong>Christianus</strong></span> <span class='ocrx_word' id='word_1_284' title='bbox 1111 3529 1234 3612; x_wconf 84' lang='lat' dir='ltr'><strong>legaret</strong></span> <span class='ocrx_word' id='word_1_285' title='bbox 1246 3532 1265 3596; x_wconf 93' lang='lat' dir='ltr'>J</span> <span class='ocrx_word' id='word_1_286' title='bbox 1269 3531 1382 3604; x_wconf 78' lang='lat' dir='ltr'><strong>udaeor</strong></span> 
     </span>
     <span class='ocr_line' id='line_1_31' title="bbox 85 3629 1384 3730; baseline 0.015 -41"><span class='ocrx_word' id='word_1_287' title='bbox 85 3629 163 3707; x_wconf 89' lang='lat' dir='ltr'><strong>quod</strong></span> <span class='ocrx_word' id='word_1_288' title='bbox 178 3631 237 3730; x_wconf 85' lang='lat' dir='ltr'><strong>ipsi</strong></span> <span class='ocrx_word' id='word_1_289' title='bbox 251 3633 330 3698; x_wconf 86' lang='lat' dir='ltr'><strong>olim</strong></span> <span class='ocrx_word' id='word_1_290' title='bbox 344 3651 386 3696; x_wconf 85' lang='lat' dir='ltr'><strong>ex</strong></span> <span class='ocrx_word' id='word_1_291' title='bbox 400 3634 544 3715; x_wconf 84' lang='lat' dir='ltr'><strong>qualibet</strong></span> <span class='ocrx_word' id='word_1_292' title='bbox 558 3655 660 3698; x_wconf 83' lang='lat' dir='ltr'><strong>causa</strong></span> <span class='ocrx_word' id='word_1_293' title='bbox 674 3635 822 3720; x_wconf 82' lang='lat' dir='ltr'><strong>debebat;</strong></span> <span class='ocrx_word' id='word_1_294' title='bbox 838 3657 904 3702; x_wconf 90' lang='lat' dir='ltr'><strong>uon</strong></span> <span class='ocrx_word' id='word_1_295' title='bbox 919 3640 1006 3704; x_wconf 89' lang='lat' dir='ltr'><strong>eninr</strong></span> <span class='ocrx_word' id='word_1_296' title='bbox 1021 3641 1054 3703; x_wconf 90' lang='lat' dir='ltr'><strong>in</strong></span> <span class='ocrx_word' id='word_1_297' title='bbox 1070 3659 1108 3702; x_wconf 87' lang='lat' dir='ltr'><strong>ee</strong></span> <span class='ocrx_word' id='word_1_298' title='bbox 1123 3641 1230 3724; x_wconf 85' lang='lat' dir='ltr'><strong>specie</strong></span> <span class='ocrx_word' id='word_1_299' title='bbox 1245 3643 1384 3708; x_wconf 78' lang='lat' dir='ltr'><strong>liberuli-</strong></span> 
     </span>
     <span class='ocr_line' id='line_1_32' title="bbox 87 3742 1378 3838; baseline 0.018 -41"><span class='ocrx_word' id='word_1_300' title='bbox 87 3745 130 3799; x_wconf 86' lang='lat' dir='ltr'><strong>tas</strong></span> <span class='ocrx_word' id='word_1_301' title='bbox 144 3742 214 3821; x_wconf 86' lang='lat' dir='ltr'><strong>ulla,</strong></span> <span class='ocrx_word' id='word_1_302' title='bbox 240 3755 299 3808; x_wconf 82' lang='lat' dir='ltr'><strong>aut</strong></span> <span class='ocrx_word' id='word_1_303' title='bbox 315 3743 538 3808; x_wconf 77' lang='lat' dir='ltr'><strong>benevolentia</strong></span> <span class='ocrx_word' id='word_1_304' title='bbox 552 3747 734 3830; x_wconf 69' lang='lat' dir='ltr'><strong>exhibetur,</strong></span> <span class='ocrx_word' id='word_1_305' title='bbox 760 3749 818 3812; x_wconf 88' lang='lat' dir='ltr'><strong>sed</strong></span> <span class='ocrx_word' id='word_1_306' title='bbox 834 3751 1149 3834; x_wconf 80' lang='lat' dir='ltr'><strong>tutius-prospicitur,</strong></span> <span class='ocrx_word' id='word_1_307' title='bbox 1172 3757 1302 3838; x_wconf 87' lang='lat' dir='ltr'><strong>nequis</strong></span> <span class='ocrx_word' id='word_1_308' title='bbox 1318 3751 1378 3820; x_wconf 85' lang='lat' dir='ltr'><strong>sr&#39;ro</strong></span> 
     </span>
     <span class='ocr_line' id='line_1_33' title="bbox 81 3844 1397 3942; baseline 0.019 -36"><span class='ocrx_word' id='word_1_309' title='bbox 81 3844 146 3926; x_wconf 86' lang='lat' dir='ltr'><strong>jure</strong></span> <span class='ocrx_word' id='word_1_310' title='bbox 158 3849 332 3916; x_wconf 60' lang='lat' dir='ltr'><strong>fraudemur</strong></span> <span class='ocrx_word' id='word_1_311' title='bbox 359 3851 453 3930; x_wconf 80' lang='lat' dir='ltr'><strong>eum,</strong></span> <span class='ocrx_word' id='word_1_312' title='bbox 468 3855 524 3936; x_wconf 89' lang='lat' dir='ltr'><strong>qui</strong></span> <span class='ocrx_word' id='word_1_313' title='bbox 540 3865 663 3937; x_wconf 88' lang='lat' dir='ltr'><strong>petant,</strong></span> <span class='ocrx_word' id='word_1_314' title='bbox 679 3856 842 3922; x_wconf 78' lang='lat' dir='ltr'><strong>Judaeum</strong></span> <span class='ocrx_word' id='word_1_315' title='bbox 858 3867 988 3942; x_wconf 77' lang='lat' dir='ltr'><strong>possae</strong></span> <span class='ocrx_word' id='word_1_316' title='bbox 1004 3862 1188 3928; x_wconf 79' lang='lat' dir='ltr'><strong>Christiano</strong></span> <span class='ocrx_word' id='word_1_317' title='bbox 1203 3865 1377 3930; x_wconf 82' lang='lat' dir='ltr'><strong>haeredem</strong></span> <span class='ocrx_word' id='word_1_318' title='bbox 1395 3906 1397 3912; x_wconf 93' lang='lat'>·</span> 
     </span>
     <span class='ocr_line' id='line_1_34' title="bbox 86 3956 1377 4056; baseline 0.017 -37"><span class='ocrx_word' id='word_1_319' title='bbox 86 3956 209 4028; x_wconf 78' lang='lat' dir='ltr'><strong>irretituti</strong></span> <span class='ocrx_word' id='word_1_320' title='bbox 223 3967 287 4030; x_wconf 87' lang='lat' dir='ltr'><strong>sub</strong></span> <span class='ocrx_word' id='word_1_321' title='bbox 299 3965 492 4045; x_wconf 83' lang='lat' dir='ltr'><strong>conditione,</strong></span> <span class='ocrx_word' id='word_1_322' title='bbox 508 3968 535 4030; x_wconf 82' lang='lat' dir='ltr'><strong>si</strong></span> <span class='ocrx_word' id='word_1_323' title='bbox 549 3969 740 4052; x_wconf 74' lang='lat' dir='ltr'><strong>baptizetur.</strong></span> <span class='ocrx_word' id='word_1_324' title='bbox 781 3971 856 4052; x_wconf 83' lang='lat' dir='ltr'><strong>Ego</strong></span> <span class='ocrx_word' id='word_1_325' title='bbox 871 3983 980 4038; x_wconf 88' lang='lat' dir='ltr'><strong>tamen</strong></span> <span class='ocrx_word' id='word_1_326' title='bbox 997 3993 1114 4056; x_wconf 82' lang='lat' dir='ltr'><strong>vereor,</strong></span> <span class='ocrx_word' id='word_1_327' title='bbox 1134 3997 1175 4040; x_wconf 90' lang='lat' dir='ltr'><strong>ne</strong></span> <span class='ocrx_word' id='word_1_328' title='bbox 1190 3978 1271 4042; x_wconf 85' lang='lat' dir='ltr'><strong>haee</strong></span> <span class='ocrx_word' id='word_1_329' title='bbox 1286 3979 1377 4041; x_wconf 84' lang='lat' dir='ltr'><strong>insti·</strong></span> 
     </span>
     <span class='ocr_line' id='line_1_35' title="bbox 85 4069 1376 4169; baseline 0.017 -41"><span class='ocrx_word' id='word_1_330' title='bbox 85 4069 156 4132; x_wconf 85' lang='lat' dir='ltr'><strong>tutin</strong></span> <span class='ocrx_word' id='word_1_331' title='bbox 169 4073 322 4139; x_wconf 74' lang='lat' dir='ltr'><strong>sereres</strong></span> <span class='ocrx_word' id='word_1_332' title='bbox 337 4075 503 4158; x_wconf 80' lang='lat' dir='ltr'><strong>generales</strong></span> <span class='ocrx_word' id='word_1_333' title='bbox 513 4078 595 4160; x_wconf 86' lang='lat' dir='ltr'><strong>juris</strong></span> <span class='ocrx_word' id='word_1_334' title='bbox 608 4077 738 4161; x_wconf 64' lang='lat' dir='ltr'><strong>rugerius</strong></span> <span class='ocrx_word' id='word_1_335' title='bbox 749 4080 949 4166; x_wconf 77' lang='lat' dir='ltr'><strong>impingeret,</strong></span> <span class='ocrx_word' id='word_1_336' title='bbox 965 4103 1049 4166; x_wconf 87' lang='lat' dir='ltr'><strong>quae</strong></span> <span class='ocrx_word' id='word_1_337' title='bbox 1066 4087 1238 4169; x_wconf 88' lang='lat' dir='ltr'><strong>postulant,</strong></span> <span class='ocrx_word' id='word_1_338' title='bbox 1254 4097 1290 4152; x_wconf 85' lang='lat' dir='ltr'><strong>ut</strong></span> <span class='ocrx_word' id='word_1_339' title='bbox 1301 4088 1376 4150; x_wconf 89' lang='lat' dir='ltr'><strong>hae-</strong></span> 
     </span>
     <span class='ocr_line' id='line_1_36' title="bbox 84 4187 1376 4278; baseline 0.017 -39"><span class='ocrx_word' id='word_1_340' title='bbox 84 4193 129 4240; x_wconf 82' lang='lat' dir='ltr'><strong>res</strong></span> <span class='ocrx_word' id='word_1_341' title='bbox 142 4190 275 4266; x_wconf 87' lang='lat' dir='ltr'><strong>tempore</strong></span> <span class='ocrx_word' id='word_1_342' title='bbox 302 4188 486 4249; x_wconf 82' lang='lat' dir='ltr'><strong>testamenti</strong></span> <span class='ocrx_word' id='word_1_343' title='bbox 494 4188 564 4270; x_wconf 77' lang='lat' dir='ltr'><strong>jam</strong></span> <span class='ocrx_word' id='word_1_344' title='bbox 589 4188 631 4250; x_wconf 86' lang='lat' dir='ltr'><strong>sit</strong></span> <span class='ocrx_word' id='word_1_345' title='bbox 646 4187 790 4269; x_wconf 84' lang='lat' dir='ltr'><strong>idoneus,</strong></span> <span class='ocrx_word' id='word_1_346' title='bbox 819 4194 840 4258; x_wconf 88' lang='lat' dir='ltr'><strong>i.</strong></span> <span class='ocrx_word' id='word_1_347' title='bbox 856 4193 885 4256; x_wconf 83' lang='lat' dir='ltr'><strong>d.</strong></span> <span class='ocrx_word' id='word_1_348' title='bbox 902 4194 1000 4258; x_wconf 79' lang='lat' dir='ltr'><strong>instit</strong></span> <span class='ocrx_word' id='word_1_349' title='bbox 1023 4195 1065 4258; x_wconf 89' lang='lat' dir='ltr'><strong>de</strong></span> <span class='ocrx_word' id='word_1_350' title='bbox 1079 4195 1205 4259; x_wconf 88' lang='lat' dir='ltr'><strong>haered.</strong></span> <span class='ocrx_word' id='word_1_351' title='bbox 1229 4196 1327 4278; x_wconf 79' lang='lat' dir='ltr'><strong>quel,</strong></span> <span class='ocrx_word' id='word_1_352' title='bbox 1343 4207 1376 4262; x_wconf 87' lang='lat' dir='ltr'><strong>et</strong></span> 
     </span>
     <span class='ocr_line' id='line_1_37' title="bbox 84 4275 1380 4386; baseline 0.027 -46"><span class='ocrx_word' id='word_1_353' title='bbox 84 4275 234 4370; x_wconf 82' lang='lat' dir='ltr'><strong>different,</strong></span> <span class='ocrx_word' id='word_1_354' title='bbox 251 4289 275 4353; x_wconf 63' lang='lat' dir='ltr'><strong>l.⁴</strong></span> <span class='ocrx_word' id='word_1_355' title='bbox 287 4292 337 4354; x_wconf 78' lang='lat'><strong>⁵9.</strong></span> <span class='ocrx_word' id='word_1_356' title='bbox 366 4295 387 4360; x_wconf 83' lang='lat' dir='ltr'><strong>l.</strong></span> <span class='ocrx_word' id='word_1_357' title='bbox 403 4292 435 4355; x_wconf 84' lang='lat' dir='ltr'><strong>ii.</strong></span> <span class='ocrx_word' id='word_1_358' title='bbox 451 4293 492 4356; x_wconf 87' lang='lat' dir='ltr'><strong>de</strong></span> <span class='ocrx_word' id='word_1_359' title='bbox 507 4294 650 4360; x_wconf 80' lang='lat' dir='ltr'><strong>haered·</strong></span> <span class='ocrx_word' id='word_1_360' title='bbox 664 4297 770 4376; x_wconf 80' lang='lat' dir='ltr'><strong>instit,</strong></span> <span class='ocrx_word' id='word_1_361' title='bbox 786 4300 848 4362; x_wconf 88' lang='lat' dir='ltr'><strong>nisi</strong></span> <span class='ocrx_word' id='word_1_362' title='bbox 865 4311 974 4366; x_wconf 87' lang='lat' dir='ltr'><strong>tamen</strong></span> <span class='ocrx_word' id='word_1_363' title='bbox 992 4305 1168 4386; x_wconf 84' lang='lat' dir='ltr'><strong>quisquam</strong></span> <span class='ocrx_word' id='word_1_364' title='bbox 1183 4304 1308 4385; x_wconf 85' lang='lat' dir='ltr'><strong>dixerit,</strong></span> <span class='ocrx_word' id='word_1_365' title='bbox 1331 4325 1380 4376; x_wconf 71' lang='lat' dir='ltr'><strong>en,</strong></span> 
     </span>
     <span class='ocr_line' id='line_1_38' title="bbox 84 4393 1373 4498; baseline 0.015 -39"><span class='ocrx_word' id='word_1_366' title='bbox 84 4393 213 4470; x_wconf 78' lang='lat' dir='ltr'><strong>quadarn</strong></span> <span class='ocrx_word' id='word_1_367' title='bbox 226 4401 396 4484; x_wconf 84' lang='lat' dir='ltr'><strong>aequitate,</strong></span> <span class='ocrx_word' id='word_1_368' title='bbox 422 4419 480 4465; x_wconf 86' lang='lat' dir='ltr'><strong>seu</strong></span> <span class='ocrx_word' id='word_1_369' title='bbox 497 4401 605 4467; x_wconf 84' lang='lat' dir='ltr'><strong>favore</strong></span> <span class='ocrx_word' id='word_1_370' title='bbox 621 4405 785 4489; x_wconf 76' lang='lat' dir='ltr'><strong>religionis</strong></span> <span class='ocrx_word' id='word_1_371' title='bbox 799 4411 957 4492; x_wconf 83' lang='lat' dir='ltr'><strong>sustineri,</strong></span> <span class='ocrx_word' id='word_1_372' title='bbox 979 4411 1068 4494; x_wconf 87' lang='lat' dir='ltr'><strong>quod</strong></span> <span class='ocrx_word' id='word_1_373' title='bbox 1082 4427 1211 4476; x_wconf 86' lang='lat' dir='ltr'><strong>summo</strong></span> <span class='ocrx_word' id='word_1_374' title='bbox 1220 4414 1292 4498; x_wconf 89' lang='lat' dir='ltr'><strong>jure</strong></span> <span class='ocrx_word' id='word_1_375' title='bbox 1308 4430 1373 4479; x_wconf 87' lang='lat' dir='ltr'><strong>non</strong></span> 
     </span>
    </p>
   </div>
   <div class='ocr_carea' id='block_1_5' title="bbox 0 0 1564 4980">
    <p class='ocr_par' dir='ltr' id='par_1_5' title="bbox 0 0 1564 4980">
     <span class='ocr_line' id='line_1_39' title="bbox 0 0 1564 4980; baseline 0 6"><span class='ocrx_word' id='word_1_376' title='bbox 0 0 1564 4980; x_wconf 95' lang='lat' dir='ltr'><strong> </strong></span> 
     </span>
    </p>
   </div>
  </div>
 </body>
</html>
