<?xml version="1.0" encoding="UTF-8"?>
<!DOCTYPE html PUBLIC "-//W3C//DTD XHTML 1.0 Transitional//EN"
    "http://www.w3.org/TR/xhtml1/DTD/xhtml1-transitional.dtd">
<html xmlns="http://www.w3.org/1999/xhtml" xml:lang="en" lang="en">
 <head>
  <title>
</title>
<meta http-equiv="Content-Type" content="text/html;charset=utf-8" />
  <meta name='ocr-system' content='tesseract 3.04.00' />
  <meta name='ocr-capabilities' content='ocr_page ocr_carea ocr_par ocr_line ocrx_word'/>
</head>
<body>
  <div class='ocr_page' id='page_1' title='image "./carolisebastian00beragoog_0472.png"; bbox 0 0 3120 4980; ppageno 0'>
   <div class='ocr_carea' id='block_1_1' title="bbox 296 408 1416 508">
    <p class='ocr_par' dir='ltr' id='par_1_1' title="bbox 296 408 1416 508">
     <span class='ocr_line' id='line_1_1' title="bbox 296 408 1416 508; baseline -0.023 -9"><span class='ocrx_word' id='word_1_1' title='bbox 296 451 343 499; x_wconf 80' lang='lat' dir='ltr'>nc</span> <span class='ocrx_word' id='word_1_2' title='bbox 360 447 565 508; x_wconf 71' lang='lat' dir='ltr'>erosas-rra,</span> <span class='ocrx_word' id='word_1_3' title='bbox 582 439 795 502; x_wconf 75' lang='lat' dir='ltr'>neccaram,</span> <span class='ocrx_word' id='word_1_4' title='bbox 823 439 867 485; x_wconf 80' lang='lat' dir='ltr'>cr</span> <span class='ocrx_word' id='word_1_5' title='bbox 885 434 1154 483; x_wconf 75' lang='lat' dir='ltr'>scersussrcas.</span> <span class='ocrx_word' id='word_1_6' title='bbox 1334 408 1378 474; x_wconf 72' lang='grc'>93</span> <span class='ocrx_word' id='word_1_7' title='bbox 1411 467 1416 479; x_wconf 89' lang='grc'>,</span> 
     </span>
    </p>
   </div>
   <div class='ocr_carea' id='block_1_2' title="bbox 75 551 1444 4570">
    <p class='ocr_par' dir='ltr' id='par_1_2' title="bbox 75 551 1444 4248">
     <span class='ocr_line' id='line_1_2' title="bbox 75 551 1379 656; baseline -0.021 -15"><span class='ocrx_word' id='word_1_8' title='bbox 75 576 258 655; x_wconf 75' lang='lat' dir='ltr'>cadunensi,</span> <span class='ocrx_word' id='word_1_9' title='bbox 285 577 318 639; x_wconf 90' lang='lat' dir='ltr'>in</span> <span class='ocrx_word' id='word_1_10' title='bbox 333 591 400 656; x_wconf 87' lang='lat' dir='ltr'>quo</span> <span class='ocrx_word' id='word_1_11' title='bbox 415 573 501 636; x_wconf 86' lang='lat' dir='ltr'>idem</span> <span class='ocrx_word' id='word_1_12' title='bbox 518 569 704 634; x_wconf 83' lang='lat' dir='ltr'>Marcianus</span> <span class='ocrx_word' id='word_1_13' title='bbox 729 583 881 648; x_wconf 76' lang='lat' dir='ltr'>praesens</span> <span class='ocrx_word' id='word_1_14' title='bbox 897 559 1009 638; x_wconf 83' lang='lat' dir='ltr'>adfuit,</span> <span class='ocrx_word' id='word_1_15' title='bbox 1025 559 1121 620; x_wconf 87' lang='lat' dir='ltr'>trium</span> <span class='ocrx_word' id='word_1_16' title='bbox 1146 551 1379 636; x_wconf 82' lang='lat' dir='ltr'>Capitulorum,</span> 
     </span>
     <span class='ocr_line' id='line_1_3' title="bbox 94 663 1380 767; baseline -0.019 -19"><span class='ocrx_word' id='word_1_17' title='bbox 94 685 250 767; x_wconf 86' lang='lat' dir='ltr'>exquibus</span> <span class='ocrx_word' id='word_1_18' title='bbox 264 683 405 766; x_wconf 88' lang='lat' dir='ltr'>primum</span> <span class='ocrx_word' id='word_1_19' title='bbox 421 691 497 758; x_wconf 85' lang='lat' dir='ltr'>crat,</span> <span class='ocrx_word' id='word_1_20' title='bbox 514 700 554 742; x_wconf 87' lang='lat' dir='ltr'>an</span> <span class='ocrx_word' id='word_1_21' title='bbox 571 675 760 740; x_wconf 87' lang='lat' dir='ltr'>damnanda</span> <span class='ocrx_word' id='word_1_22' title='bbox 775 683 858 735; x_wconf 86' lang='lat' dir='ltr'>osset</span> <span class='ocrx_word' id='word_1_23' title='bbox 880 687 1015 753; x_wconf 89' lang='lat' dir='ltr'>persona</span> <span class='ocrx_word' id='word_1_24' title='bbox 1032 665 1196 729; x_wconf 73' lang='lat' dir='ltr'>Theodori</span> <span class='ocrx_word' id='word_1_25' title='bbox 1214 663 1380 744; x_wconf 80' lang='lat' dir='ltr'>Mopsues-</span> 
     </span>
     <span class='ocr_line' id='line_1_4' title="bbox 94 773 1382 875; baseline -0.017 -21"><span class='ocrx_word' id='word_1_26' title='bbox 94 795 149 855; x_wconf 89' lang='lat' dir='ltr'>teui</span> <span class='ocrx_word' id='word_1_27' title='bbox 163 797 191 857; x_wconf 88' lang='lat' dir='ltr'>in</span> <span class='ocrx_word' id='word_1_28' title='bbox 208 813 286 875; x_wconf 89' lang='lat' dir='ltr'>pace</span> <span class='ocrx_word' id='word_1_29' title='bbox 312 789 480 854; x_wconf 80' lang='lat' dir='ltr'>Ecclesiae</span> <span class='ocrx_word' id='word_1_30' title='bbox 496 787 650 866; x_wconf 79' lang='lat' dir='ltr'>desurrcti3</span> <span class='ocrx_word' id='word_1_31' title='bbox 668 803 766 846; x_wconf 90' lang='lat' dir='ltr'>unmo</span> <span class='ocrx_word' id='word_1_32' title='bbox 792 794 822 843; x_wconf 92' lang='lat' dir='ltr'>et</span> <span class='ocrx_word' id='word_1_33' title='bbox 838 781 869 842; x_wconf 87' lang='lat' dir='ltr'>iu</span> <span class='ocrx_word' id='word_1_34' title='bbox 887 799 924 840; x_wconf 89' lang='lat' dir='ltr'>ao</span> <span class='ocrx_word' id='word_1_35' title='bbox 941 777 1086 841; x_wconf 76' lang='lat' dir='ltr'>Concilio</span> <span class='ocrx_word' id='word_1_36' title='bbox 1101 773 1274 836; x_wconf 84' lang='lat' dir='ltr'>definitum</span> <span class='ocrx_word' id='word_1_37' title='bbox 1289 773 1382 856; x_wconf 91' lang='lat' dir='ltr'>(qua-</span> 
     </span>
     <span class='ocr_line' id='line_1_5' title="bbox 94 879 1381 981; baseline -0.016 -19"><span class='ocrx_word' id='word_1_38' title='bbox 94 899 260 981; x_wconf 86' lang='lat' dir='ltr'>liscumque</span> <span class='ocrx_word' id='word_1_39' title='bbox 276 899 410 963; x_wconf 90' lang='lat' dir='ltr'>demum</span> <span class='ocrx_word' id='word_1_40' title='bbox 425 895 624 960; x_wconf 77' lang='lat' dir='ltr'>auctoritatis</span> <span class='ocrx_word' id='word_1_41' title='bbox 641 903 712 956; x_wconf 87' lang='lat' dir='ltr'>acta</span> <span class='ocrx_word' id='word_1_42' title='bbox 728 893 796 974; x_wconf 87' lang='lat' dir='ltr'>ejus</span> <span class='ocrx_word' id='word_1_43' title='bbox 813 889 947 952; x_wconf 79' lang='lat' dir='ltr'>Concilii</span> <span class='ocrx_word' id='word_1_44' title='bbox 972 889 1003 950; x_wconf 91' lang='lat' dir='ltr'>iu</span> <span class='ocrx_word' id='word_1_45' title='bbox 1022 888 1083 948; x_wconf 87' lang='lat' dir='ltr'>hoc</span> <span class='ocrx_word' id='word_1_46' title='bbox 1098 895 1187 967; x_wconf 77' lang='lat' dir='ltr'>parte</span> <span class='ocrx_word' id='word_1_47' title='bbox 1203 879 1311 945; x_wconf 89' lang='lat' dir='ltr'>haberi</span> <span class='ocrx_word' id='word_1_48' title='bbox 1328 879 1381 943; x_wconf 91' lang='lat' dir='ltr'>de·</span> 
     </span>
     <span class='ocr_line' id='line_1_6' title="bbox 93 991 1380 1094; baseline -0.015 -23"><span class='ocrx_word' id='word_1_49' title='bbox 93 1007 225 1094; x_wconf 76' lang='lat' dir='ltr'>baetim),</span> <span class='ocrx_word' id='word_1_50' title='bbox 241 1027 288 1074; x_wconf 48' lang='lat' dir='ltr'>ne*</span> <span class='ocrx_word' id='word_1_51' title='bbox 309 1005 472 1071; x_wconf 82' lang='lat' dir='ltr'>Theodori</span> <span class='ocrx_word' id='word_1_52' title='bbox 489 1005 555 1067; x_wconf 87' lang='lat' dir='ltr'>vita</span> <span class='ocrx_word' id='word_1_53' title='bbox 579 1001 680 1066; x_wconf 83' lang='lat' dir='ltr'>suncti</span> <span class='ocrx_word' id='word_1_54' title='bbox 698 1019 811 1063; x_wconf 82' lang='lat' dir='ltr'>mauce</span> <span class='ocrx_word' id='word_1_55' title='bbox 838 998 1099 1078; x_wconf 72' lang='lat' dir='ltr'>inquietarentur.</span> <span class='ocrx_word' id='word_1_56' title='bbox 1143 991 1326 1067; x_wconf 80' lang='lat' dir='ltr'>Theodoro,</span> <span class='ocrx_word' id='word_1_57' title='bbox 1349 999 1380 1052; x_wconf 92' lang='lat' dir='ltr'>et</span> 
     </span>
     <span class='ocr_line' id='line_1_7' title="bbox 94 1107 1381 1195; baseline -0.014 -15"><span class='ocrx_word' id='word_1_58' title='bbox 94 1116 244 1180; x_wconf 73' lang='lat' dir='ltr'>&#39;l&#39;heodori</span> <span class='ocrx_word' id='word_1_59' title='bbox 271 1135 392 1182; x_wconf 87' lang='lat' dir='ltr'>causae</span> <span class='ocrx_word' id='word_1_60' title='bbox 418 1111 703 1195; x_wconf 71' lang='lat' dir='ltr'>patrocinabantur</span> <span class='ocrx_word' id='word_1_61' title='bbox 728 1107 924 1181; x_wconf 79' lang='lat' dir='ltr'>lilarcianus,</span> <span class='ocrx_word' id='word_1_62' title='bbox 953 1117 992 1178; x_wconf 56' lang='lat' dir='ltr'>ut,</span> <span class='ocrx_word' id='word_1_63' title='bbox 1016 1115 1175 1188; x_wconf 80' lang='lat' dir='ltr'>praeterea</span> <span class='ocrx_word' id='word_1_64' title='bbox 1200 1117 1381 1182; x_wconf 78' lang='lat' dir='ltr'>congruum</span> 
     </span>
     <span class='ocr_line' id='line_1_8' title="bbox 93 1205 1380 1300; baseline -0.012 -17"><span class='ocrx_word' id='word_1_65' title='bbox 93 1235 158 1300; x_wconf 71' lang='lat' dir='ltr'>erat</span> <span class='ocrx_word' id='word_1_66' title='bbox 172 1223 203 1286; x_wconf 91' lang='lat' dir='ltr'>in</span> <span class='ocrx_word' id='word_1_67' title='bbox 219 1241 293 1286; x_wconf 87' lang='lat' dir='ltr'>eam</span> <span class='ocrx_word' id='word_1_68' title='bbox 320 1223 365 1284; x_wconf 90' lang='lat' dir='ltr'>ira</span> <span class='ocrx_word' id='word_1_69' title='bbox 380 1209 583 1295; x_wconf 77' lang='lat' dir='ltr'>sententiam,</span> <span class='ocrx_word' id='word_1_70' title='bbox 609 1233 676 1299; x_wconf 85' lang='lat' dir='ltr'>qua</span> <span class='ocrx_word' id='word_1_71' title='bbox 691 1215 875 1292; x_wconf 80' lang='lat' dir='ltr'>declararet,</span> <span class='ocrx_word' id='word_1_72' title='bbox 903 1213 1071 1276; x_wconf 84' lang='lat' dir='ltr'>haereticis</span> <span class='ocrx_word' id='word_1_73' title='bbox 1086 1213 1154 1271; x_wconf 84' lang='lat' dir='ltr'>vlta</span> <span class='ocrx_word' id='word_1_74' title='bbox 1180 1205 1299 1271; x_wconf 85' lang='lat' dir='ltr'>sanctis</span> <span class='ocrx_word' id='word_1_75' title='bbox 1315 1223 1380 1269; x_wconf 90' lang='lat' dir='ltr'>non</span> 
     </span>
     <span class='ocr_line' id='line_1_9' title="bbox 92 1316 1380 1411; baseline -0.008 -23"><span class='ocrx_word' id='word_1_76' title='bbox 92 1345 152 1390; x_wconf 86' lang='lat' dir='ltr'>esse</span> <span class='ocrx_word' id='word_1_77' title='bbox 166 1329 372 1411; x_wconf 86' lang='lat' dir='ltr'>denegandos</span> <span class='ocrx_word' id='word_1_78' title='bbox 399 1327 530 1410; x_wconf 86' lang='lat' dir='ltr'>legitimi</span> <span class='ocrx_word' id='word_1_79' title='bbox 548 1325 685 1409; x_wconf 84' lang='lat' dir='ltr'>sepulcri</span> <span class='ocrx_word' id='word_1_80' title='bbox 711 1325 859 1388; x_wconf 85' lang='lat' dir='ltr'>bonores.</span> <span class='ocrx_word' id='word_1_81' title='bbox 903 1321 1122 1402; x_wconf 74' lang='lat' dir='ltr'>Tcnrporibus</span> <span class='ocrx_word' id='word_1_82' title='bbox 1147 1317 1322 1380; x_wconf 86' lang='lat' dir='ltr'>Jusriuiaui</span> <span class='ocrx_word' id='word_1_83' title='bbox 1346 1316 1380 1378; x_wconf 88' lang='lat' dir='ltr'>in</span> 
     </span>
     <span class='ocr_line' id='line_1_10' title="bbox 92 1409 1444 1517; baseline -0.007 -17"><span class='ocrx_word' id='word_1_84' title='bbox 92 1437 225 1502; x_wconf 81' lang='lat' dir='ltr'>Concilio</span> <span class='ocrx_word' id='word_1_85' title='bbox 239 1439 390 1502; x_wconf 87' lang='lat' dir='ltr'>Generali</span> <span class='ocrx_word' id='word_1_86' title='bbox 408 1439 443 1500; x_wconf 85' lang='lat' dir='ltr'>V.</span> <span class='ocrx_word' id='word_1_87' title='bbox 459 1435 818 1517; x_wconf 82' lang='lat' dir='ltr'>Constantinopolitano</span> <span class='ocrx_word' id='word_1_88' title='bbox 833 1433 987 1496; x_wconf 85' lang='lat' dir='ltr'>damnata</span> <span class='ocrx_word' id='word_1_89' title='bbox 999 1409 1129 1494; x_wconf 82' lang='lat' dir='ltr'>fuorunt</span> <span class='ocrx_word' id='word_1_90' title='bbox 1145 1429 1203 1491; x_wconf 86' lang='lat' dir='ltr'>trie</span> <span class='ocrx_word' id='word_1_91' title='bbox 1220 1427 1380 1508; x_wconf 84' lang='lat' dir='ltr'>Capitale,</span> <span class='ocrx_word' id='word_1_92' title='bbox 1438 1488 1444 1502; x_wconf 81' lang='lat'>,</span> 
     </span>
     <span class='ocr_line' id='line_1_11' title="bbox 91 1535 1381 1626; baseline -0.006 -21"><span class='ocrx_word' id='word_1_93' title='bbox 91 1561 124 1606; x_wconf 82' lang='lat' dir='ltr'>ac</span> <span class='ocrx_word' id='word_1_94' title='bbox 139 1545 264 1626; x_wconf 80' lang='lat' dir='ltr'>proinde</span> <span class='ocrx_word' id='word_1_95' title='bbox 290 1547 387 1607; x_wconf 91' lang='lat' dir='ltr'>etiam</span> <span class='ocrx_word' id='word_1_96' title='bbox 411 1543 586 1606; x_wconf 87' lang='lat' dir='ltr'>damnatos</span> <span class='ocrx_word' id='word_1_97' title='bbox 611 1541 815 1620; x_wconf 58' lang='lat' dir='ltr'>Theodorum</span> <span class='ocrx_word' id='word_1_98' title='bbox 843 1541 919 1601; x_wconf 92' lang='lat' dir='ltr'>hiuc</span> <span class='ocrx_word' id='word_1_99' title='bbox 935 1558 995 1620; x_wconf 83' lang='lat' dir='ltr'>ego</span> <span class='ocrx_word' id='word_1_100' title='bbox 1022 1549 1099 1619; x_wconf 93' lang='lat' dir='ltr'>puto</span> <span class='ocrx_word' id='word_1_101' title='bbox 1121 1535 1220 1597; x_wconf 85' lang='lat' dir='ltr'>fuisse</span> <span class='ocrx_word' id='word_1_102' title='bbox 1246 1553 1381 1598; x_wconf 88' lang='lat' dir='ltr'>causam</span> 
     </span>
     <span class='ocr_line' id='line_1_12' title="bbox 92 1651 1381 1736; baseline -0.005 -20"><span class='ocrx_word' id='word_1_103' title='bbox 92 1654 270 1735; x_wconf 87' lang='lat' dir='ltr'>Justiuiano,</span> <span class='ocrx_word' id='word_1_104' title='bbox 288 1667 323 1719; x_wconf 91' lang='lat' dir='ltr'>ut</span> <span class='ocrx_word' id='word_1_105' title='bbox 338 1675 411 1718; x_wconf 89' lang='lat' dir='ltr'>cam</span> <span class='ocrx_word' id='word_1_106' title='bbox 427 1655 583 1720; x_wconf 87' lang='lat' dir='ltr'>Marciani</span> <span class='ocrx_word' id='word_1_107' title='bbox 601 1655 702 1736; x_wconf 83' lang='lat' dir='ltr'>legem</span> <span class='ocrx_word' id='word_1_108' title='bbox 719 1673 778 1716; x_wconf 91' lang='lat' dir='ltr'>suo</span> <span class='ocrx_word' id='word_1_109' title='bbox 793 1651 906 1714; x_wconf 90' lang='lat' dir='ltr'>Codici</span> <span class='ocrx_word' id='word_1_110' title='bbox 923 1669 985 1713; x_wconf 90' lang='lat' dir='ltr'>non</span> <span class='ocrx_word' id='word_1_111' title='bbox 1004 1651 1163 1725; x_wconf 86' lang='lat' dir='ltr'>insereret,</span> <span class='ocrx_word' id='word_1_112' title='bbox 1179 1665 1381 1728; x_wconf 85' lang='lat' dir='ltr'>quamquam</span> 
     </span>
     <span class='ocr_line' id='line_1_13' title="bbox 92 1753 1383 1844; baseline -0.004 -22"><span class='ocrx_word' id='word_1_113' title='bbox 92 1761 261 1824; x_wconf 85' lang='lat' dir='ltr'>recentibus</span> <span class='ocrx_word' id='word_1_114' title='bbox 277 1763 416 1824; x_wconf 86' lang='lat' dir='ltr'>saeculis</span> <span class='ocrx_word' id='word_1_115' title='bbox 438 1781 533 1843; x_wconf 86' lang='lat' dir='ltr'>opera</span> <span class='ocrx_word' id='word_1_116' title='bbox 549 1761 764 1844; x_wconf 88' lang='lat' dir='ltr'>quorumdam</span> <span class='ocrx_word' id='word_1_117' title='bbox 780 1759 978 1823; x_wconf 88' lang='lat' dir='ltr'>eruditorum</span> <span class='ocrx_word' id='word_1_118' title='bbox 1002 1757 1117 1820; x_wconf 88' lang='lat' dir='ltr'>adsuta</span> <span class='ocrx_word' id='word_1_119' title='bbox 1133 1755 1236 1818; x_wconf 83' lang='lat' dir='ltr'>fuerit.</span> <span class='ocrx_word' id='word_1_120' title='bbox 1280 1753 1383 1824; x_wconf 71' lang='lat' dir='ltr'>erod</span> 
     </span>
     <span class='ocr_line' id='line_1_14' title="bbox 92 1855 1382 1952; baseline -0.004 -24"><span class='ocrx_word' id='word_1_121' title='bbox 92 1867 232 1932; x_wconf 90' lang='lat' dir='ltr'>siadhuc</span> <span class='ocrx_word' id='word_1_122' title='bbox 246 1881 427 1952; x_wconf 86' lang='lat' dir='ltr'>quaeratur,</span> <span class='ocrx_word' id='word_1_123' title='bbox 454 1883 555 1951; x_wconf 89' lang='lat' dir='ltr'>quare</span> <span class='ocrx_word' id='word_1_124' title='bbox 571 1870 652 1931; x_wconf 84' lang='lat' dir='ltr'>sacri</span> <span class='ocrx_word' id='word_1_125' title='bbox 678 1883 819 1932; x_wconf 79' lang='lat' dir='ltr'>canones</span> <span class='ocrx_word' id='word_1_126' title='bbox 842 1855 1070 1929; x_wconf 85' lang='lat' dir='ltr'>¹recentioribus</span> <span class='ocrx_word' id='word_1_127' title='bbox 1097 1863 1238 1925; x_wconf 85' lang='lat' dir='ltr'>saeculis</span> <span class='ocrx_word' id='word_1_128' title='bbox 1262 1861 1382 1926; x_wconf 81' lang='lat' dir='ltr'>allar-</span> 
     </span>
     <span class='ocr_line' id='line_1_15' title="bbox 91 1973 1381 2060; baseline 0.001 -23"><span class='ocrx_word' id='word_1_129' title='bbox 91 1980 165 2040; x_wconf 85' lang='lat' dir='ltr'>ciaui</span> <span class='ocrx_word' id='word_1_130' title='bbox 181 1979 354 2060; x_wconf 84' lang='lat' dir='ltr'>disciplina</span> <span class='ocrx_word' id='word_1_131' title='bbox 370 1979 562 2052; x_wconf 83' lang='lat' dir='ltr'>recesserint,</span> <span class='ocrx_word' id='word_1_132' title='bbox 579 1979 658 2042; x_wconf 89' lang='lat' dir='ltr'>dum</span> <span class='ocrx_word' id='word_1_133' title='bbox 674 1989 863 2056; x_wconf 87' lang='lat' dir='ltr'>statuerunt,</span> <span class='ocrx_word' id='word_1_134' title='bbox 880 1997 921 2040; x_wconf 90' lang='lat' dir='ltr'>ne</span> <span class='ocrx_word' id='word_1_135' title='bbox 936 1976 1086 2039; x_wconf 86' lang='lat' dir='ltr'>haeretici</span> <span class='ocrx_word' id='word_1_136' title='bbox 1101 1975 1267 2057; x_wconf 86' lang='lat' dir='ltr'>sepultura</span> <span class='ocrx_word' id='word_1_137' title='bbox 1282 1973 1381 2038; x_wconf 84' lang='lat' dir='ltr'>dona·</span> 
     </span>
     <span class='ocr_line' id='line_1_16' title="bbox 91 2083 1384 2170; baseline -0.001 -23"><span class='ocrx_word' id='word_1_138' title='bbox 91 2099 197 2165; x_wconf 87' lang='lat' dir='ltr'>rentur,</span> <span class='ocrx_word' id='word_1_139' title='bbox 212 2107 282 2170; x_wconf 88' lang='lat' dir='ltr'>cap.</span> <span class='ocrx_word' id='word_1_140' title='bbox 298 2089 319 2150; x_wconf 82' lang='lat'>8</span> <span class='ocrx_word' id='word_1_141' title='bbox 334 2087 374 2149; x_wconf 89' lang='lat' dir='ltr'>de</span> <span class='ocrx_word' id='word_1_142' title='bbox 390 2087 517 2166; x_wconf 83' lang='lat' dir='ltr'>haeret,</span> <span class='ocrx_word' id='word_1_143' title='bbox 545 2087 630 2150; x_wconf 89' lang='lat' dir='ltr'>dicto</span> <span class='ocrx_word' id='word_1_144' title='bbox 645 2107 716 2168; x_wconf 89' lang='lat' dir='ltr'>cap.</span> <span class='ocrx_word' id='word_1_145' title='bbox 730 2089 761 2150; x_wconf 81' lang='lat'>2.</span> <span class='ocrx_word' id='word_1_146' title='bbox 777 2085 847 2150; x_wconf 88' lang='lat' dir='ltr'>eod.</span> <span class='ocrx_word' id='word_1_147' title='bbox 865 2089 912 2149; x_wconf 91' lang='lat' dir='ltr'>tit.</span> <span class='ocrx_word' id='word_1_148' title='bbox 927 2087 959 2148; x_wconf 91' lang='lat' dir='ltr'>in</span> <span class='ocrx_word' id='word_1_149' title='bbox 976 2087 1014 2164; x_wconf 85' lang='lat'>6,</span> <span class='ocrx_word' id='word_1_150' title='bbox 1042 2083 1137 2147; x_wconf 88' lang='lat' dir='ltr'>sacile</span> <span class='ocrx_word' id='word_1_151' title='bbox 1152 2095 1198 2146; x_wconf 87' lang='lat' dir='ltr'>est</span> <span class='ocrx_word' id='word_1_152' title='bbox 1217 2083 1384 2164; x_wconf 88' lang='lat' dir='ltr'>responde·</span> 
     </span>
     <span class='ocr_line' id='line_1_17' title="bbox 91 2192 1384 2276; baseline 0.002 -24"><span class='ocrx_word' id='word_1_153' title='bbox 91 2209 127 2254; x_wconf 86' lang='lat' dir='ltr'>re:</span> <span class='ocrx_word' id='word_1_154' title='bbox 141 2194 293 2256; x_wconf 86' lang='lat' dir='ltr'>nimirum</span> <span class='ocrx_word' id='word_1_155' title='bbox 308 2195 504 2276; x_wconf 85' lang='lat' dir='ltr'>temporibus</span> <span class='ocrx_word' id='word_1_156' title='bbox 528 2193 683 2260; x_wconf 81' lang='lat' dir='ltr'>Marciani</span> <span class='ocrx_word' id='word_1_157' title='bbox 701 2195 840 2258; x_wconf 85' lang='lat' dir='ltr'>necdum</span> <span class='ocrx_word' id='word_1_158' title='bbox 856 2215 926 2257; x_wconf 90' lang='lat' dir='ltr'>mos</span> <span class='ocrx_word' id='word_1_159' title='bbox 948 2193 1137 2271; x_wconf 87' lang='lat' dir='ltr'>invaluerat,</span> <span class='ocrx_word' id='word_1_160' title='bbox 1158 2192 1220 2255; x_wconf 91' lang='lat' dir='ltr'>nisi</span> <span class='ocrx_word' id='word_1_161' title='bbox 1237 2203 1384 2272; x_wconf 83' lang='lat' dir='ltr'>ageretur</span> 
     </span>
     <span class='ocr_line' id='line_1_18' title="bbox 90 2293 1382 2386; baseline 0.005 -29"><span class='ocrx_word' id='word_1_162' title='bbox 90 2293 127 2358; x_wconf 90' lang='lat' dir='ltr'>de</span> <span class='ocrx_word' id='word_1_163' title='bbox 138 2313 315 2382; x_wconf 84' lang='lat' dir='ltr'>martyrum</span> <span class='ocrx_word' id='word_1_164' title='bbox 332 2301 469 2380; x_wconf 72' lang='lat' dir='ltr'>exuviis</span> <span class='ocrx_word' id='word_1_165' title='bbox 496 2313 531 2364; x_wconf 93' lang='lat' dir='ltr'>ut</span> <span class='ocrx_word' id='word_1_166' title='bbox 546 2301 705 2365; x_wconf 86' lang='lat' dir='ltr'>cadavera</span> <span class='ocrx_word' id='word_1_167' title='bbox 721 2305 861 2386; x_wconf 89' lang='lat' dir='ltr'>priorum</span> <span class='ocrx_word' id='word_1_168' title='bbox 888 2301 1032 2366; x_wconf 88' lang='lat' dir='ltr'>fidelium</span> <span class='ocrx_word' id='word_1_169' title='bbox 1049 2302 1083 2364; x_wconf 88' lang='lat' dir='ltr'>in</span> <span class='ocrx_word' id='word_1_170' title='bbox 1099 2301 1256 2363; x_wconf 85' lang='lat' dir='ltr'>Ecclesiis</span> <span class='ocrx_word' id='word_1_171' title='bbox 1277 2313 1382 2364; x_wconf 88' lang='lat' dir='ltr'>tumu-</span> 
     </span>
     <span class='ocr_line' id='line_1_19' title="bbox 89 2407 1383 2492; baseline 0.003 -24"><span class='ocrx_word' id='word_1_172' title='bbox 89 2407 232 2473; x_wconf 82' lang='lat' dir='ltr'>larentur.</span> <span class='ocrx_word' id='word_1_173' title='bbox 276 2409 425 2474; x_wconf 79' lang='lat' dir='ltr'>&#39;Pactum</span> <span class='ocrx_word' id='word_1_174' title='bbox 441 2411 474 2473; x_wconf 89' lang='lat' dir='ltr'>id</span> <span class='ocrx_word' id='word_1_175' title='bbox 501 2413 639 2477; x_wconf 85' lang='lat' dir='ltr'>obtinuit</span> <span class='ocrx_word' id='word_1_176' title='bbox 655 2415 825 2476; x_wconf 89' lang='lat' dir='ltr'>recentiore</span> <span class='ocrx_word' id='word_1_177' title='bbox 840 2421 953 2485; x_wconf 88' lang='lat' dir='ltr'>aetate,</span> <span class='ocrx_word' id='word_1_178' title='bbox 979 2429 1044 2492; x_wconf 87' lang='lat' dir='ltr'>qua</span> <span class='ocrx_word' id='word_1_179' title='bbox 1060 2409 1200 2491; x_wconf 86' lang='lat' dir='ltr'>primum</span> <span class='ocrx_word' id='word_1_180' title='bbox 1217 2409 1383 2490; x_wconf 83' lang='lat' dir='ltr'>sepultura</span> 
     </span>
     <span class='ocr_line' id='line_1_20' title="bbox 89 2514 1385 2603; baseline -0.001 -26"><span class='ocrx_word' id='word_1_181' title='bbox 89 2516 164 2582; x_wconf 81' lang='lat' dir='ltr'>inter</span> <span class='ocrx_word' id='word_1_182' title='bbox 172 2521 246 2603; x_wconf 83' lang='lat' dir='ltr'>jora</span> <span class='ocrx_word' id='word_1_183' title='bbox 271 2519 475 2584; x_wconf 75' lang='lat' dir='ltr'>Christianae</span> <span class='ocrx_word' id='word_1_184' title='bbox 490 2521 728 2582; x_wconf 84' lang='lat' dir='ltr'>coormunionis</span> <span class='ocrx_word' id='word_1_185' title='bbox 744 2519 897 2581; x_wconf 85' lang='lat' dir='ltr'>recenseri</span> <span class='ocrx_word' id='word_1_186' title='bbox 914 2519 1021 2600; x_wconf 88' lang='lat' dir='ltr'>aptius</span> <span class='ocrx_word' id='word_1_187' title='bbox 1036 2517 1149 2599; x_wconf 78' lang='lat' dir='ltr'>potuit3</span> <span class='ocrx_word' id='word_1_188' title='bbox 1177 2515 1264 2578; x_wconf 87' lang='lat' dir='ltr'>unde</span> <span class='ocrx_word' id='word_1_189' title='bbox 1280 2514 1385 2596; x_wconf 88' lang='lat' dir='ltr'>sepul-</span> 
     </span>
     <span class='ocr_line' id='line_1_21' title="bbox 91 2623 1384 2712; baseline 0 -24"><span class='ocrx_word' id='word_1_190' title='bbox 91 2633 163 2706; x_wconf 81' lang='lat' dir='ltr'>tura,</span> <span class='ocrx_word' id='word_1_191' title='bbox 174 2647 265 2711; x_wconf 85' lang='lat' dir='ltr'>quae</span> <span class='ocrx_word' id='word_1_192' title='bbox 276 2629 357 2692; x_wconf 81' lang='lat' dir='ltr'>olim</span> <span class='ocrx_word' id='word_1_193' title='bbox 373 2649 423 2693; x_wconf 86' lang='lat' dir='ltr'>ras</span> <span class='ocrx_word' id='word_1_194' title='bbox 439 2629 588 2712; x_wconf 87' lang='lat' dir='ltr'>religiosa</span> <span class='ocrx_word' id='word_1_195' title='bbox 599 2629 775 2706; x_wconf 85' lang='lat' dir='ltr'>dicebatur,</span> <span class='ocrx_word' id='word_1_196' title='bbox 791 2627 855 2690; x_wconf 90' lang='lat' dir='ltr'>dici</span> <span class='ocrx_word' id='word_1_197' title='bbox 870 2627 1023 2708; x_wconf 86' lang='lat' dir='ltr'>deinceps</span> <span class='ocrx_word' id='word_1_198' title='bbox 1038 2629 1141 2708; x_wconf 91' lang='lat' dir='ltr'>coepit</span> <span class='ocrx_word' id='word_1_199' title='bbox 1156 2645 1206 2689; x_wconf 92' lang='lat' dir='ltr'>res</span> <span class='ocrx_word' id='word_1_200' title='bbox 1218 2623 1384 2688; x_wconf 86' lang='lat' dir='ltr'>ecclesias·</span> 
     </span>
     <span class='ocr_line' id='line_1_22' title="bbox 90 2722 1385 2822; baseline -0.002 -24"><span class='ocrx_word' id='word_1_201' title='bbox 90 2737 158 2819; x_wconf 78' lang='lat' dir='ltr'>tica3</span> <span class='ocrx_word' id='word_1_202' title='bbox 172 2757 211 2802; x_wconf 85' lang='lat' dir='ltr'>ac</span> <span class='ocrx_word' id='word_1_203' title='bbox 227 2737 358 2822; x_wconf 64' lang='lat' dir='ltr'>pande</span> <span class='ocrx_word' id='word_1_204' title='bbox 383 2736 505 2800; x_wconf 81' lang='lat' dir='ltr'>sielim</span> <span class='ocrx_word' id='word_1_205' title='bbox 519 2737 669 2800; x_wconf 85' lang='lat' dir='ltr'>haeretici</span> <span class='ocrx_word' id='word_1_206' title='bbox 695 2735 861 2818; x_wconf 88' lang='lat' dir='ltr'>sepultura</span> <span class='ocrx_word' id='word_1_207' title='bbox 874 2735 986 2798; x_wconf 85' lang='lat' dir='ltr'>donati</span> <span class='ocrx_word' id='word_1_208' title='bbox 1002 2733 1140 2812; x_wconf 81' lang='lat' dir='ltr'>suerunt,</span> <span class='ocrx_word' id='word_1_209' title='bbox 1166 2733 1200 2796; x_wconf 91' lang='lat' dir='ltr'>id</span> <span class='ocrx_word' id='word_1_210' title='bbox 1215 2722 1385 2816; x_wconf 80' lang='lat' dir='ltr'>argumen-</span> 
     </span>
     <span class='ocr_line' id='line_1_23' title="bbox 89 2841 1385 2926; baseline 0.001 -24"><span class='ocrx_word' id='word_1_211' title='bbox 89 2851 154 2908; x_wconf 83' lang='lat' dir='ltr'>tcm</span> <span class='ocrx_word' id='word_1_212' title='bbox 168 2865 232 2910; x_wconf 81' lang='lat' dir='ltr'>riou</span> <span class='ocrx_word' id='word_1_213' title='bbox 258 2855 327 2908; x_wconf 84' lang='lat' dir='ltr'>erat</span> <span class='ocrx_word' id='word_1_214' title='bbox 340 2845 548 2909; x_wconf 82' lang='lat' dir='ltr'>Christianae</span> <span class='ocrx_word' id='word_1_215' title='bbox 572 2843 818 2922; x_wconf 83' lang='lat' dir='ltr'>communionis,</span> <span class='ocrx_word' id='word_1_216' title='bbox 843 2845 935 2926; x_wconf 84' lang='lat' dir='ltr'>cujus</span> <span class='ocrx_word' id='word_1_217' title='bbox 961 2854 1190 2926; x_wconf 84' lang='lat' dir='ltr'>argumentum</span> <span class='ocrx_word' id='word_1_218' title='bbox 1215 2843 1336 2920; x_wconf 81' lang='lat' dir='ltr'>ttasset,</span> <span class='ocrx_word' id='word_1_219' title='bbox 1356 2841 1385 2904; x_wconf 90' lang='lat' dir='ltr'>si</span> 
     </span>
     <span class='ocr_line' id='line_1_24' title="bbox 91 2935 1386 3034; baseline -0.005 -16"><span class='ocrx_word' id='word_1_220' title='bbox 91 2957 256 3032; x_wconf 64' lang='lat' dir='ltr'>miore</span> <span class='ocrx_word' id='word_1_221' title='bbox 278 2967 388 3018; x_wconf 82' lang='lat' dir='ltr'>aetate</span> <span class='ocrx_word' id='word_1_222' title='bbox 401 2955 433 3017; x_wconf 91' lang='lat' dir='ltr'>id</span> <span class='ocrx_word' id='word_1_223' title='bbox 457 2953 573 3019; x_wconf 51' lang='lat' dir='ltr'>¹suisset</span> <span class='ocrx_word' id='word_1_224' title='bbox 595 2935 766 3018; x_wconf 81' lang='lat' dir='ltr'>indultum.</span> <span class='ocrx_word' id='word_1_225' title='bbox 810 2951 902 3015; x_wconf 88' lang='lat' dir='ltr'>Haec</span> <span class='ocrx_word' id='word_1_226' title='bbox 918 2952 1079 3034; x_wconf 85' lang='lat' dir='ltr'>generalia</span> <span class='ocrx_word' id='word_1_227' title='bbox 1103 2961 1192 3014; x_wconf 88' lang='lat' dir='ltr'>eraut</span> <span class='ocrx_word' id='word_1_228' title='bbox 1216 2937 1386 3014; x_wconf 74' lang='lat' dir='ltr'>haereticis</span> 
     </span>
     <span class='ocr_line' id='line_1_25' title="bbox 91 3060 1386 3144; baseline 0.003 -24"><span class='ocrx_word' id='word_1_229' title='bbox 91 3061 251 3128; x_wconf 79' lang='lat' dir='ltr'>urrirersis.</span> <span class='ocrx_word' id='word_1_230' title='bbox 295 3061 660 3144; x_wconf 80' lang='lat' dir='ltr'>Sirrgulariaquaedam</span> <span class='ocrx_word' id='word_1_231' title='bbox 684 3061 980 3124; x_wconf 85' lang='lat' dir='ltr'>observandasunt</span> <span class='ocrx_word' id='word_1_232' title='bbox 1006 3073 1150 3144; x_wconf 88' lang='lat' dir='ltr'>respectu</span> <span class='ocrx_word' id='word_1_233' title='bbox 1177 3060 1386 3139; x_wconf 85' lang='lat' dir='ltr'>Clericorirm,</span> 
     </span>
     <span class='ocr_line' id='line_1_26' title="bbox 89 3168 1387 3254; baseline 0.003 -28"><span class='ocrx_word' id='word_1_234' title='bbox 89 3169 142 3244; x_wconf 90' lang='lat' dir='ltr'>qui</span> <span class='ocrx_word' id='word_1_235' title='bbox 156 3168 230 3232; x_wconf 78' lang='lat' dir='ltr'>sliu</span> <span class='ocrx_word' id='word_1_236' title='bbox 245 3168 404 3232; x_wconf 81' lang='lat' dir='ltr'>haeresim</span> <span class='ocrx_word' id='word_1_237' title='bbox 417 3169 599 3248; x_wconf 76' lang='lat' dir='ltr'>toriacum,</span> <span class='ocrx_word' id='word_1_238' title='bbox 624 3187 700 3232; x_wconf 86' lang='lat' dir='ltr'>cum</span> <span class='ocrx_word' id='word_1_239' title='bbox 715 3180 747 3231; x_wconf 87' lang='lat' dir='ltr'>at</span> <span class='ocrx_word' id='word_1_240' title='bbox 762 3169 822 3251; x_wconf 91' lang='lat' dir='ltr'>ipsi</span> <span class='ocrx_word' id='word_1_241' title='bbox 838 3171 1055 3233; x_wconf 88' lang='lat' dir='ltr'>anathematis</span> <span class='ocrx_word' id='word_1_242' title='bbox 1082 3189 1219 3254; x_wconf 88' lang='lat' dir='ltr'>poenam</span> <span class='ocrx_word' id='word_1_243' title='bbox 1235 3173 1305 3252; x_wconf 90' lang='lat' dir='ltr'>ipso</span> <span class='ocrx_word' id='word_1_244' title='bbox 1314 3171 1387 3253; x_wconf 91' lang='lat' dir='ltr'>jure</span> 
     </span>
     <span class='ocr_line' id='line_1_27' title="bbox 88 3267 1406 3362; baseline 0.003 -26"><span class='ocrx_word' id='word_1_245' title='bbox 88 3275 256 3356; x_wconf 86' lang='lat' dir='ltr'>incurrant,</span> <span class='ocrx_word' id='word_1_246' title='bbox 283 3281 393 3342; x_wconf 84' lang='lat' dir='ltr'>stetim</span> <span class='ocrx_word' id='word_1_247' title='bbox 408 3279 505 3345; x_wconf 74' lang='lat' dir='ltr'>auam</span> <span class='ocrx_word' id='word_1_248' title='bbox 531 3281 573 3342; x_wconf 87' lang='lat' dir='ltr'>ab</span> <span class='ocrx_word' id='word_1_249' title='bbox 587 3277 675 3342; x_wconf 85' lang='lat' dir='ltr'>omni</span> <span class='ocrx_word' id='word_1_250' title='bbox 689 3275 804 3358; x_wconf 84' lang='lat' dir='ltr'>officio,</span> <span class='ocrx_word' id='word_1_251' title='bbox 830 3297 862 3342; x_wconf 86' lang='lat' dir='ltr'>et</span> <span class='ocrx_word' id='word_1_252' title='bbox 879 3277 1033 3342; x_wconf 62' lang='lat' dir='ltr'>mnaficio</span> <span class='ocrx_word' id='word_1_253' title='bbox 1048 3280 1179 3358; x_wconf 88' lang='lat' dir='ltr'>cadunt,</span> <span class='ocrx_word' id='word_1_254' title='bbox 1205 3297 1267 3362; x_wconf 90' lang='lat' dir='ltr'>cap</span> <span class='ocrx_word' id='word_1_255' title='bbox 1298 3278 1338 3354; x_wconf 84' lang='grc'>9.,</span> <span class='ocrx_word' id='word_1_256' title='bbox 1353 3267 1406 3340; x_wconf 85' lang='lat' dir='ltr'>et‘</span> 
     </span>
     <span class='ocr_line' id='line_1_28' title="bbox 92 3383 1386 3472; baseline 0.005 -28"><span class='ocrx_word' id='word_1_257' title='bbox 92 3383 139 3446; x_wconf 65' lang='lat' dir='ltr'>la</span> <span class='ocrx_word' id='word_1_258' title='bbox 153 3383 384 3467; x_wconf 75' lang='lat' dir='ltr'>dehaereticis,</span> <span class='ocrx_word' id='word_1_259' title='bbox 401 3389 485 3450; x_wconf 87' lang='lat' dir='ltr'>adeo</span> <span class='ocrx_word' id='word_1_260' title='bbox 498 3397 536 3451; x_wconf 86' lang='lat' dir='ltr'>ut</span> <span class='ocrx_word' id='word_1_261' title='bbox 557 3387 655 3450; x_wconf 86' lang='lat' dir='ltr'>libera</span> <span class='ocrx_word' id='word_1_262' title='bbox 671 3387 729 3451; x_wconf 86' lang='lat' dir='ltr'>fiat</span> <span class='ocrx_word' id='word_1_263' title='bbox 744 3387 890 3452; x_wconf 78' lang='lat' dir='ltr'>beneficii</span> <span class='ocrx_word' id='word_1_264' title='bbox 906 3385 1063 3472; x_wconf 84' lang='lat' dir='ltr'>tanquam</span> <span class='ocrx_word' id='word_1_265' title='bbox 1086 3389 1232 3452; x_wconf 85' lang='lat' dir='ltr'>vacantis</span> <span class='ocrx_word' id='word_1_266' title='bbox 1248 3387 1386 3465; x_wconf 89' lang='lat' dir='ltr'>collatio,</span> 
     </span>
     <span class='ocr_line' id='line_1_29' title="bbox 90 3492 1387 3578; baseline 0.001 -22"><span class='ocrx_word' id='word_1_267' title='bbox 90 3492 168 3570; x_wconf 80' lang='lat' dir='ltr'>quin</span> <span class='ocrx_word' id='word_1_268' title='bbox 179 3495 224 3556; x_wconf 84' lang='lat' dir='ltr'>sit</span> <span class='ocrx_word' id='word_1_269' title='bbox 238 3493 377 3558; x_wconf 80' lang='lat' dir='ltr'>facultas</span> <span class='ocrx_word' id='word_1_270' title='bbox 392 3511 490 3576; x_wconf 79' lang='lat' dir='ltr'>perros</span> <span class='ocrx_word' id='word_1_271' title='bbox 511 3493 655 3578; x_wconf 81' lang='lat' dir='ltr'>judicem</span> <span class='ocrx_word' id='word_1_272' title='bbox 670 3493 755 3556; x_wconf 88' lang='lat' dir='ltr'>bona</span> <span class='ocrx_word' id='word_1_273' title='bbox 780 3493 985 3557; x_wconf 84' lang='lat' dir='ltr'>beneficiaria</span> <span class='ocrx_word' id='word_1_274' title='bbox 1000 3497 1043 3558; x_wconf 87' lang='lat' dir='ltr'>ab</span> <span class='ocrx_word' id='word_1_275' title='bbox 1063 3495 1224 3560; x_wconf 87' lang='lat' dir='ltr'>haeretico</span> <span class='ocrx_word' id='word_1_276' title='bbox 1237 3513 1387 3578; x_wconf 71' lang='lat' dir='ltr'>prrsscssa</span> 
     </span>
     <span class='ocr_line' id='line_1_30' title="bbox 89 3606 1386 3690; baseline 0.004 -25"><span class='ocrx_word' id='word_1_277' title='bbox 89 3621 130 3666; x_wconf 88' lang='lat' dir='ltr'>ue</span> <span class='ocrx_word' id='word_1_278' title='bbox 143 3607 187 3670; x_wconf 84' lang='lat' dir='ltr'>ad</span> <span class='ocrx_word' id='word_1_279' title='bbox 201 3609 300 3672; x_wconf 80' lang='lat' dir='ltr'>vitam</span> <span class='ocrx_word' id='word_1_280' title='bbox 311 3607 445 3690; x_wconf 74' lang='lat' dir='ltr'>qnidam</span> <span class='ocrx_word' id='word_1_281' title='bbox 458 3607 611 3669; x_wconf 81' lang='lat' dir='ltr'>baeretici</span> <span class='ocrx_word' id='word_1_282' title='bbox 623 3607 714 3668; x_wconf 85' lang='lat' dir='ltr'>aliter</span> <span class='ocrx_word' id='word_1_283' title='bbox 728 3606 924 3688; x_wconf 88' lang='lat' dir='ltr'>applicandi,</span> <span class='ocrx_word' id='word_1_284' title='bbox 941 3607 1098 3670; x_wconf 82' lang='lat' dir='ltr'>Clamant.</span> <span class='ocrx_word' id='word_1_285' title='bbox 1114 3607 1143 3670; x_wconf 83' lang='lat'>2.</span> <span class='ocrx_word' id='word_1_286' title='bbox 1156 3608 1196 3670; x_wconf 90' lang='lat' dir='ltr'>de</span> <span class='ocrx_word' id='word_1_287' title='bbox 1208 3607 1386 3670; x_wconf 89' lang='lat' dir='ltr'>haereticis.</span> 
     </span>
     <span class='ocr_line' id='line_1_31' title="bbox 90 3710 1389 3801; baseline 0.004 -26"><span class='ocrx_word' id='word_1_288' title='bbox 90 3710 191 3776; x_wconf 83' lang='lat' dir='ltr'>Immo</span> <span class='ocrx_word' id='word_1_289' title='bbox 206 3716 278 3780; x_wconf 89' lang='lat' dir='ltr'>licet</span> <span class='ocrx_word' id='word_1_290' title='bbox 291 3715 479 3798; x_wconf 71' lang='lat' dir='ltr'>regonem</span> <span class='ocrx_word' id='word_1_291' title='bbox 492 3715 535 3780; x_wconf 89' lang='lat' dir='ltr'>ad</span> <span class='ocrx_word' id='word_1_292' title='bbox 552 3713 813 3798; x_wconf 79' lang='lat' dir='ltr'>degradationem</span> <span class='ocrx_word' id='word_1_293' title='bbox 837 3717 1034 3780; x_wconf 80' lang='lat' dir='ltr'>clericorum</span> <span class='ocrx_word' id='word_1_294' title='bbox 1051 3735 1135 3780; x_wconf 84' lang='lat' dir='ltr'>unire</span> <span class='ocrx_word' id='word_1_295' title='bbox 1153 3727 1279 3781; x_wconf 89' lang='lat' dir='ltr'>tantum</span> <span class='ocrx_word' id='word_1_296' title='bbox 1296 3717 1389 3801; x_wconf 78' lang='lat' dir='ltr'>Epis·</span> 
     </span>
     <span class='ocr_line' id='line_1_32' title="bbox 91 3825 1386 3909; baseline 0.002 -21"><span class='ocrx_word' id='word_1_297' title='bbox 91 3839 190 3904; x_wconf 78' lang='lat' dir='ltr'>copus</span> <span class='ocrx_word' id='word_1_298' title='bbox 202 3825 371 3908; x_wconf 73' lang='lat' dir='ltr'>procedere</span> <span class='ocrx_word' id='word_1_299' title='bbox 382 3837 532 3908; x_wconf 80' lang='lat' dir='ltr'>nequeat,</span> <span class='ocrx_word' id='word_1_300' title='bbox 547 3843 617 3908; x_wconf 89' lang='lat' dir='ltr'>cap.</span> <span class='ocrx_word' id='word_1_301' title='bbox 633 3827 663 3888; x_wconf 83' lang='lat'>2.</span> <span class='ocrx_word' id='word_1_302' title='bbox 678 3825 880 3889; x_wconf 84' lang='lat' dir='ltr'>detrauslat.</span> <span class='ocrx_word' id='word_1_303' title='bbox 924 3827 1041 3909; x_wconf 79' lang='lat' dir='ltr'>Episc,</span> <span class='ocrx_word' id='word_1_304' title='bbox 1058 3829 1171 3908; x_wconf 86' lang='lat' dir='ltr'>poterit</span> <span class='ocrx_word' id='word_1_305' title='bbox 1186 3837 1295 3892; x_wconf 87' lang='lat' dir='ltr'>tamen</span> <span class='ocrx_word' id='word_1_306' title='bbox 1311 3845 1386 3890; x_wconf 88' lang='lat' dir='ltr'>cou-</span> 
     </span>
     <span class='ocr_line' id='line_1_33' title="bbox 92 3937 1388 4022; baseline 0.001 -21"><span class='ocrx_word' id='word_1_307' title='bbox 92 3938 414 4017; x_wconf 67' lang='lat' dir='ltr'>rocasebbcmrrs,</span> <span class='ocrx_word' id='word_1_308' title='bbox 438 3937 576 4019; x_wconf 82' lang='lat' dir='ltr'>aliisque</span> <span class='ocrx_word' id='word_1_309' title='bbox 591 3937 756 4016; x_wconf 75' lang='lat' dir='ltr'>Praelatio,</span> <span class='ocrx_word' id='word_1_310' title='bbox 784 3949 816 4001; x_wconf 87' lang='lat' dir='ltr'>et</span> <span class='ocrx_word' id='word_1_311' title='bbox 830 3938 1001 4020; x_wconf 82' lang='lat' dir='ltr'>Religiosis</span> <span class='ocrx_word' id='word_1_312' title='bbox 1027 3939 1178 4022; x_wconf 90' lang='lat' dir='ltr'>personis,</span> <span class='ocrx_word' id='word_1_313' title='bbox 1202 3959 1239 4003; x_wconf 87' lang='lat' dir='ltr'>ac</span> <span class='ocrx_word' id='word_1_314' title='bbox 1256 3938 1388 4002; x_wconf 90' lang='lat' dir='ltr'>literatis</span> 
     </span>
     <span class='ocr_line' id='line_1_34' title="bbox 90 4047 1388 4131; baseline 0.006 -27"><span class='ocrx_word' id='word_1_315' title='bbox 90 4061 169 4106; x_wconf 81' lang='lat' dir='ltr'>strae</span> <span class='ocrx_word' id='word_1_316' title='bbox 181 4047 372 4128; x_wconf 79' lang='lat' dir='ltr'>dioeceseos,</span> <span class='ocrx_word' id='word_1_317' title='bbox 396 4048 423 4112; x_wconf 91' lang='lat' dir='ltr'>si</span> <span class='ocrx_word' id='word_1_318' title='bbox 438 4047 640 4112; x_wconf 75' lang='lat' dir='ltr'>Clericnsex</span> <span class='ocrx_word' id='word_1_319' title='bbox 655 4059 755 4111; x_wconf 87' lang='lat' dir='ltr'>catrsa</span> <span class='ocrx_word' id='word_1_320' title='bbox 770 4048 913 4111; x_wconf 87' lang='lat' dir='ltr'>haeresis</span> <span class='ocrx_word' id='word_1_321' title='bbox 934 4047 975 4111; x_wconf 87' lang='lat' dir='ltr'>de</span> <span class='ocrx_word' id='word_1_322' title='bbox 991 4047 1094 4131; x_wconf 83' lang='lat' dir='ltr'>gradu</span> <span class='ocrx_word' id='word_1_323' title='bbox 1110 4065 1170 4111; x_wconf 86' lang='lat' dir='ltr'>suo</span> <span class='ocrx_word' id='word_1_324' title='bbox 1185 4049 1226 4112; x_wconf 89' lang='lat' dir='ltr'>sit</span> <span class='ocrx_word' id='word_1_325' title='bbox 1241 4047 1388 4131; x_wconf 86' lang='lat' dir='ltr'>dejicien-</span> 
     </span>
     <span class='ocr_line' id='line_1_35' title="bbox 93 4153 702 4248; baseline 0.01 -34"><span class='ocrx_word' id='word_1_326' title='bbox 93 4153 161 4232; x_wconf 62' lang='lat' dir='ltr'>dus</span> <span class='ocrx_word' id='word_1_327' title='bbox 173 4177 242 4240; x_wconf 84' lang='lat' dir='ltr'>cap.</span> <span class='ocrx_word' id='word_1_328' title='bbox 260 4159 288 4221; x_wconf 91' lang='lat' dir='ltr'>l.</span> <span class='ocrx_word' id='word_1_329' title='bbox 304 4157 575 4248; x_wconf 63' lang='lat' dir='ltr'>da&#39;hacreticlsin</span> <span class='ocrx_word' id='word_1_330' title='bbox 590 4157 620 4220; x_wconf 88' lang='lat'>6.</span> <span class='ocrx_word' id='word_1_331' title='bbox 698 4199 702 4206; x_wconf 90' lang='lat'>-</span> 
     </span>
    </p>

    <p class='ocr_par' dir='ltr' id='par_1_3' title="bbox 93 4252 1389 4570">
     <span class='ocr_line' id='line_1_36' title="bbox 135 4252 1389 4348; baseline -0.002 -22"><span class='ocrx_word' id='word_1_332' title='bbox 135 4263 397 4348; x_wconf 75' lang='lat' dir='ltr'>Recede-poenis</span> <span class='ocrx_word' id='word_1_333' title='bbox 406 4255 642 4329; x_wconf 75' lang='lat' dir='ltr'>ecclesiasticis.</span> <span class='ocrx_word' id='word_1_334' title='bbox 665 4265 708 4328; x_wconf 86' lang='lat' dir='ltr'>At</span> <span class='ocrx_word' id='word_1_335' title='bbox 722 4264 810 4330; x_wconf 87' lang='lat' dir='ltr'>enlm</span> <span class='ocrx_word' id='word_1_336' title='bbox 821 4265 848 4328; x_wconf 87' lang='lat' dir='ltr'>si</span> <span class='ocrx_word' id='word_1_337' title='bbox 861 4252 905 4328; x_wconf 86' lang='lat' dir='ltr'>de</span> <span class='ocrx_word' id='word_1_338' title='bbox 916 4265 1027 4348; x_wconf 89' lang='lat' dir='ltr'>poenis</span> <span class='ocrx_word' id='word_1_339' title='bbox 1041 4263 1205 4346; x_wconf 74' lang='lat' dir='ltr'>imperiali</span> <span class='ocrx_word' id='word_1_340' title='bbox 1216 4264 1287 4346; x_wconf 85' lang='lat' dir='ltr'>jure</span> <span class='ocrx_word' id='word_1_341' title='bbox 1298 4277 1389 4324; x_wconf 91' lang='lat' dir='ltr'>cons·</span> 
     </span>
     <span class='ocr_line' id='line_1_37' title="bbox 94 4369 1389 4456; baseline 0.001 -24"><span class='ocrx_word' id='word_1_342' title='bbox 94 4369 192 4435; x_wconf 72' lang='lat' dir='ltr'>titrrth</span> <span class='ocrx_word' id='word_1_343' title='bbox 204 4393 309 4452; x_wconf 81' lang='lat' dir='ltr'>sermo</span> <span class='ocrx_word' id='word_1_344' title='bbox 323 4375 376 4455; x_wconf 78' lang='lat' dir='ltr'>sit,</span> <span class='ocrx_word' id='word_1_345' title='bbox 391 4386 484 4447; x_wconf 80' lang='lat' dir='ltr'>vetas</span> <span class='ocrx_word' id='word_1_346' title='bbox 497 4373 765 4456; x_wconf 83' lang='lat' dir='ltr'>secedisciptina</span> <span class='ocrx_word' id='word_1_347' title='bbox 782 4376 878 4438; x_wconf 88' lang='lat' dir='ltr'>variis</span> <span class='ocrx_word' id='word_1_348' title='bbox 894 4375 1019 4438; x_wconf 81' lang='lat' dir='ltr'>vicibus</span> <span class='ocrx_word' id='word_1_349' title='bbox 1034 4375 1174 4438; x_wconf 88' lang='lat' dir='ltr'>obnoxia</span> <span class='ocrx_word' id='word_1_350' title='bbox 1189 4373 1258 4450; x_wconf 85' lang='lat' dir='ltr'>suit,</span> <span class='ocrx_word' id='word_1_351' title='bbox 1273 4383 1305 4434; x_wconf 88' lang='lat' dir='ltr'>et</span> <span class='ocrx_word' id='word_1_352' title='bbox 1319 4371 1389 4454; x_wconf 89' lang='lat' dir='ltr'>qui·</span> 
     </span>
     <span class='ocr_line' id='line_1_38' title="bbox 93 4479 1389 4570; baseline -0.005 -22"><span class='ocrx_word' id='word_1_353' title='bbox 93 4481 243 4555; x_wconf 66' lang='lat' dir='ltr'>demean</span> <span class='ocrx_word' id='word_1_354' title='bbox 258 4487 364 4551; x_wconf 72' lang='lat' dir='ltr'>souin</span> <span class='ocrx_word' id='word_1_355' title='bbox 386 4496 644 4570; x_wconf 77' lang='lat' dir='ltr'>pro-temporum</span> <span class='ocrx_word' id='word_1_356' title='bbox 654 4486 820 4565; x_wconf 77' lang='lat' dir='ltr'>varietate,</span> <span class='ocrx_word' id='word_1_357' title='bbox 842 4483 1069 4548; x_wconf 84' lang='lat' dir='ltr'>verumetiam</span> <span class='ocrx_word' id='word_1_358' title='bbox 1083 4501 1140 4567; x_wconf 88' lang='lat' dir='ltr'>pro</span> <span class='ocrx_word' id='word_1_359' title='bbox 1163 4481 1299 4546; x_wconf 87' lang='lat' dir='ltr'>diversis</span> <span class='ocrx_word' id='word_1_360' title='bbox 1314 4479 1389 4542; x_wconf 89' lang='lat' dir='ltr'>hae·</span> 
     </span>
    </p>
   </div>
   <div class='ocr_carea' id='block_1_3' title="bbox 0 0 1564 4980">
    <p class='ocr_par' dir='ltr' id='par_1_4' title="bbox 0 0 1564 4980">
     <span class='ocr_line' id='line_1_39' title="bbox 0 0 1564 4980; baseline 0 0"><span class='ocrx_word' id='word_1_361' title='bbox 0 0 1564 4980; x_wconf 95' lang='lat' dir='ltr'> </span> 
     </span>
    </p>
   </div>
  </div>
 </body>
</html>
