3120 4980
169 369 221 444 Β
397 425 398 430 ι
426 393 522 448 nans
537 391 665 457 nerea,
681 393 924 455 pransurum
940 345 1066 467 resur,
1081 395 1159 455 esp.
1174 373 1230 446 Ii.

170 517 403 602 unumquisque
427 516 469 586 de
479 517 610 605 populo.
636 537 714 594 oum
739 519 996 607 omuscnjusqua
1018 519 1147 592 interut
1166 515 1403 611 rempublicam
1416 513 1481 602 sal·

168 626 495 709 seminantesque
516 627 561 699 ob
574 645 642 702 ren
655 626 822 704 accoetio
835 626 1059 713 appetuntur
1081 629 1167 696 sem
1180 628 1356 716 menbris
1371 628 1404 706 id
1416 611 1476 710 cat

164 733 353 818 -itninuirue
364 731 408 806 de
426 732 552 818 populo
563 752 730 818 manasse,
756 735 820 802 nisi
833 735 876 812 de
888 737 930 808 iia
943 725 1100 825 ageretur,
1125 739 1184 822 qui
1193 737 1280 815 ,abas
1294 739 1477 824 specialiter

158 845 306 948 ⁸alr-,lma
322 844 536 918 ammonitus
550 855 798 930 remanerentuu
825 856 938 912 contre
950 846 1035 913 actio
1048 845 1097 912 illi
1113 857 1240 928 tanmm
1260 831 1409 927 dabatur,
1422 865 1478 914 cu·

165 958 225 1045 jar
238 957 392 1024 mum
415 957 713 1050 privatimlpotemt,
728 975 787 1029 ssu
795 958 856 1024 cni
867 957 995 1043 aliquid
1008 977 1051 1051 en
1064 957 1154 1024 civili
1173 958 1371 1042 obligatione
1385 959 1479 1028 debs·

166 1067 278 1134 iratur.
296 1068 569 1145 Quadrantem
581 1067 992 1151 elicitae-unumquemque
1006 1086 1160 1140 accumre
1171 1069 1326 1154 petuma,
1349 1085 1417 1142 non
1434 1068 1479 1134 ita

165 1179 370 1264 intebigiurr,
391 1188 517 1262 utpast
532 1176 772 1249 emanationem
798 1176 841 1242 ab
857 1193 922 1243 uuo
936 1175 1138 1256 inmutatum,
1162 1176 1218 1242 alii
1234 1175 1383 1258 ulteriore
1392 1177 1478 1260 judi·

161 1293 223 1361 ,σιω
235 1310 390 1360 mm
408 1290 564 1372 meent,
580 1287 638 1356 md
663 1297 700 1353 ut
708 1287 914 1370 ,quietumque
940 1285 981 1352 de
994 1287 1116 1372 populo
1141 1287 1243 1366 alium
1261 1289 1478 1380 praeveniret,

164 1402 242 1486 ipse
257 1399 419 1484 legitimus
433 1409 517 1465 sessu
539 1397 718 1470 criminalis
728 1395 840 1482 jtrdicii
856 1397 1027 1476 institutor,
1045 1396 1115 1480 ipsa
1129 1395 1200 1469 locu
1209 1397 1331 1470 ,actoris
1345 1397 1479 1474 habere

168 1521 231 1590 tur,
240 1519 278 1573 et
291 1517 434 1574 causans
458 1505 575 1587 deindo
584 1504 633 1574 sd
647 1503 870 1578 musandum
898 1503 1088 1568 accedentes
1101 1503 1300 1588 excludereu
1329 1505 1386 1570 ubi
1400 1526 1479 1572 nero

164 1619 279 1705 plures
293 1639 360 1685 nna
374 1627 606 1698 concurrerant,
631 1615 659 1680 is
673 1614 891 1700 praeferretur,
916 1616 972 1698 qui
989 1613 1205 1696 Magistratus
1220 1614 1357 1683 arbitrio
1369 1615 1478 1700 magis

167 1727 307 1792 idoneus
321 1725 500 1806 haberetur,
526 1724 592 1794 te.
607 1721 639 1790 ff.
656 1723 697 1789 de
713 1724 856 1808 popular.
879 1724 998 1788 action.
1041 1722 1128 1787 Hinc
1138 1723 1210 1808 jure
1225 1723 1331 1811 ajebat
1348 1723 1477 1790 Paulus

166 1835 205 1899 in
222 1835 241 1899 l.
257 1837 288 1900 7.
305 1837 328 1904 l.
345 1834 373 1898 1.
388 1833 421 1901 Ε
447 1833 518 1900 eod.
534 1833 590 1912 tit,
605 1851 690 1913 auru,
705 1833 761 1914 qui
779 1833 875 1896 habet
901 1831 1071 1916 populares
1086 1833 1237 1912 actiones,
1255 1851 1319 1899 noo
1337 1833 1476 1920 intelligi

164 1939 418 2025 locupletiorem,
443 1940 591 2009 alioruin
617 1940 657 2004 iia
669 1941 789 2021 causis,
815 1941 849 2005 in
864 1941 983 2024 quibus
998 1959 1100 2023 poena
1127 1942 1315 2027 pecuniaria
1332 1943 1367 2006 in
1383 1963 1477 2011 reum

163 2048 303 2133 probato
316 2045 433 2116 delicto
446 2059 532 2115 esset
546 2047 720 2129 inserenda,
746 2061 778 2114 et
791 2050 970 2130 accusatori
986 2048 1194 2133 applicandae
1217 2049 1370 2116 nimirum
1387 2065 1478 2118 aute·

168 2173 270 2238 quam
283 2156 449 2224 accusatio
463 2155 689 2238 institueretuu
704 2177 781 2224 curn
795 2157 975 2241 praeveniri
987 2159 1033 2222 ab
1045 2157 1147 2222 altero
1161 2168 1278 2242 posset;
1304 2160 1394 2243 quod
1407 2162 1476 2228 cla·

165 2262 393 2348 nonexplicat
406 2263 569 2348 Ulpianus
592 2265 626 2328 iu
643 2263 663 2328 l.
681 2266 729 2330 12
745 2263 778 2330 ff.
792 2266 833 2330 de
848 2266 933 2330 ve'rb.
955 2264 1073 2350 siguli,
1096 2285 1173 2330 cunr
1188 2268 1233 2330 ait
1248 2280 1475 2340 accusatorem

164 2374 203 2450 ‚in
217 2373 363 2458 populosi
377 2391 480 2440 causa
494 2383 569 2438 ante
584 2371 649 2438 litia
659 2374 925 2439 contestationem
938 2383 1038 2440 reecte
1052 2373 1127 2451 dici,
1144 2373 1315 2463 creditor-ia
1328 2375 1395 2438 loco
1410 2397 1480 2445 noa

162 2477 246 2561 cece,
258 2490 377 2567 parua
388 2501 468 2546 esra
511 2483 636 2556 Quaeri
646 2493 764 2566 potest,
779 2503 822 2549 en
837 2483 1001 2550 accusatio
1017 2481 1049 2546 in
1060 2481 1141 2566 jure,
1157 2501 1214 2546 seu
1231 2480 1385 2548 facultate
1399 2503 1479 2550 oon·

160 2592 300 2674 obteret,
315 2602 348 2661 ct
361 2592 394 2656 in
410 2591 576 2656 arbitrium
591 2573 796 2671 conterretur,
823 2611 865 2656 nu
882 2593 988 2678 potius
1002 2591 1036 2656 in
1051 2591 1247 2676 obligatione
1264 2594 1369 2676 posita
1383 2593 1477 2660 soret„

169 2702 332 2787 Equidem
345 2703 507 2789 postulare
531 2701 659 2768 videtur
673 2702 795 2766 utilitas
810 2701 950 2785 publica,
975 2721 1017 2766 ne
1032 2707 1053 2767 d
1068 2701 1180 2786 poenis
1198 2703 1319 2766 atrocia
1333 2703 1476 2768 crimina

162 2813 330 2890 immunia
353 2813 504 2892 evadant,
530 2811 573 2876 arl
594 2811 743 2878 cavenda
769 2811 963 2896 reipublicae
988 2808 1139 2896 pericula.
1181 2809 1225 2880 At
1240 2807 1475 2892 obligationem

168 2923 319 2992 iuducere
343 2909 544 2992 accusandi'
534 2939 569 2986 tn
594 2937 863 3006 unumquemque
888 2918 928 2982 de
943 2917 1072 3008 populo,
1091 2936 1242 3002 asperum
1257 2918 1385 2982 viseum
1400 2917 1475 2998 fuit,

164 3053 210 3109 me
221 3033 302 3101 forte
315 3033 416 3098 etiam
429 3031 600 3111 moerori,
615 3041 647 3096 et
655 3030 876 3116 judiciorum
868 3032 1023 3112 inexperti
1048 3025 1219 3096 bomines'
1211 3045 1244 3090 m
1260 3045 1355 3104 snam
1371 3025 1477 3092 fidem

167 3161 306 3218 carneam
318 3145 481 3230 publicam
497 3145 633 3227 recipere
659 3152 850 3222 tenerentur,
865 3150 923 3206 atrt
937 3159 978 3206 ne
993 3139 1134 3223 periculo
1151 3155 1213 3202 suo
1224 3135 1384 3221 judicium
1399 3155 1477 3222 gra-

162 3275 209 3320 -ne
223 3254 432 3336 instituerent,
458 3262 490 3316 et
504 3251 614 3324 minus
628 3251 783 3332 instructi,
808 3261 903 3334 prout
919 3269 985 3317 nens
1010 3249 1145 3326 decoret,
1165 3247 1416 3330 probationibus
1432 3247 1477 3314 de

168 3366 335 3440 calrrmuia
360 3365 603 3432 minuerentur.
631 3363 719 3434 ,illia
734 3372 844 3428 atatem
860 3379 933 3445 spos
958 3369 1032 3438 orat,
1059 3369 1095 3422 ut
1110 3357 1136 3422 sl
1163 3357 1477 3438 amassatmarbitpio

166 3481 424 3564 uniuscujusque
437 3477 657 3554 remitteretur,
673 3475 847 3558 (pruisquam
863 3471 992 3536 iuturus
1007 3479 1100 3549 osset,
1123 3469 1178 3552 qui
1193 3467 1316 3534 crimen
1330 3453 1477 3554 opperie-

168 3590 272 3658 retad
288 3586 529 3660 ‚uindicandam
549 3583 790 3669 rempublicam,
816 3581 1108 3666 etprobationibus
1131 3577 1278 3642 solertius
1302 3579 1474 3660 quaesitis,

165 3695 340 3780 relatisque
355 3694 503 3775 nitidius,
528 3691 742 3783 adjudicium
768 3689 940 3768 accederet,
955 3688 1045 3772 quod
1068 3699 1099 3750 at
1114 3685 1263 3766 alacrius,
1286 3703 1325 3748 ac
1341 3685 1475 3766 firmius

162 3816 417 3889 ,peueqmrna
458 3805 564 3871 immo
588 3813 621 3866 st
644 3786 822 3886 aliquando
847 3797 889 3862 ad
916 3795 1136 3881 provocandos
1158 3796 1475 3874 accusatorumnani·

156 3936 248 3997 moa,
259 3917 358 3982 etiam
374 3915 517 3998 praemia
531 3911 728 3997 qrtaudoque
740 3909 982 3974 accusatoribus
997 3906 1124 3970 decreta
1138 3903 1278 3971 inerunt.
1315 3903 1423 3967 Immo
1437 3915 1475 3968 et

166 4029 196 4092 ai
210 4028 292 4095 baec
304 4025 451 4096 srrffloece
465 4043 531 4098 non
547 4023 748 4100 videbantur,
765 4019 807 4084 ad
822 4019 944 4082 honum
958 4015 1126 4088 societatis,
1142 4021 1289 4096 poterant
1303 4011 1474 4094 quaedam

168 4155 322 4224 pomonae
347 4135 477 4220 publica
498 4133 686 4200 auctoritate
701 4127 872 4211 designari,
899 4124 940 4190 ad
959 4141 1097 4206 quorum
1112 4121 1266 4199 officium,
1291 4117 1477 4184 deficienti·

142 4255 150 4268 '
169 4249 231 4314 bue
244 4248 385 4327 caeteris,
409 4244 572 4312 accusatio
586 4241 763 4327 pertineret;
790 4233 1069 4322 quemadmodum
1085 4229 1311 4294 recentioribus
1330 4227 1477 4294 saecrrlis

169 4357 292 4425 sactum
305 4368 362 4437 ost,
377 4353 510 4440 quando
520 4351 680 4435 designati
694 4349 825 4414 itrcrunt
840 4357 1065 4430 procuratores,
1083 4362 1140 4408 seu
1152 4351 1189 4404 ut
1202 4347 1329 4418 nocant,
1347 4355 1476 4420 promo·

167 4483 251 4536 tores
266 4470 401 4552 fiscales,
426 4483 564 4552 quorum
578 4463 718 4548 denique
740 4459 898 4526 institutio
923 4456 1128 4542 disciplinam
1154 4451 1319 4516 actionum
1335 4445 1475 4533 popula-
