3216 4988
196 511 244 560 rur
259 509 383 559 vasus
400 505 676 556 saeuissimus
693 477 989 563 sa'nsrsrotusos,
1005 497 1049 548 tc
1064 495 1258 548 sumnus.
1314 474 1382 546 m

80 647 130 702 tur
143 633 200 702 illa
217 633 346 721 ligandi,
372 644 471 718 atquc
485 627 632 694 solvendi
648 637 788 712 potestas
802 633 824 694 A
839 625 910 692 Deo
924 622 1154 692 Sacerdotibus
1169 621 1300 702 tradita,
1311 639 1388 708 qna·

76 741 122 822 fit,
139 753 174 806 ot
187 741 387 826 poenitentes
411 735 573 822 ex'aequo
587 735 772 802 satisfacere
796 734 1017 815 detrectantes,
1039 736 1111 822 jure
1134 733 1311 800 criminum
1324 733 1379 800 ab

80 851 237 916 solutione
251 849 451 928 frustrentur,
467 843 745 932 quemadmodum
769 843 917 928 superius
932 825 1154 910 observabam.
1198 841 1291 914 Quid
1306 857 1387 910 teto

80 959 239 1048 estquod
255 961 316 1027 sub
341 960 472 1026 nomine
487 957 648 1024 Ambrosii
663 955 778 1040 legitur
804 956 837 1022 in
852 975 925 1020 cart.
942 957 969 1020 lt.
986 955 1026 1020 de
1040 955 1157 1040 poenit
1181 953 1253 1022 dist.
1269 959 1311 1036 1,
1325 957 1384 1024 obi

80 1075 222 1140 Sanctus
237 1067 382 1136 Antiste's
407 1070 548 1146 notabat,
563 1089 598 1134 se
614 1068 784 1146 irremisse,
811 1066 898 1152 quod
911 1065 1039 1130 Petrus
1053 1064 1384 1151 Apostolusfieoetits

80 1206 144 1250 uon
159 1182 246 1270 quod
259 1168 390 1260 dicerit,
414 1177 585 1263 iacrymas
599 1178 671 1262 ejus
684 1198 719 1240 se
733 1175 863 1260 legisse,
889 1195 953 1238 uon
967 1175 1231 1257 satisfactionem
1245 1171 1386 1258 tegent

80 1292 277 1377 subjiciebat
291 1301 411 1353 autem:
428 1285 495 1352 Sed
509 1267 596 1374 qood
610 1283 743 1372 deserrdi
758 1305 823 1348 nou
835 1290 949 1370 potest,
976 1281 1070 1348 obfui
1079 1288 1199 1365 potest:
1215 1280 1326 1352 wetti
1340 1279 1387 1348 l*

80 1421 213 1487 cryntae
237 1399 404 1476 delictum,
418 1395 504 1482 quod
529 1415 602 1460 voce
613 1394 724 1478 pudor
748 1401 798 1458 est
813 1391 966 1476 corrfitcri,
990 1409 1076 1472 quae
1101 1400 1263 1474 postrema
1288 1389 1388 1456 verba

79 1509 241 1572 habentur
255 1505 288 1570 in
313 1523 439 1568 canone
453 1503 484 1566 2.
506 1501 651 1588 ejusdem
666 1500 889 1566 distinctionis
933 1499 1051 1582 Liquet
1065 1517 1153 1584 saue,
1179 1499 1392 1566 Ambrosium
1488 1579 1493 1590 ι

79 1625 184 1678 totum
200 1612 300 1676 fuisse
324 1612 411 1678 ineo
427 1609 505 1694 loco,
525 1605 569 1674 ¹ut
582 1610 746 1688 clamaret,
763 1610 968 1692 potissimum
993 1609 1027 1674 in
1044 1609 1240 1692 poemtentia
1261 1609 1399 1676 uncam·
1416 1619 1420 1626 '

79 1741 150 1784 esse
166 1717 415 1800 observandum,
442 1731 478 1784 ut
491 1719 641 1784 conscius
655 1719 799 1786 criminis
826 1719 1040 1797 vehementer,
1056 1733 1156 1801 atque
1169 1719 1269 1786 etiam
1285 1721 1389 1806 iacry-

80 1831 141 1894 mis
157 1827 275 1908 doleat,
290 1829 371 1912 quin
385 1836 459 1892 ea'm
473 1825 727 1894 satisfactionem
742 1827 826 1908 edat,
841 1847 927 1912 quae
943 1828 977 1894 in
991 1841 1211 1910 excusatione,
1226 1849 1266 1898 ao
1279 1830 1390 1900 defen·

80 1939 172 2004 sione
186 1938 361 2004 consistat·
383 1937 433 2001 De
448 1935 512 2000 alio
527 1935 757 2002 satisfactionis
772 1957 898 2022 genere,
912 1957 977 2022 quo
991 1939 1082 2005 dolor
1096 1939 1233 2009 admissi
1241 1943 1401 2025 ,prusiam

80 2059 112 2111 et
124 2045 295 2112 efficacius
309 2045 498 2140 explicatur,
515 2045 618 2112 altum
634 2043 754 2110 ibidem
770 2045 936 2112 silentium
950 2061 1007 2110 cst.
1040 2047 1162 2114 Notstu
1177 2065 1310 2133 quoque
1321 2049 1403 2135 diga

79 2171 162 2220 num
178 2151 314 2231 ridetur,
339 2153 571 2218 commentaria
588 2151 748 2218 Ambrosii
765 2151 798 2216 iu
814 2150 951 2233 Lucam,
977 2173 1020 2218 cx
1036 2173 1102 2237 quo
1116 2153 1328 2240 depromptas
1340 2147 1394 2226 s'st
1420 2193 1422 2200 ⁴

80 2288 199 2348 canon,
215 2266 376 2344 sublimia,
392 2265 588 2348 subtilisque
604 2263 713 2343 fuisse,
729 2262 770 2328 de
785 2263 904 2348 quibus
914 2261 1042 2345 jamdiu
1068 2266 1194 2334 notavit
1205 2265 1323 2334 Sittius
1335 2267 1406 2340 Sor

79 2373 194 2440 nensis
210 2385 342 2438 srcutus
356 2373 478 2436 Accam
506 2370 707 2454 Episcopum
722 2369 1034 2454 Cantabrigtensem,
1056 2391 1122 2438 uon
1136 2371 1198 2448 nisi
1219 2373 1399 2443 edoctori-

80 2478 141 2544 bus
160 2479 298 2564 intelligi
323 2477 416 2542 facile
432 2497 535 2564 posse,
562 2497 699 2562 eamque
714 2477 837 2544 obrem
852 2479 965 2560 sobrie,
987 2489 1020 2546 et
1033 2493 1186 2560 accursus
1205 2494 1239 2549 st
1253 2481 1396 2570 leganda,

79 2605 163 2666 esse,
182 2595 214 2648 et
228 2581 431 2668 explicanda
1468 2585 1473 2596 ·

120 2695 203 2760 Alia
216 2703 265 2758 est
279 2693 473 2778 poenitentia
500 2711 566 2758 nou
581 2705 701 2758 secreto
717 2693 846 2776 indicta,
869 2680 900 2760 et
915 2693 1083 2760 occasione
1104 2695 1317 2782 sacramenti,
1332 2697 1391 2769 rad

79 2799 123 2865 sd
141 2805 267 2864 mutim
283 2799 447 2883 publicum
466 2799 633 2866 Ecclesiae
648 2801 804 2882 ordinata,
821 2815 852 2865 ct
866 2803 990 2868 indicta
1007 2804 1110 2884 abiis,
1133 2804 1189 2888 qui
1200 2806 1410 2890 jurisdictio-2

78 2929 122 2976 ne
137 2911 177 2974 in
194 2907 340 2972 Ecclesia
367 2909 464 2972 etiam
481 2907 513 2971 iu
530 2907 597 2972 foro
621 2921 755 2974 externo
779 2907 939 2974 fruuntur.
984 2911 1050 2976 Ista
1065 2923 1175 2978 autern
1197 2927 1247 2981 est
1271 2917 1324 2982 vel
1338 2936 1393 3002 gs·
1416 2997 1419 3004 .

79 3017 215 3098 neralis,
240 3019 292 3081 vel
307 3017 488 3101 singularis,
515 3019 567 3081 vel
582 3017 752 3100 ordinaria,
779 3019 831 3084 vel
845 3031 937 3084 extra
951 3021 1106 3084 ordinem.
1149 3023 1319 3106 Generalis
1333 3019 1419 3105 est,⁸

79 3149 171 3214 quae
190 3123 225 3190 fit
240 3129 282 3191 ab
296 3127 446 3192 omnibus
462 3127 494 3190 iu
510 3127 686 3208 communi,
712 3128 812 3191 veluti
826 3147 902 3192 cum
913 3130 1038 3214 jejunia
1050 3131 1219 3214 generalia
1231 3133 1401 3204 missae.

81 3251 144 3320 tur,
174 3233 365 3328 generaliter
391 3237 424 3301 in
441 3235 561 3320 populo
585 3235 800 3320 eleemosynis
826 3251 970 3328 uocatur,
996 3239 1134 3324 aliisque
1150 3241 1210 3324 piis
1234 3245 1405 3327 operibus..

80 3345 275 3432 Singularis
289 3357 346 3427 est,
371 3365 456 3430 quae
471 3343 689 3430 singularibus
705 3346 848 3428 personis
864 3345 1024 3430 indicitur,
1052 3349 1151 3436 veluti
1166 3369 1243 3417 cum
1258 3353 1333 3446 quis
1346 3353 1391 3420 io

81 3469 131 3522 ter
147 3447 385 3542 poenitentium
401 3453 523 3540 gradus
534 3455 658 3539 judicio
672 3453 803 3538 publico
817 3467 910 3520 extra
924 3455 1029 3522 forum
1043 3450 1287 3526 sacramentale
1303 3481 1383 3526 cons

81 3567 220 3631 tituitur
234 3565 277 3628 ob
301 3563 478 3648 singularia
493 3563 655 3646 quaedam
670 3561 815 3642 criminis,
842 3583 980 3646 quorum
994 3583 1096 3628 causa
1109 3566 1152 3628 sit
1168 3557 1378 3648 Ecclesiaqa
1402 3597 1405 3602 ·

79 3675 288 3764 reipublicae
303 3673 578 3740 satisfaciendum.
622 3653 828 3738 Oidinatiam
844 3675 924 3760 dico,
950 3695 1035 3758 quae
1050 3675 1143 3738 statis
1155 3673 1272 3742 diebus
1285 3677 1319 3742 in
1336 3677 1378 3744 Bt

81 3790 192 3854 clesia
208 3785 274 3870 geri
301 3785 389 3865 solet,
412 3784 517 3872 ⁴veluti
532 3802 608 3848 cum
634 3793 959 3866 tempora-consucta
977 3784 1183 3872 jejuniorum,
1203 3785 1375 3870 vigiliaruu

80 3882 321 3976 certarumqua
348 3891 498 3959 feriarum
515 3891 547 3954 id
564 3890 737 3974 postulant;
764 3892 840 3958 item
855 3910 933 3956 curu
948 3895 1022 3976 quis
1037 3904 1123 3960 certe
1148 3893 1281 3960 admisit
1293 3895 1373 3964 crim

82 4026 141 4084 na,
159 4001 323 4068 advorsus
347 4009 431 4084 quae
446 3999 581 4066 definita
605 3999 700 4066 fuerit
724 4003 766 4066 ab
775 4004 848 4086 jure
867 3995 955 4066 ce'rta
979 3977 1186 4086 poenitentia.
1229 4005 1334 4070 Extra
1352 4027 1372 4072 ο

79 4105 207 4184 dinem
232 4113 305 4177 dico
330 4114 559 4198 poenitentiam
575 4113 673 4191 illam,
697 4133 782 4194 quae
797 4115 965 4178 occasione
987 4114 1125 4200 alicujus
1147 4117 1257 4202 gravis
1278 4089 1395 4184 incorr¹

80 4227 183 4297 modi
202 4225 361 4304 indicitur,
389 4237 424 4290 ut
438 4208 584 4290 divinam
599 4224 803 4288 clementiam
820 4225 959 4310 populus
985 4240 1152 4310 poenusm
1167 4227 1227 4296 sibl
1239 4213 1376 4294 ¹concilis
1396 4304 1399 4312 ¹

130 4335 290 4416 Emergit
303 4333 381 4396 hinc
404 4331 548 4416 vulgaris
563 4331 629 4394 alia
644 4329 858 4412 poeniteutiae
873 4334 1008 4416 partitio,
1030 4333 1127 4418 juxta
1142 4353 1243 4416 quam
1257 4335 1341 4399 aliae
1354 4335 1401 4400 di·

30 4445 32 4482 s
80 4461 219 4518 cuntur
235 4442 448 4530 poenitentiae
459 4441 615 4526 publicae,
628 4441 714 4506 aliae
730 4443 882 4524 privatae.
898 4443 1051 4510 nimirum
1067 4443 1215 4527 publicae
1228 4446 1303 4514 illae
1316 4459 1404 4536 sunt,

32 4567 34 4608 3
80 4575 183 4642 quae
202 4552 311 4636 palam
327 4549 421 4629 fiunt,
445 4560 477 4612 ct
491 4547 524 4611 iu
539 4547 669 4631 publico
684 4545 789 4611 fidelis
813 4547 923 4634 populi
926 4551 1311 4701 1coetuwprmgtyac
1228 4544 1303 4630 illae
1316 4578 1392 4624 sur

32 4657 34 4664 ,
961 4650 1009 4696 orr
