3210 4990
179 377 225 424 ne
251 379 310 439 us,
333 377 396 428 our
420 376 568 426 senuas
589 380 790 427 consumma
812 378 1060 426 consentanee
1083 377 1289 426 naeusurrr.
1351 355 1412 428 tot

119 500 246 566 tioribus
261 499 473 567 Pontificibus
488 503 662 568 triennium
682 501 890 584 concedendi,
904 521 976 586 cap.
1004 503 1032 566 1.
1058 502 1088 568 ὅ.
1103 510 1135 564 et
1151 497 1207 563 ult.
1222 498 1262 562 de
1276 496 1411 582 frigidis.

118 609 212 680 Quod
227 610 257 672 si
270 609 380 684 adhuc
394 609 494 690 dicas,
520 611 616 676 hodie
639 611 673 676 in
688 611 787 676 dubio
815 609 971 674 standum
1001 607 1106 692 potius
1135 626 1205 670 esse
1230 607 1412 694 testimonio

116 719 223 798 mariti,
239 719 336 802 quasi
361 719 533 802 Gregorius
562 719 825 802 lX,prolravcrii,
855 717 943 800 qnod
969 717 1093 800 legitur,
1119 716 1153 780 in
1168 733 1238 798 cap.
1256 716 1283 787 1.
1299 715 1339 778 dc
1359 714 1411 780 iri·

114 821 171 904 gid
186 835 218 886 et
239 823 357 904 malet,
382 827 480 910 juxta
508 826 677 892 letrdatam
705 826 832 892 Concili
862 823 1107 910 compediensis
1136 822 1348 906 disciplinam,
1365 821 1412 888 di-

113 947 192 1009 xero,
222 929 257 994 id
286 929 367 996 forte
397 951 510 1000 verum
538 953 608 998 esse
634 953 735 1016 posse,
751 933 884 1016 quando
907 931 1023 998 muilier
1049 931 1144 1014 longo
1159 941 1300 1014 tempore
1314 932 1410 998 silue·

111 1039 282 1117 rit-ernon
307 1044 370 1108 nisi
396 1058 468 1126 post
495 1044 683 1112 diutrunam
711 1044 983 1110 cohabitationem
1012 1061 1089 1106 cum
1117 1043 1240 1120 marito,
1270 1062 1410 1126 conque·

111 1147 185 1214 ride
198 1151 309 1216 manti
337 1153 526 1236 impotentia
553 1153 700 1236 coeperit3
731 1155 776 1218 ita
790 1154 878 1218 enim
904 1151 1040 1216 sundere
1054 1151 1205 1216 videntur
1218 1151 1343 1216 laudati
1357 1172 1410 1216 ee·

112 1258 196 1338 pituli
227 1261 258 1324 l.
288 1262 395 1340 verbe,
420 1263 535 1345 juncto
562 1265 636 1326 can'.
664 1261 695 1324 3.
724 1281 814 1326 caus.
843 1261 894 1324 33.
923 1270 1047 1342 quaest.
1079 1261 1107 1326 1.
1162 1260 1334 1326 Caeterum
1353 1261 1410 1326 ubi

109 1368 217 1434 mulier
246 1382 322 1452 post
348 1370 444 1434 breve
474 1381 601 1452 tempus
629 1371 843 1452 conqueritur,
872 1388 939 1434 non
967 1368 1049 1432 adeo
1076 1368 1168 1434 facile
1190 1351 1288 1435 unius
1302 1372 1409 1448 mariti

110 1479 287 1544 testimonio
301 1479 448 1559 creditur,
464 1501 534 1564 cap.
549 1481 579 1544 t.
595 1490 627 1544 et
640 1479 691 1544 lt.
716 1479 757 1542 de
783 1479 968 1562 probation,
995 1480 1108 1564 juncto
1123 1499 1195 1542 ean.
1212 1481 1240 1544 1.
1252 1497 1341 1544 caus.
1357 1481 1407 1546 33.

109 1601 225 1668 quaest,
244 1591 274 1654 l.
318 1591 423 1669 Porro,
439 1609 524 1672 quae
538 1589 579 1652 de
596 1590 711 1654 trienni
736 1603 877 1670 tempore
892 1589 973 1669 dim,
988 1608 1054 1654 non
1083 1589 1178 1654 facile
1193 1593 1409 1676 protrahenda

107 1712 215 1758 cenmo
229 1693 275 1758 ad
291 1696 444 1778 speciem,
457 1715 523 1777 qua
535 1696 693 1778 impotens
705 1714 786 1758 uxor
797 1694 934 1776 dicatur,
946 1695 1033 1778 leges
1044 1696 1132 1760 enim
1143 1707 1271 1762 tentum
1286 1699 1326 1762 de
1341 1719 1407 1766 ma·

107 1801 151 1864 riti
165 1803 357 1886 impotentia
370 1814 544 1886 conceptae
559 1813 643 1880 stunt,
662 1813 911 1888 proptereaque,
928 1801 975 1864 uti
990 1801 1025 1864 io
1053 1801 1214 1866 similibus
1242 1805 1407 1888 contingit,

108 1925 228 1998 tempus
244 1913 290 1978 ad
301 1915 505 1997 probandum
516 1915 627 1979 uxoris
638 1911 799 1978 defectum
811 1913 939 1979 arbitrio
949 1911 1070 1996 judicis
1081 1911 1303 1978 definiendum
1315 1915 1408 1980 relin-

106 2027 216 2105 quitur,
233 2025 282 2088 ita
297 2035 332 2088 ut
347 2025 477 2090 brevius
492 2043 571 2088 sene
585 2020 832 2114 concedendum
843 2019 908 2086 fere
923 2022 975 2100 sit,
991 2032 1156 2118 propterea
1184 2023 1274 2106 quod
1287 2025 1321 2088 in
1336 2044 1395 2089 mu

108 2127 173 2192 liere
187 2129 316 2194 facilior
330 2132 372 2204 sit
386 2131 592 2214 impotentiae
607 2129 760 2213 probatio.

142 2237 226 2303 Illud
243 2237 409 2320 singulare
423 2249 472 2302 est
492 2238 527 2302 in
542 2235 731 2321 hujusmodi
751 2238 870 2318 causis,
888 2249 924 2302 ut
939 2239 969 2302 si
982 2239 1140 2302 sententia
1155 2259 1211 2323 pro
1226 2241 1408 2308 dissolutio-

106 2364 141 2410 ne
154 2349 353 2414 matrimonii
368 2348 435 2412 lata
460 2348 564 2428 luerit,
592 2370 631 2414 ea
652 2369 824 2430 nunquam
847 2350 1062 2428 transeantin
1076 2371 1146 2414 rem
1152 2352 1342 2436 judicatam,
1357 2375 1406 2422 ar

105 2465 256 2538 gemente
270 2477 341 2539 cap.
357 2458 385 2520 i.
403 2457 500 2520 luet
515 2456 619 2522 ll.·de
635 2467 772 2520 sentent.
788 2469 822 2520 et
835 2475 868 2520 re
879 2457 989 2540 judio,
1005 2471 1077 2540 cap.
1092 2459 1122 2521 6.
1135 2457 1226 2542 frigd.
1242 2473 1273 2526 et
1288 2461 1404 2543 males,

21 2615 23 2632 .
104 2569 184 2650 quod
198 2569 346 2651 intellige
360 2567 401 2632 de
415 2587 516 2632 causa
530 2567 697 2652 principali
719 2567 928 2649 dissolvendi,
951 2568 1004 2632 rel
1029 2588 1094 2634 non
1118 2568 1316 2636 dissolvendi
1330 2591 1405 2640 coo·

102 2679 183 2763 jogli,
207 2700 277 2745 non
304 2691 413 2744 autern
439 2679 479 2744 de
504 2699 606 2744 causa
631 2699 858 2763 expensarum,
884 2681 1026 2762 inques
1052 2679 1202 2746 alteruter
1226 2702 1269 2746 ex
1293 2683 1405 2750 colliti·

21 2815 22 2820 ¹
105 2793 252 2872 gentibus
267 2791 443 2854 damnatus
466 2789 570 2870 fuerit,
595 2801 627 2856 et
641 2769 729 2862 inre,
748 2791 931 2872 legitimum
954 2802 1083 2874 tempus
1104 2809 1170 2856 non
1185 2793 1403 2876 appellaverit

105 2897 202 2964 lmmo
215 2911 251 2964 et
265 2899 301 2978 is,
317 2900 373 2982 qui
389 2900 582 2964 sententiam
597 2899 678 2978 tulit,
703 2899 817 2981 poterit
842 2917 885 2962 err
898 2899 1004 2964 officio
1018 2919 1152 2966 causam
1167 2901 1314 2968 dissoluti
1329 2923 1409 2982 oon,

21 3021 22 3070 l
102 3007 174 3090 jugii
191 3019 364 3074 retractare
389 3019 503 3074 neutra
528 3007 602 3072 licet
625 3017 717 3090 parte
741 3006 934 3102 postulante,
960 3009 1015 3073 ubi
1039 3021 1145 3074 certae
1167 3023 1333 3095 emergant
1358 3034 1405 3078 re

21 3097 22 3112 ¹
104 3115 258 3192 nectendi
273 3133 402 3193 causae,
424 3115 503 3196 quie
527 3114 571 3178 ad
595 3115 762 3198 publicum
788 3115 934 3180 offieiunr
959 3127 1090 3199 spectet,
1117 3119 1323 3186 matrimonia
1342 3142 1405 3207 per

105 3237 234 3284 errorem
250 3219 408 3284 dissoluta
424 3231 609 3299 restaurare,
622 3221 704 3302 quin
719 3219 840 3300 reserat,
863 3223 1017 3304 conjuges
1042 3223 1129 3306 ipsos
1155 3227 1332 3292 sententiae
1347 3229 1403 3294 ad-

103 3327 271 3406 quievisse
289 3327 504 3408 nequeenim,
519 3327 568 3390 uti
592 3335 719 3390 caetera
741 3327 880 3408 negotia,
896 3328 942 3390 ite
955 3327 1124 3394 dissolutio
1139 3333 1279 3415 conjugii
1293 3340 1315 3400 a
1328 3354 1406 3402 con·

101 3429 210 3513 jugum
225 3431 393 3496 voluntate
418 3431 555 3515 pendere
580 3441 693 3516 potest,
735 3431 822 3496 Hinc
847 3432 875 3496 si
894 3437 951 3496 ex.
978 3453 1023 3516 gr.
1048 3434 1163 3519 fingas,
1191 3437 1404 3523 Episcopum,

106 3540 185 3604 velut
199 3539 408 3621 ordinarium,
424 3542 583 3606 sententia
608 3560 671 3604 sua
695 3541 821 3604 irritum
846 3541 1094 3607 matrimonium
1104 3543 1293 3628 declarasse,
1309 3550 1403 3616 nulla

107 3645 214 3714 deinde
229 3650 446 3732 appellatione
461 3661 580 3730 secute,
606 3660 638 3714 et
656 3649 946 3731 ‚adquiescentibus
971 3651 1171 3734 conjugibus,
1197 3652 1224 3716 si
1248 3653 1334 3720 fecto
1348 3655 1403 3720 de-

107 3769 336 3837 monstraretur,
351 3757 441 3822 folsis
456 3758 529 3822 inrrt
548 3758 740 3822 sententiam
763 3756 996 3835 fundamentis,
1017 3757 1114 3838 quasi
1135 3777 1236 3821 errore
1261 3779 1406 3843 pronun·¹

109 3865 213 3930 datam
237 3865 324 3930 idem
349 3865 533 3950 Episcopus
546 3865 739 3946 retractabit,
763 3883 823 3930 neo
848 3883 931 3948 opus
945 3868 1004 3928 erit
1027 3864 1273 3946 Metropolitani,
1290 3866 1342 3942 vol¹
1356 3865 1405 3928 al.-

108 3975 194 4038 terius
220 3975 382 4056 Episcopo
408 3975 579 4057 superioris
600 3971 714 4038 officio.
760 3973 925 4038 Praeterra
950 3973 1031 4037 illud
1054 3974 1183 4054 obtinet,
1211 3987 1249 4038 ut
1272 3976 1299 4040 si
1322 3975 1405 4043 sorte

108 4080 206 4146 ludex
219 4101 322 4146 errore
343 4080 420 4144 sacti
447 4081 582 4162 labetur,
601 4093 633 4146 et
657 4093 729 4166 post
754 4083 959 4168 sententiam,
983 4099 1049 4163 qna
1074 4080 1272 4144 declaratum
1296 4078 1404 4162 fuerit,

109 4191 286 4273 conjugium
313 4187 413 4252 fuisse
442 4201 720 4270 consummatum,
750 4190 867 4268 mulier
895 4200 980 4254 certo
1010 4190 1099 4268 sciat,
1128 4207 1298 4271 nunquam
1327 4208 1401 4254 oon,

109 4307 300 4362 summatum
335 4315 445 4362 revera
474 4298 589 4378 luisse,
619 4299 735 4364 molier
763 4299 980 4384 obtemperare
1009 4300 1142 4364 minime
1172 4309 1333 4378 teneatur,
1369 4311 1404 4364 et

110 4409 204 4488 potiris
226 4405 343 4470 debeat
366 4409 735 4474 excommunicationem
759 4406 845 4484 sorte¹
863 4407 1019 4474 adversm
1043 4429 1077 4472 se
1101 4406 1255 4472 indictam
1281 4391 1427 4481 demis(
