3276 4984
140 394 186 444 na
200 395 409 446 consuetos„
425 397 583 460 annuas,
598 395 816 458 arenariae,
833 396 880 446 aa
894 395 1132 448 eusnrrrnra.
1148 397 1354 446 nurvaesrs.
1400 382 1440 450 ll

139 521 240 604 gandi
254 521 393 588 humani
407 522 533 606 generis
548 517 681 605 provide
693 519 916 598 constitutum,
938 531 976 584 ut
996 519 1054 602 qui
1067 521 1271 592 matrimonio
1280 528 1442 612 jungendi

139 631 243 698 forent
257 643 329 716 poet
343 643 589 718 protoparentes,
604 649 648 696 ex
662 629 786 694 eisdem
800 630 868 696 nau
893 632 1080 713 parentibus
1104 643 1222 715 essent,
1238 643 1441 721 qrramqtllsnt

138 751 175 802 ut
184 739 334 804 interdici
349 749 484 805 naturae
494 741 566 822 jure
581 737 657 804 inde
671 736 824 803 deberent
839 736 919 800 tales
940 723 1083 820 nuptiae,
1108 740 1277 823 contigerit
1290 743 1324 808 in
1338 758 1442 828 posts-

138 866 222 930 ιιιιιι,
238 850 296 916 ubi
309 861 479 934 peceatum
493 862 549 930 ert,
564 849 661 932 quasi
674 864 769 928 noro,
781 859 816 912 et
829 848 930 916 veluti
952 849 1143 916 maundaria
1154 854 1294 919 naturali
1304 857 1377 940 jure
1390 878 1443 924 so·
1494 883 1501 902 ι

138 959 285 1041 cedente,
298 971 370 1026 tum
383 979 460 1026 vero
472 979 540 1027 non
555 960 680 1026 inficias
696 958 817 1036 iverim,
839 959 1057 1024 necessariam
1071 957 1179 1041 sitisse,
1205 974 1237 1026 et
1252 983 1363 1030 revere
1376 967 1442 1034 sac

137 1077 204 1130 tarn
218 1068 265 1132 ab
277 1067 340 1132 boc
353 1067 553 1136 naturalium
573 1079 815 1152 praeceptorum
842 1085 958 1148 genere
984 1067 1055 1135 Deo
1076 1069 1148 1152 ipso
1170 1083 1300 1138 auctore
1314 1075 1448 1160 dispen-⁴

139 1172 308 1253 sationem,
324 1173 503 1258 etquidem
517 1176 587 1238 sine
601 1175 718 1258 iniuria
731 1173 887 1240 naturalis
901 1172 1034 1240 divinae
1053 1177 1279 1260 providentiae,
1294 1183 1349 1248 cui
1363 1185 1442 1252 saris

140 1293 210 1346 erat
224 1281 269 1346 ed
283 1301 458 1364 percomta
471 1283 603 1348 laudern
618 1283 697 1350 tales
712 1283 802 1348 initio
817 1282 945 1364 regulae
960 1285 1177 1366 praestituisse
1192 1291 1344 1371 aquibus
1358 1313 1444 1360 ιιιιιι-

140 1409 244 1474 quam
258 1391 488 1483 deflecteretur,
502 1393 627 1476 quoties
641 1403 673 1454 st
687 1391 832 1458 ordinem
855 1393 1039 1462 universam
1062 1394 1123 1458 sibi
1147 1399 1373 1478 praestitutum
1387 1403 1445 1468 ho·

144 1498 249 1560 mines
265 1499 347 1562 bene
361 1499 497 1582 agendo,
518 1501 702 1582 divinisque
716 1499 858 1584 parendo
882 1503 1159 1584 praeceptionibus
1183 1513 1443 1579 reservavissent.

186 1609 334 1674 Alterum
350 1623 590 1694 praeceptorum
615 1629 718 1695 genus
733 1617 754 1677 d
768 1613 839 1676 Deo
865 1612 977 1676 datum
993 1613 1131 1680 Jrrdaico
1145 1618 1272 1701 populo,
1287 1621 1356 1688 dixi
1370 1645 1445 1692 eon..

145 1719 255 1784 sistere
270 1719 305 1786 in
328 1719 573 1802 suppeditandis
597 1719 794 1802 quibusdam
818 1721 1029 1802 cautionibus,
1051 1725 1170 1804 quibus
1192 1727 1333 1809 populns
1358 1731 1444 1796 idem

144 1830 288 1914 periculo
309 1849 535 1912 quaecumque
550 1830 749 1913 polluendae,
776 1829 1013 1895 minrrendaeve
1028 1831 1189 1916 religionis
1204 1837 1361 1918 evaderet,
1380 1845 1446 1904 evi·

144 1950 235 2004 taret.
280 1939 331 2002 Eo
343 1949 469 2022 spectat
490 1938 696 2004 interdictum
712 1937 801 2017 illud,
829 1958 869 2002 ne
883 1939 999 2004 ludaei
1013 1961 1091 2006 curn
1114 1945 1271 2026 gentibus,
1288 1949 1356 2012 sive
1369 1969 1448 2015 cum

140 2059 319 2112 extraneae
334 2047 495 2130 religionis
519 2048 705 2114 horninibus
719 2047 847 2112 foedera
872 2051 1094 2132 conjugiorum
1108 2053 1233 2134 inirent,
1253 2055 1363 2122 Exodi
1377 2079 1447 2142 cap.

143 2159 196 2222 34.
213 2177 296 2220 vers.
315 2157 374 2236 16,
390 2157 630 2222 Deuteronomii
645 2176 714 2239 cap.
732 2158 759 2220 1.
782 2176 864 2222 vers.
879 2157 918 2234 3.,
940 2158 1039 2220 Josue
1058 2177 1128 2240 cap.
1154 2161 1204 2224 23.
1220 2179 1301 2225 vers.
1319 2165 1378 2244 12,
1394 2167 1412 2230 J
1416 2187 1449 2228 ιι.

144 2267 257 2330 dicum
272 2286 343 2350 cap.
359 2265 387 2331 3.
404 2285 485 2330 vers.
502 2268 540 2344 6.,
564 2265 689 2332 Esdrae
704 2266 772 2332 libr.
790 2268 818 2330 l.
844 2285 913 2346 cap.
929 2266 968 2344 2.,
984 2279 1015 2328 et
1033 2267 1090 2346 10,
1107 2267 1174 2332 libr.
1191 2271 1220 2333 2.
1236 2289 1306 2354 cap.
1322 2272 1352 2336 3.
1367 2293 1448 2343 vers,

143 2377 195 2440 23.
212 2389 245 2438 et
256 2375 318 2454 24,
333 2374 421 2458 quod
441 2393 520 2440 sane
535 2385 750 2458 praeceptum,
765 2394 829 2456 quo
845 2393 910 2438 non
932 2379 952 2438 d
967 2394 1001 2438 re
1016 2385 1131 2457 suapte
1146 2387 1263 2440 nature
1278 2378 1373 2458 mala,
1390 2380 1448 2442 sed

146 2497 278 2550 ιιιιιιιιιιι
294 2484 473 2567 periculosa
486 2483 670 2548 cavendum
687 2483 896 2563 indicebatur,
922 2502 986 2546 non
1003 2503 1147 2566 eousque
1160 2497 1326 2569 propterea
1339 2485 1451 2560 referet

142 2597 251 2671 batur,
269 2603 306 2657 ut
319 2611 491 2676 nunquam
505 2593 547 2656 ab
562 2591 675 2656 eodem
689 2589 905 2656 recedendum
919 2591 1006 2672 soret,
1022 2595 1208 2676 praesertim
1224 2616 1301 2662 curn
1314 2598 1367 2660 vel
1379 2599 1451 2680 ipsa

145 2702 317 2782 fovendae,
332 2699 519 2779 servaudae,
537 2699 823 2783 propagandaevae
840 2699 999 2782 religionis
1014 2701 1138 2764 utilitas
1148 2701 1240 2768 aliud
1256 2703 1392 2768 suadere
1404 2706 1452 2767 vi-

145 2813 285 2890 deretur,
313 2811 383 2876 Deo
398 2811 468 2894 ipso
493 2807 668 2892 aliquando
697 2808 743 2870 its·
767 2819 925 2890 operante,
942 2819 977 2870 ut
991 2829 1032 2880 err
1059 2811 1228 2882 ¹connubiis
1253 2811 1452 2879 ludaeorum

142 2943 225 2988 cnm
240 2920 431 3004 alienigenis
444 2917 617 2984 contractis
632 2915 798 3000 publicum
812 2916 992 2998 Religionis
1007 2916 1128 2984 bonurn
1145 2929 1326 3006 emergeret,
1342 2937 1455 3001 quemi

145 3027 363 3096 madmodum
377 3025 485 3092 evcnit
500 3025 533 3090 in
548 3025 697 3108 conjugio
710 3024 911 3134 samsonis,
899 3034 1006 3108 Juxta
1016 3034 1115 3106 caput
1130 3024 1178 3098 ld
1194 3025 1214 3090 J
1217 3024 1357 3110 udrcurn,
1373 3027 1453 3100 etin

144 3135 313 3200 connubio
327 3132 478 3214 Esther,
464 3142 562 3217 Juxta
575 3143 674 3216 caput
687 3133 716 3196 2
732 3099 852 3196 Esther
865 3152 935 3216 cap
955 3133 1002 3196 17.

189 3246 398 3312 Postremum
422 3249 664 3334 praeceptorum
678 3258 781 3322 genus
805 3246 828 3304 ιι
852 3239 923 3312 Deo
948 3237 1062 3302 datum
1077 3237 1215 3304 ludaico
1240 3239 1454 3330 poprrl0„dixi

144 3354 347 3424 moderere
338 3371 373 3419 ιιι
386 3351 531 3436 quodam
553 3347 792 3433 praestituendo
806 3349 902 3416 modo
927 3349 1109 3414 fovendac'
1102 3362 1183 3414 rnter
1198 3352 1284 3435 ipsos
1302 3353 1453 3434 iudaeos,

148 3449 393 3544 firmanddsque
404 3459 551 3524 societati
566 3459 816 3554 accommodate.
860 3459 913 3536 Eo,
926 3462 1061 3545 pertinet
1075 3461 1223 3544 generale
1237 3462 1452 3544 interdictum,

148 3577 281 3660 nequis
305 3571 531 3640 estrstriburn
549 3569 657 3648 suani,
683 3589 751 3634 una
774 3581 910 3653 excepta
934 3569 1089 3650 Levitico,
1115 3571 1246 3654 nuptias
1270 3571 1454 3644 celebmrer,

146 3706 189 3752 ne
203 3684 287 3750 sorte
294 3679 507 3760 contingeret,
524 3688 560 3742 ut
573 3678 741 3742 occasione
752 3676 884 3780 dotium,
901 3691 957 3772 aut
970 3678 1187 3762 legitimarum
1201 3683 1453 3754 successionum,

148 3793 293 3881 praedis,
308 3801 342 3854 et
364 3789 437 3856 loca
450 3789 509 3852 uni
523 3787 619 3852 tribui
641 3805 794 3852 concessa
815 3785 858 3856 ad
873 3765 1007 3860 alteram
1033 3787 1284 3870 transferrentur,
1300 3790 1388 3858 unde
1402 3791 1455 3856 tra

152 3905 253 3968 buum
267 3907 290 3966 a
306 3897 477 3964 Dsnsinico
490 3906 576 3960 recto
590 3895 700 3960 ordine
715 3894 924 3996 discretarum
939 3893 1086 3968 confusio
1099 3897 1282 3976 exoriretur,
1298 3897 1453 3964 Numero·

150 4029 310 4094 rrimcap.
327 4008 386 4076 ull.
427 4006 589 4078 Eoetiarn
616 4005 751 4090 pertinet
766 3963 958 4074 mandatum
983 4003 1023 4066 de
1038 4003 1144 4068 fratris
1159 4007 1282 4070 semine
1297 3971 1455 4070 suscitan-a

143 4125 200 4206 clo,
229 4141 273 4189 ne
299 4103 444 4188 cinnat
468 4135 587 4184 nomen
609 4115 767 4188 deleretur
781 4136 822 4180 ex
846 4116 954 4196 lsrael,
975 4116 1022 4180 uti
1048 4115 1187 4199 legimus
1212 4116 1456 4187 Deuteronomii

92 4287 98 4304 .
147 4255 221 4334 esp.
236 4233 291 4298 25.
306 4230 435 4296 serat
457 4229 542 4306 eto,
553 4229 667 4312 juncto
680 4245 761 4312 ·.cap
775 4225 825 4290 38.
841 4225 986 4304 Genesis,
1011 4225 1067 4288 ubi
1081 4222 1204 4292 facturn
1218 4225 1325 4292 Judae
1340 4226 1456 4292 descrl

143 4301 247 4426 bitur:
261 4339 395 4423 aliaque
408 4355 474 4402 non
487 4335 648 4402 absimilia
661 4335 845 4412 constituta,
861 4335 895 4398 in
914 4351 984 4418 cap.
999 4333 1050 4398 22.
1067 4332 1309 4400 Deuteronomii
1322 4332 1365 4396 de
1378 4351 1457 4418 ques

147 4451 224 4520 reiis
239 4447 362 4534 ‚malti
383 4443 540 4515 adsersus
563 4461 697 4514 uxorem
722 4439 941 4544 discutiendis,
968 4439 1274 4614 ιιιΓὲιιιριΙιΠριοὲιι,
1300 4438 1341 4506 de
1366 4441 1400 4506 ri
1422 4443 1462 4527 ιιιΙ
