3120 4980
179 314 223 381 ts
424 335 515 382 rsus
531 333 657 399 rarus,
674 335 918 386 nrsssu'rsrro
933 339 1106 406 sannaus,
1121 343 1198 392 our.
1214 325 1256 392 l..

177 457 377 539 sonsistereu
402 477 601 550 nonnosum
618 479 689 524 assa
714 481 756 525 ex
771 460 928 546 singulari
952 465 1178 534 benevolentia
1195 466 1373 550 aliquando
1387 466 1475 558 ratpt

181 562 279 647 ltuJ'us
294 564 420 646 generis
437 567 695 630 testamentarius
708 569 915 652 conditiones,
930 591 1056 656 argum.
1071 573 1098 638 l..
1107 575 1158 639 62.
1173 574 1207 638 ll.
1222 575 1263 640 aa
1278 577 1411 642 bassati.
1424 579 1479 644 ins'·
1548 615 1549 622 κ

179 675 226 742 tit
249 677 421 740 Caeterum
437 678 648 763 nihilomiuus
662 679 837 746 dicandum
849 683 955 764 potius
970 683 1139 765 viduetur,
1154 703 1305 751 nauasss
1317 686 1473 753 lsailshu·
1548 745 1549 752 ,

173 785 320 871 jusmodi
334 785 551 852 institutiones
572 789 800 869 admittendas,
816 811 857 856 ns
872 790 951 856 sorta
965 793 1005 856 iis
1018 793 1186 860 blaurlitiis
1209 795 1418 860 alliserautur
1428 797 1474 862 Ja—

178 879 250 959 dani
267 895 309 957 ad
336 895 555 960 Christianam
572 895 680 976 fidem,
703 917 807 980 quatu
822 917 887 964 uon
913 913 981 964 tam
1006 903 1153 985 racipere,
1178 923 1279 986 quam
1294 923 1330 969 sa
1343 905 1473 988 resisus

175 1000 376 1078 simularent,
394 1005 579 1084 praesertim
593 1023 670 1069 cum
685 1005 726 1070 da
739 1005 932 1072 homiuibus
943 1019 1060 1092 agatur
1069 1009 1119 1074 arl-
1129 1011 1364 1092 simulandum,
1378 1025 1412 1078 at
1424 1011 1472 1078 lal-

176 1103 312 1172 laudunr'
338 1109 434 1172 valde
449 1111 565 1192 pronis.
610 1112 775 1176 Partinsnt
789 1112 871 1178 hasa
895 1115 938 1178 ad
953 1115 1101 1180 carauda
1127 1117 1389 1184 Christianorum
1404 1120 1471 1203 peri-

174 1213 260 1292 cula,
275 1217 369 1299 eujus
383 1216 427 1278 rai
442 1235 543 1280 causa
559 1217 663 1282 multa
678 1218 822 1284 iudicata
836 1231 912 1284 suut
926 1219 1127 1289 ludaeorum
1139 1223 1214 1289 odio
1227 1226 1413 1290 consumta.
1434 1225 1470 1290 Ut

174 1345 252 1392 vero
267 1328 456 1394 humanitas
478 1329 651 1413 qrraedam,
676 1341 709 1396 at
722 1332 894 1398 alsmattia
908 1333 942 1396 iu
956 1331 1099 1400 Jurlasos
1112 1333 1311 1418 exhibeatur,
1333 1355 1471 1420 praesen

175 1446 245 1502 tum
260 1457 389 1522 quoque
404 1438 465 1503 luit
480 1439 688 1520 Christianis,
704 1459 747 1505 ns
761 1441 796 1504 in
810 1441 954 1507 ludaeos
967 1443 1119 1527 iujuriam
1131 1443 1281 1510 interant
1292 1443 1472 1523 absumant

174 1547 210 1614 iu
225 1567 335 1613 aarum
351 1568 516 1630 personas,
539 1560 597 1612 aut
611 1568 670 1628 ras
686 1559 744 1614 sut
753 1549 826 1634 jura
852 1568 1094 1633 quassumquu.
1104 1549 1126 1613 l,
1139 1551 1168 1614 62
1189 1549 1261 1614 md.
1275 1551 1320 1614 da
1332 1551 1470 1634 paganis,

107 1738 111 1746 1
173 1675 246 1742 sap.
260 1659 291 1722 a
306 1655 347 1721 ds
361 1657 381 1722 J
383 1656 508 1722 utres.
527 1656 654 1722 Dsiurla
668 1675 734 1722 uon
749 1670 845 1724 arunt
858 1658 976 1726 Judasi
989 1657 1361 1743 expellendibpubliois
1373 1659 1471 1724 Chris·

173 1766 337 1832 tianomm
351 1767 504 1846 coetibus,
526 1767 651 1849 quoties
665 1765 709 1830 arl
722 1785 777 1832 aas
792 1766 1039 1850 pmdiostiouu
1060 1767 1471 1852 Ersuflslioassutllaodas

171 1893 308 1944 sarisam
334 1875 535 1956 accesserint,
561 1875 618 1940 sed
643 1877 751 1960 potius
776 1888 871 1942 artaat
893 1895 999 1960 usqua
1023 1878 1134 1942 salmo
1148 1876 1353 1961 asmuundt,
1379 1879 1470 1944 immo

172 1985 272 2050 stiam
288 1981 463 2066 inritandis
475 1983 618 2050 dixerim
626 1985 758 2070 iusuper
774 1983 929 2070 partinens
942 1986 984 2051 sd
1001 1987 1235 2070 Epawporrm
1255 1975 1410 2072 officium,
1423 1991 1471 2054 Ju-

172 2097 273 2165 llaoos
287 2097 420 2163 easdam
443 2097 489 2164 sti
501 2097 601 2164 lidaur
615 2099 836 2164 G'oristisrssus'
850 2099 1100 2184 suspiciendam,
1124 2101 1364 2183 praedications
1377 2103 1470 2187 pontt

173 2221 215 2269 aa
240 2205 367 2284 hortari,
392 2223 450 2288 pro
474 2205 630 2270 mandato
649 2207 770 2274 Christi
795 2209 937 2288 Domini,
963 2209 1020 2290 qni
1034 2209 1123 2273 omni
1148 2219 1314 2276 ornaturae
1328 2211 1471 2296 Essuga

146 2343 152 2354 ·
173 2313 272 2378 lisam
287 2313 467 2398 praedicari
479 2315 699 2398 Apostoliuat
712 2315 941 2400 Apostolorum
955 2319 1197 2384 urooessoribus
1209 2319 1374 2404 praaolpit

215 2424 355 2495 Quoties
370 2423 411 2488 da
435 2425 527 2492 mult-u
542 2441 711 2492 sacrorum⁴
731 2445 836 2493 sermo
850 2427 901 2505 sit,
926 2426 1043 2492 iterun
1058 2427 1154 2492 idem
1166 2427 1286 2493 modus
1298 2427 1470 2494 serrandus

172 2532 239 2610 ruit,
256 2542 292 2595 ut
306 2533 390 2615 rigor
413 2551 494 2598 cum
505 2533 924 2618 bitumina-temperatur,
950 2535 984 2599 id
997 2546 1059 2616 ast.
1077 2537 1270 2602 axbibsstur
1289 2530 1470 2604 humulus

172 2637 208 2708 iu
222 2661 269 2723 eo,
285 2653 322 2706 ut
335 2644 355 2707 J
358 2643 453 2708 udaai
468 2663 549 2708 suos
566 2645 648 2736 ritus
661 2643 703 2708 de
717 2645 1100 2730 montemaranrigor.
1109 2647 1214 2712 stiam
1230 2658 1359 2732 praesta
1372 2646 1418 2726 sit,
1431 2662 1469 2710 us

171 2750 301 2818 illorum
316 2751 432 2818 invare·
448 2754 691 2837 superstitiones
706 2752 884 2834 uideamur,
908 2765 1006 2836 atque
1022 2762 1060 2820 ut
1072 2765 1208 2820 noscant
1233 2753 1304 2837 ipsi,
1320 2752 1411 2817 abuti
1421 2766 1468 2814 sa-

171 2863 357 2946 perstitious
372 2881 440 2944 sua,
463 2873 522 2926 aut
532 2863 664 2946 gloriari
678 2862 776 2926 usito·
791 2861 889 2926 modo
903 2881 1007 2946 possa.
1050 2862 1103 2926 nd
1117 2863 1357 2926 humanitatem
1371 2858 1468 2942 impri-

171 2973 235 3036 ruis
251 2973 418 3056 pertinent,
433 2983 469 3036 ut
483 2991 562 3038 oum
575 2970 696 3036 Judaai
707 2971 750 3034 da
762 2989 850 3036 mora
865 2988 926 3036 suo
941 2971 1029 3049 ritus,
1044 2970 1274 3047 causumuiss,
1295 2963 1468 3030 solsrnnits·

171 3087 228 3160 tes,
243 3099 283 3142 ao
308 3079 499 3144 festivitates
522 3078 694 3156 celebrant,
721 3097 787 3144 non
803 3081 972 3144 turbentur
996 3077 1227 3144 aObristiauis
1248 3077 1269 3140 l.
1286 3077 1336 3140 ll.
1350 3074 1416 3139 cod.
1430 3069 1466 3134 ds

171 3191 313 3272 ludaeis,
332 3192 390 3274 lag.
408 3193 437 3254 6.
453 3189 524 3255 aod.
540 3189 581 3253 de
597 3189 747 3272 Paganls,
772 3211 876 3272 natiue
892 3197 912 3254 a
927 3190 1121 3254 Christianis
1136 3187 1320 3266 invadatur,
1343 3196 1399 3250 aut
1410 3183 1468 3244 dis·

167 3315 362 3385 rumpantur
376 3301 567 3366 coemeteria
580 3301 601 3364 J
604 3300 789 3380 udaeamm,
805 3319 880 3382 cap„
890 3301 919 3362 9.
935 3299 976 3362 da
990 3299 1010 3363 J
1012 3297 1134 3362 udaais.
1177 3286 1465 3360 Saountlo'retitum

169 3424 219 3476 ast
235 3413 437 3490 Christianis,
463 3429 505 3474 ue
520 3411 552 3474 in
570 3411 764 3492 synagogas
789 3407 875 3470 lacta
890 3407 1006 3471 Judaei
1022 3405 1176 3470 fuorrltate
1197 3413 1319 3468 amatas
1333 3399 1420 3483 qussi
1434 3397 1465 3460 iu

170 3518 306 3602 prolana
319 3518 508 3596 habitacula
533 3518 665 3596 irruant,
681 3517 701 3580 l.
717 3517 756 3596 4.,
782 3527 815 3579 at
831 3517 879 3578 lb
902 3515 973 3578 uod.
998 3514 1044 3578 de·
1053 3513 1196 3578 trusels
1239 3511 1352 3576 Tertio
1366 3527 1420 3573 nes
1434 3503 1464 3568 li·

169 3629 254 3694 sebit
269 3627 461 3692 Christianis
486 3627 630 3692 Judaaos
646 3643 761 3689 vocare
786 3625 822 3688 in
830 3624 991 3708 judicium
1005 3643 1049 3686 ao
1070 3635 1219 3706 tempora,
1242 3639 1308 3703 quo
1330 3616 1463 3683 Judaaus

165 3741 263 3826 juxta
279 3759 383 3802 mores
406 3759 485 3804 suaa
500 3739 606 3822 gantis
632 3737 839 3802 festivitatem
863 3737 1010 3829 oelabrat,
1025 3753 1068 3798 ax
1082 3755 1127 3816 gr.
1152 3733 1205 3796 dis
1219 3731 1381 3810 sabbathi,
1396 3725 1463 3804 iz,

169 3857 202 3910 st
219 3845 267 3909 13.
283 3847 355 3910 cod.
379 3846 419 3908 da
434 3847 568 3910 Judaeis
594 3865 665 3910 oan.
681 3846 712 3910 3.
727 3846 800 3908 dist.
825 3845 887 3928 45.;
913 3845 1012 3908 immo
1037 3842 1097 3906 etsi
1111 3840 1259 3906 Judaeus
1282 3839 1392 3904 eodum
1413 3835 1461 3898 di0

169 3955 267 4020 vallet
282 3957 315 4020 iu
336 3956 458 4040 judicio
472 3956 630 4020 adversus
654 3955 877 4020 Christianum
903 3972 1007 4037 agera,
1034 3951 1212 4033 naqussrlt
1238 3945 1409 4014 ullomodo
1422 3941 1459 4005 le-

168 4065 316 4144 raurlum,
340 4087 382 4130 ue
407 4065 571 4148 singulare
592 4065 647 4149 jus
673 4061 799 4128 Judaao
822 4081 1015 4127 conoessum
1039 4071 1152 4124 contra
1176 4059 1461 4132 Christianumtor·

168 4183 315 4255 queritur,
331 4172 417 4236 diota
443 4172 513 4254 lage
530 4172 589 4250 13.,
613 4180 804 4252 argumento
829 4169 850 4232 l.
866 4169 1000 4234 ultimae
1013 4167 1084 4232 aod.
1100 4165 1141 4230 da
1162 4165 1298 4244 fructib,
1312 4176 1343 4228 et
1357 4162 1397 4226 lit
1411 4177 1459 4220 ex·

168 4298 259 4364 peus.
304 4281 403 4362 Rigor
417 4279 535 4344 deiude
561 4277 768 4342 adhibendus
782 4288 831 4342 est
855 4277 889 4342 iu
904 4296 942 4339 eo
956 4278 1107 4360 primum,
1129 4272 1216 4356 quod
1232 4291 1298 4338 non
1320 4272 1359 4334 sit
1372 4269 1461 4332 taren·

169 4389 258 4470 dum,
273 4390 417 4455 Juduoos
432 4409 535 4454 novas
549 4389 743 4472 synagogas
757 4397 949 4468 oonstrusre,
965 4377 1167 4468 quamquam
1179 4382 1398 4466 permittantur
1409 4387 1458 4436 vs*
