3120 4980
428 575 1044 922 subornon
1113 490 1178 587 ⁶
1311 467 1327 504 '

100 1104 556 1294 rennuunt
602 1063 935 1275 concon
980 1041 1080 1272 n.
1124 1085 1380 1270 onon

411 1031 415 1040 ι

427 1331 432 1343 Ι

285 1532 1175 1795 nonnennonn,

534 1952 921 1988 Εἲς-π

93 2321 310 2448 QUANTO
324 2351 463 2431 dulcius,
481 2329 772 2438 atquejncundius
784 2350 927 2415 detinuit
942 2372 992 2414 me
1006 2351 1040 2416 in
1051 2349 1221 2436 prioribus
1234 2367 1377 2426 setarum

85 2461 305 2533 Decretalinin
319 2463 414 2527 libris
435 2462 623 2546 Gregorius
639 2461 715 2539 IX,
740 2471 831 2528 tonto
847 2463 1005 2552 asperior,
1022 2469 1053 2526 et
1068 2461 1195 2526 tristior
1219 2461 1264 2526 ad
1278 2462 1375 2524 inter-

81 2576 292 2660 pretationem
306 2574 405 2643 Libri
430 2575 540 2660 quinti
554 2573 686 2638 uidetur
712 2575 959 2676 inpraesentia
978 2575 1080 2660 justa
1105 2573 1254 2636 ordinem
1274 2559 1375 2636 susci

80 2678 193 2760 purim
207 2681 371 2759 tractatio,
387 2702 481 2766 ,quac
505 2683 685 2746 terribilem
703 2684 793 2768 juris
819 2681 1047 2746 Ecclesiastici
1068 2687 1203 2766 portem
1224 2681 1373 2760 eontinet,
1496 2755 1499 2762 Ι

82 2784 202 2854 lumin
225 2789 440 2854 atrocioribus
466 2790 661 2854 criminibus
685 2791 899 2868 recensendis,
927 2797 957 2852 et
971 2787 1189 2852 severioribus
1209 2787 1323 2874 poenis
1339 2787 1375 2851 ia

81 2915 142 2960 reos
155 2889 345 2989 eoinmdem
358 2899 553 2984 iruligendis
567 2908 730 2964 uersatur.
782 2897 997 2984 Quamquam
1023 2899 1110 2960 enim
1126 2897 1163 2960 in
1176 2895 1239 2960 bac
1257 2915 1293 2960 re
1308 2915 1392 2976 non¹

79 3011 183 3071 esunt·
193 3007 347 3080 Ecclesia
369 3027 453 3090 orgo
477 3009 624 3072 bomines
645 3007 804 3071 scelerum
830 3005 972 3069 conscios
997 3007 1191 3078 neuternam,
1219 3006 1269 3068 ita
1283 3000 1372 3069 diue-

79 3119 144 3198 rim,
155 3119 332 3202 pietatem
359 3117 489 3200 artando
504 3119 554 3182 vel
568 3119 605 3180 in
620 3103 705 3208 ipsis
719 3115 902 3202 inserendis
913 3113 1030 3200 poenis
1045 3113 1251 3178 clementiam
1267 3113 1373 3200 seqni-

77 3229 207 3294 turDoi
238 3228 370 3314 Optimi
384 3213 543 3306 Mauimi,
570 3227 707 3312 quinon
720 3233 858 3288 mortem
882 3223 963 3304 occlt,
977 3223 1037 3288 sed
1057 3225 1170 3304 oitom,
1196 3227 1372 3290 conversio·

75 3356 203 3426 nemque
214 3341 435 3426 peccantiam,
449 3336 726 3424 qttemadmodum
742 3335 866 3398 Samae
888 3333 1024 3400 Literae
1035 3320 1168 3420 bassim
1181 3333 1308 3416 docent,·
1318 3337 1375 3400 ni

75 3443 134 3508 bilo
147 3454 260 3534 tantm
283 3448 397 3532 mimos
421 3465 486 3508 non
512 3445 726 3523 seueritatem,
746 3443 1014 3528 grauitatemque
1028 3440 1170 3526 deponit,
1195 3441 1255 3504 sed
1268 3442 1371 3506 istam

74 3561 197 3624 tontum
211 3556 439 3636 misericordia
454 3557 600 3640 mitigat,
625 3576 666 3618 ne
671 3555 830 3640 facilitas
844 3555 921 3638 ipsa
936 3555 972 3616 in
986 3553 1177 3618 diuinorum
1197 3555 1369 3636 mandato·

74 3683 144 3730 rum
167 3667 447 3752 eomueeptimem,
471 3675 569 3750 atque
583 3667 621 3729 in
644 3665 766 3732 salutis
780 3672 932 3727 uetustae
953 3663 1143 3748 periculum
1167 3671 1367 3750 torqueatur.

74 3771 160 3856 Haec
172 3776 235 3840 illa
258 3784 306 3838 est
320 3775 483 3858 ingenita,
508 3781 540 3838 'et
553 3793 688 3838 summa
713 3773 883 3838 Ecclesiae
898 3775 1057 3858 majestas
1081 3791 1266 3859 nrnnqcsam
1281 3783 1302 3840 a
1319 3775 1367 3838 bo

73 3883 234 3964 nignitate
255 3885 412 3968 sejremta,
438 3903 505 3967 qua
529 3882 647 3946 diuina
673 3880 806 3964 Sporeso
820 3883 956 3966 egregie
981 3881 1164 3962 decoratur,
1187 3891 1217 3946 et
1239 3881 1368 3948 Cleristi

73 3983 307 4073 Redemptoris,
334 3989 389 4053 cni
402 3989 501 4054 miris
514 3989 622 4056 modis
644 3991 759 4070 juncta
774 3997 829 4068 est,
846 3990 937 4074 jotro,
953 4011 991 4054 ae
1000 3998 1162 4076 potestate
1186 3991 1251 4055 sibi
1265 3991 1368 4060 veluti

72 4105 230 4178 minuma,
242 4083 429 4183 personam,
455 4099 710 4184 octiganum
734 4119 796 4184 per
810 4121 888 4164 suos
903 4100 1088 4180 Antistites,
1113 4110 1143 4164 et
1157 4103 1300 4186 majores
1313 4123 1368 4166 sa·

72 4223 197 4270 crorum
221 4206 446 4272 Adoninistros
460 4217 591 4288 seusu,
615 4209 692 4276 binc
706 4211 797 4290 lenis,
813 4211 906 4276 illino
919 4212 1087 4292 terribilis,
1113 4211 1190 4277 binc
1204 4213 1288 4276 bona
1307 4233 1368 4298 spa

70 4313 173 4416 fideles
187 4319 332 4404 erigens,
352 4319 445 4386 illino
457 4328 583 4384 metum
608 4321 898 4386 acerbissimarum
919 4342 1106 4408 paucarum
1130 4323 1304 4406 incrctiens,
1326 4346 1368 4392 m

71 4431 125 4486 out
139 4423 310 4490 clementia
323 4425 395 4492 sine
404 4425 542 4509 iustitia
556 4435 791 4510 cotetnnnotur,
818 4436 877 4494 aut
883 4429 1025 4514 justitio
1038 4429 1111 4494 stru
1125 4429 1295 4502 clemenstia
1309 4431 1374 4498 nu«
