3146 4980
105 457 108 468 .
212 399 277 465 320
555 417 797 470 ursanartrro
812 419 941 483 saxna,
955 421 1112 470 cuiusc-
1123 401 1165 466 11.

212 547 274 611 bus
289 556 399 609 autem
413 542 582 623 defunctis,
598 560 664 608 non
680 541 753 608 lieet
763 545 933 623 extraneis,
948 525 1132 625 illegitimos
1147 543 1232 608 utros
1241 542 1359 624 dicere,
1372 563 1445 630 oapi
1462 545 1509 610 lt.

211 659 273 722 hoe
288 658 344 736 tit,
361 675 402 720 ne
417 655 517 720 semel
528 666 692 719 eontracta
705 656 919 734 matrimonia,
934 667 966 720 et
980 675 1064 738 quae
1080 671 1184 738 usque
1198 654 1241 720 ad
1251 655 1429 746 conjugum
1445 676 1510 722 ant·

211 765 325 830 borum
340 775 476 828 mortem
491 763 585 827 firma
598 765 819 840 constiterunt,
835 761 920 826 notis
935 763 1090 846 turpibus,
1109 739 1292 828 autminus
1305 763 1454 826 honours
1468 763 1512 828 al·

209 875 369 953 ficiuntur,
385 875 445 937 nisi
461 873 518 954 qui
541 871 622 936 illud
637 882 829 954 proponunt,
856 872 958 954 parati
973 872 1038 934 sint
1051 870 1095 934 ad
1109 869 1323 950 edocendum,
1339 871 1511 938 aaronem·

208 985 362 1068 conjuges
377 983 464 1046 mala
480 981 545 1045 fide
558 981 745 1066 conjugium
759 981 883 1044 irritum
896 981 1105 1072 contraxisse,
1119 999 1190 1064 cop.
1206 981 1236 1046 ⁷.
1251 983 1285 1048 in
1300 980 1375 1060 fine,
1390 994 1425 1048 et
1437 999 1511 1068 cap.

211 1092 260 1154 ll.
276 1089 346 1152 eod.
390 1089 533 1160 Quodsi
548 1090 621 1171 quis
635 1087 669 1151 in
679 1086 803 1171 judicio
817 1089 996 1170 probaverit
1010 1087 1208 1154 muranum
1228 1089 1351 1168 matria,
1365 1105 1435 1154 non
1446 1099 1511 1154 cta·

207 1203 264 1286 tim
281 1199 400 1264 exinde
415 1201 633 1264 demonstrata
649 1199 810 1264 videvltur
825 1198 993 1282 illegitima
1017 1199 1077 1293 lilii
1090 1201 1254 1283 rusticitas¹
1281 1200 1301 1266 l
1318 1204 1368 1268 ll.
1384 1207 1407 1273 t
1422 1205 1462 1285 8.,
1477 1216 1512 1270 et

208 1313 239 1376 9.
254 1311 287 1374 ff.
303 1311 346 1374 ad
362 1311 422 1394 leg.
438 1310 502 1374 Jul.
518 1311 559 1374 de
573 1309 709 1376 adulter.
753 1311 859 1374 Immo
873 1325 906 1374 et
919 1313 954 1376 lu
968 1311 1032 1376 lrac
1045 1323 1135 1396 parte
1158 1314 1242 1378 adeo
1255 1316 1422 1398 maculat
1434 1319 1513 1406 legi·

207 1421 306 1484 timae
320 1420 505 1484 nativitates
520 1419 618 1500 favor,
636 1430 672 1484 ut
686 1421 714 1486 si
727 1421 781 1484 vel
795 1432 898 1485 mater
911 1422 983 1504 ipsa
996 1435 1108 1488 contra
1122 1423 1301 1507 legitimam
1315 1425 1376 1492 lilii
1391 1429 1512 1496 notin·

207 1539 306 1594 tatem
322 1529 541 1594 testimoninm
566 1531 599 1594 in
610 1529 732 1615 judicio
758 1529 873 1610 tulerit,
900 1547 961 1594 nac
974 1531 1038 1596 ista
1061 1531 1194 1615 quidem
1209 1531 1370 1598 wulbasio
1391 1553 1448 1618 pro
1462 1538 1511 1604 roi

205 1644 340 1707 veritate
353 1643 519 1722 habeatur,
532 1651 726 1725 argumento
740 1641 874 1724 capituli
889 1641 919 1706 9.
935 1641 975 1706 de
990 1644 1118 1727 poenit,
1132 1653 1165 1707 et
1178 1643 1311 1726 remiss,
1333 1645 1353 1710 l.
1368 1647 1421 1712 29.
1437 1651 1462 1716 i.
1480 1651 1509 1714 1.

206 1749 239 1814 ff.
254 1748 295 1812 de
310 1749 516 1833 aprobotion,
542 1749 563 1812 l.
578 1751 628 1814 27.
647 1754 669 1818 i.
686 1751 713 1813 1.
730 1749 762 1814 ff.
789 1749 830 1814 de
844 1751 962 1816 inoffic.
977 1762 1113 1832 testam,
1139 1753 1326 1836 praesertim
1349 1756 1379 1820 si
1401 1767 1510 1824 mater

205 1875 282 1922 eum
297 1869 466 1940 tamquam
482 1857 588 1922 filium
603 1857 683 1921 alias
699 1859 882 1941 agnoverit,
898 1875 968 1942 cop.
987 1859 1035 1922 10.
1051 1859 1092 1923 de
1106 1860 1357 1942 probationibus.

246 1967 385 2032 Nomine
399 1965 539 2030 filiorum
549 1967 750 2033 naturalium
764 1969 900 2033 veniunt
914 1965 969 2048 illi,
984 1969 1042 2050 qui
1057 1969 1237 2050 gigtruntur
1249 1983 1293 2032 cx
1306 1967 1509 2051 conimin-

206 2092 248 2139 ne
262 2073 388 2159 legibus
403 2093 462 2140 neo
476 2077 609 2140 omnino
624 2078 765 2160 probata,
791 2093 852 2141 neo
867 2075 1031 2157 damnato,
1056 2095 1116 2140 sau
1130 2095 1173 2140 ex
1187 2077 1414 2161 conjunctione
1428 2085 1453 2146 a
1465 2079 1511 2144 le·

204 2185 300 2270 gibus
315 2185 359 2249 ita
374 2185 492 2266 relicta,
519 2196 555 2250 ut
569 2188 653 2250 intra
668 2197 802 2251 naturae
827 2187 910 2252 lines
923 2186 1033 2252 adhuc
1057 2188 1220 2252 consistat.
1263 2187 1352 2254 Hinc
1376 2197 1512 2254 natan·

203 2297 284 2362 lium
301 2295 472 2376 libaturam
496 2296 627 2360 nomine
641 2297 764 2360 scimus
788 2301 809 2361 a
823 2293 981 2360 Romanis
995 2295 1132 2360 denaus
1146 2311 1313 2360 semorum
1337 2293 1432 2376 ulios
1445 2297 1511 2380 qui

203 2423 270 2471 non
286 2407 322 2500 iu
335 2407 551 2482 matrimonio,
577 2407 634 2471 aad
649 2409 683 2471 in
697 2407 907 2472 corrtubemio
921 2407 1022 2491 geniti
1035 2405 1234 2488 dicebantur,
1259 2405 1280 2472 l.
1293 2405 1347 2472 88
1363 2411 1389 2477 it
1406 2407 1457 2472 lit
1474 2408 1511 2472 ff.

203 2517 244 2584 de
260 2519 353 2604 legat.
369 2519 408 2601 2.,
424 2521 629 2603 potissimum
644 2539 720 2584 vero
733 2537 796 2600 eos,
812 2519 868 2603 qui
882 2535 924 2583 ert
938 2519 1129 2584 concubinis
1143 2519 1411 2606 accipiebantur,
1426 2538 1513 2606 qua·

202 2629 230 2692 si
245 2639 276 2691 et
291 2627 352 2712 ipsi
367 2647 409 2691 ex
423 2628 632 2692 contubernio
645 2629 715 2692 nati
732 2625 923 2708 viderentur,
938 2627 959 2691 l.
975 2629 1003 2692 5.
1014 2627 1089 2691 cod.
1103 2628 1146 2692 de
1157 2630 1297 2696 natural.
1312 2629 1431 2696 libaria
1462 2629 1514 2696 Er

201 2737 335 2822 quidem
349 2737 581 2822 distinguenda
596 2739 753 2821 speciest
768 2737 874 2820 specie
887 2743 945 2802 est.
978 2733 1015 2803 Sl
1028 2753 1071 2801 ex
1086 2755 1187 2820 semu,
1202 2747 1236 2802 et
1248 2739 1370 2804 ancilla
1383 2740 1513 2806 incon·

201 2851 348 2915 tuberrrio
363 2849 422 2914 filii
437 2845 662 2928 nascebantur,
677 2849 699 2912 ii
714 2847 880 2912 naturales
893 2858 994 2927 erant,
1016 2865 1082 2910 non
1096 2845 1240 2930 legitimi,
1254 2855 1427 2931 qttousqtte'
1441 2865 1513 2912 ser·

201 2959 232 3022 ri
248 2969 279 3022 et
293 2970 450 3042 parentes,
476 2969 508 3022 et
524 2958 582 3022 filii
597 2959 708 3023 forent.
749 2957 834 3022 Arsi
849 2949 912 3030 filit,
931 2957 1029 3024 iitleur
1054 2975 1122 3022 uua
1134 2975 1213 3022 cum
1234 2957 1422 3042 parentibus
1436 2977 1513 3025 ma·

199 3066 457 3144 numittererrtur,
484 3064 543 3128 filii
557 3065 656 3129 iidem
670 3065 867 3148 incipiebant
880 3065 1095 3148 legitimorum
1105 3067 1177 3151 jure
1191 3065 1324 3146 censen,
1349 3077 1516 3134 renovato

200 3177 316 3242 saltem
331 3183 352 3242 a
366 3177 552 3259 parentibus
566 3178 779 3257 matrimonio,
795 3189 987 3259 argumento
1001 3177 1082 3260 legis
1096 3177 1144 3242 13.
1160 3178 1194 3242 iu
1209 3177 1309 3263 princ
1324 3177 1358 3244 ffi
1371 3178 1416 3242 de
1428 3195 1516 3246 con·

199 3283 275 3347 dict.
291 3281 406 3364 indeb,
432 3281 450 3347 l.
466 3284 516 3348 88.
534 3288 556 3352 l.
574 3283 623 3348 12.
638 3284 670 3348 ff.
685 3283 729 3347 tle
753 3285 847 3368 legat.
863 3283 903 3365 2,
930 3296 962 3350 et
977 3286 997 3349 l.
1012 3286 1042 3352 tl.
1060 3291 1082 3355 l.
1097 3287 1137 3368 8,
1152 3295 1184 3352 et
1203 3287 1416 3371 sequentinm
1429 3289 1515 3356 cod.

200 3393 348 3458 debonis
373 3393 569 3458 libertorum.
613 3393 685 3460 Non
702 3393 936 3478 uihilprofecoo
958 3395 1197 3480 indulgendum
1219 3406 1291 3461 arat
1314 3397 1517 3481 parentibus

199 3505 271 3587 illis,
287 3509 344 3591 qui
358 3527 435 3574 cum
449 3509 484 3573 in
499 3507 651 3572 servitute
666 3517 782 3588 essem,
799 3515 869 3572 turn
883 3523 949 3572 nou
964 3507 1066 3574 allam
1078 3507 1221 3594 conjugii
1235 3509 1388 3592 speciem,
1401 3529 1518 3594 qum

198 3615 469 3696 contubernalem,
492 3616 573 3680 intre
587 3625 743 3698 poterant
785 3616 887 3687 Quod
901 3617 930 3680 si
944 3616 1023 3680 liber
1037 3616 1137 3681 horno
1156 3618 1377 3684 cmcubinam
1390 3617 1519 3686 duis·

199 3733 255 3803 set,
272 3723 451 3806 etquidem
475 3743 557 3805 earn,
582 3743 683 3807 quam
699 3741 834 3790 uxorem
858 3725 977 3792 ducere
1001 3737 1155 3812 perpetua
1168 3727 1241 3814 logo
1265 3729 1519 3814 prolabebatur,

198 3853 264 3899 uon
280 3835 385 3900 solum
411 3836 500 3900 liberi
514 3837 633 3900 exinde
648 3838 717 3901 nati
742 3837 902 3922 illegitimi
916 3835 1080 3906 na'talibus
1104 3839 1304 3924 dicebantur,
1327 3841 1387 3907 sed
1399 3845 1518 3912 etiam

198 3941 316 4009 frustra
330 3947 503 4030 sperabant
517 3945 670 4030 futurum,
687 3957 723 4013 ut
738 3949 955 4026 subsequente
969 3951 1119 4035 conjugio
1133 3951 1269 4034 legitimi
1283 3953 1408 4035 fierent,
1422 3971 1518 4020 oum

198 4065 351 4138 perpetuo
365 4075 478 4120 verum
493 4067 585 4139 esset,
601 4059 642 4122 ab
656 4059 726 4142 ejus
740 4058 939 4123 concubinae
953 4059 1075 4143 rruptiis
1090 4073 1161 4122 esse
1175 4057 1418 4124 emanandum
1463 4063 1520 4130 As

103 4147 106 4152 ¹
198 4165 226 4234 si
241 4163 320 4228 liber
334 4165 431 4228 homo
445 4165 662 4231 concubinam
676 4165 823 4232 duxisset
837 4183 919 4248 earn,
946 4180 1022 4230 curu
1036 4185 1103 4249 qua
1117 4166 1274 4250 potuisset
1287 4165 1422 4248 nupfiac
1434 4165 1520 4250 jiu-

197 4287 248 4340 tas
263 4277 350 4358 inire,
366 4277 456 4342 liberi
470 4277 603 4362 quidem
619 4279 775 4364 illegitimi
791 4281 1016 4360 nascebantur,
1031 4277 1128 4344 modo
1143 4287 1254 4344 tamen
1268 4277 1339 4342 sino
1354 4297 1411 4362 spo
1423 4292 1522 4348 eota-

197 4397 290 4470 cepta
304 4387 437 4472 legitimi
452 4389 601 4472 nominis,
609 4391 831 4480 juxta-varias
845 4398 975 4469 aetates,
989 4381 1110 4472 quium
1134 4386 1225 4452 varia
1235 4386 1310 4470 iuro
1323 4382 1523 4454 comututa

197 4487 540 4580 luerurlaacrecepta.
964 4494 970 4508 '
