3276 4984
489 411 536 460 ns
559 411 735 458 varenam
757 413 1022 460 concomitare.
1368 392 1410 458 te

114 536 141 600 iu
155 533 299 598 Concilio
312 525 508 600 Tridentino
522 553 600 598 sess.
615 535 667 600 24.
682 553 753 618 eap.
769 535 798 600 8.
814 533 855 600 da
870 526 1010 602 Reform.
1026 535 1177 616 matrim,
1193 535 1249 600 ubi
1263 545 1296 600 et
1310 555 1412 620 grave

17 629 18 634 ’
115 653 276 728 peecatum
300 634 501 711 declaratum
515 653 571 724 est,
597 643 747 708 homines
767 645 898 736 ,solutos
922 643 1120 712 conorrbinas
1135 644 1263 730 habere;
1291 645 1413 728 gravis-

114 753 226 820 simum
239 771 324 834 vere,
348 743 431 818 et'in
445 753 646 818 Sacramenti
673 752 869 816 matrimonii
892 753 1091 836 singularem
1115 763 1334 837 contemptum
1356 755 1412 818 ad-

113 864 252 942 missum,
268 847 422 926 uiroratos
447 862 534 926 ineo
549 861 768 925 damnationis
793 841 880 925 statu
896 861 1012 944 vivere,
1039 881 1078 926 ao
1092 862 1220 941 audere,
1241 883 1297 926 eas
1311 882 1413 946 quan-

112 973 210 1054 doque
224 972 315 1036 domi
328 971 426 1036 etiam
442 989 518 1036 aum
533 969 690 1034 uxoribus
704 969 798 1049 alera,
808 990 848 1034 ao
863 971 1004 1034 retinere.
1047 971 1110 1036 His
1125 973 1265 1052 arbitror,
1278 991 1329 1034 ma
1344 991 1411 1036 non

113 1091 236 1147 tautum
250 1082 356 1165 magis
370 1083 405 1145 in
419 1081 587 1165 perspicuo
611 1079 820 1142 collocavisse
834 1081 902 1144 vari
925 1081 1067 1164 conjugii
1081 1089 1238 1162 natatem,
1254 1091 1351 1163 atque
1366 1079 1415 1145 in·

111 1193 220 1271 dalem,
237 1202 276 1255 ut
289 1209 363 1255 meo
376 1191 411 1254 in
425 1191 488 1254 lrac
513 1189 737 1252 dissertatione
752 1189 912 1272 proposito
934 1187 1161 1268 satisfacerem,
1176 1207 1290 1253 verum
1313 1189 1413 1256 etiam

109 1301 298 1366 enodavisse
323 1299 530 1364 difficultates
544 1316 666 1376 omnes,
692 1297 724 1360 in
741 1317 832 1380 quas,
848 1296 929 1362 dum
953 1297 994 1362 de
1013 1299 1229 1363 concubinatu
1256 1309 1412 1381 ageretur,

108 1416 178 1496 jure,
187 1411 379 1494 praesertim
403 1409 625 1472 Romanorum
639 1402 803 1488 permisso,
833 1405 1034 1496 dnounullis
1058 1424 1101 1468 ex
1126 1405 1288 1469 veteribus
1303 1405 1415 1470 Eccle-

111 1522 173 1584 siae
188 1520 345 1584 Patribus
359 1535 426 1582 non
450 1517 578 1601 penitus
593 1515 780 1599 improbato,
807 1514 1032 1580 recentioribus
1047 1513 1164 1579 deinde
1184 1513 1323 1579 saeculis
1337 1515 1416 1598 opti·

112 1649 161 1694 mo
171 1632 245 1715 jure
261 1627 428 1707 damnato,
446 1625 504 1692 riri
518 1625 650 1710 plurimi
665 1625 764 1688 etiam
779 1621 987 1707 eruditissimi
1001 1619 1193 1687 inciderunt.

371 3255 1212 3668 mm
1316 3561 1396 3599 -
