3146 4980
177 429 242 510 296
620 463 863 513 orssaararro
883 467 1034 518 cursus.

175 601 241 652 non
256 581 368 648 deceat
382 581 531 668 publicae
555 587 769 670 poenitentiae
794 599 935 673 ternpore
952 592 1083 657 uxoriae
1109 593 1153 657 rei
1168 611 1292 676 racme,
1307 593 1386 661 sorte
1402 615 1479 664 con·
1567 648 1568 672 ,

174 691 328 772 eluderet,
343 693 568 778 exoptandum
581 695 704 776 saltem,
720 707 757 760 ut
771 697 907 782 antiqua
921 699 1130 765 saluberrima
1148 682 1321 787 disciplina
1335 707 1483 770 restitua-

174 813 234 870 tur.
278 803 421 875 Quodsi
438 814 619 886 quaeratur,
642 809 743 888 aqua
758 806 838 870 hora
852 807 985 891 incipiat
1000 821 1127 894 ternpus
1149 811 1321 877 Adventus
1337 815 1481 896 Domini,

174 915 228 982 vel
241 915 321 982 feria
335 927 452 1000 quarta
465 917 621 981 Ginerum
637 917 775 1001 incipere
789 923 810 984 a
826 918 933 983 media
948 931 1048 1000 nocte,
1066 941 1131 1006 qua
1146 923 1222 986 finis
1248 935 1296 988 cst
1310 925 1408 990 feriae
1423 935 1484 990 ter-

176 1021 240 1086 tiae
255 1022 488 1106 praecedentis,
504 1022 538 1087 id
552 1025 639 1088 enirn
653 1023 832 1092 admodum
847 1030 995 1112 congruit
1009 1029 1239 1096 Ecclesiastico
1261 1035 1335 1098 ritui
1350 1033 1384 1098 in
1399 1035 1484 1100 divi·
1568 1027 1569 1030 '

173 1147 291 1194 norum
304 1127 483 1196 officiorum
507 1129 729 1196 celebratione.
772 1121 1004 1214 Quamobrem,
1031 1137 1094 1200 nisi
1109 1137 1199 1201 aliud
1214 1139 1248 1202 in
1273 1139 1386 1222 aliqua
1402 1141 1480 1205 Pro

174 1239 293 1320 vincia,
309 1239 362 1303 val
378 1240 527 1304 Dioeceai
549 1241 705 1326 singulari
719 1244 954 1312 consuetudine
970 1259 1133 1334 receptum
1155 1251 1205 1332 sit,
1221 1249 1266 1315 ita
1281 1253 1483 1320 servandum

174 1369 247 1416 esse
261 1350 430 1418 videbitur.
1569 1425 1570 1450 ,

217 1459 319 1533 Quod
334 1480 487 1544 personas
512 1461 564 1528 vel
580 1463 725 1545 Parochi,
742 1463 793 1529 val
808 1465 1068 1534 contrahentium
1094 1481 1224 1552 spectat,
1241 1489 1363 1537 munus
1379 1473 1487 1538 immi·
1569 1453 1570 1496 ³

174 1576 231 1632 net
245 1567 399 1650 Pisano,
425 1581 463 1635 nt
476 1568 737 1636 denuntiationes
762 1573 869 1654 sacrat,
886 1575 949 1640 nisi
964 1576 1059 1642 luerit
1082 1579 1124 1642 ab
1139 1578 1302 1664 Episcopo
1317 1581 1486 1666 dispensa-

174 1691 254 1761 tum,
276 1681 575 1764 quaemadmodum
599 1685 747 1768 superius
773 1683 898 1750 dictum
913 1697 970 1770 est3
999 1699 1036 1751 ut
1061 1689 1242 1773 investiget,
1269 1693 1367 1757 etiarn
1393 1695 1483 1778 ipsos
1570 1751 1571 1770 ,

173 1791 399 1886 contrahentes
414 1789 649 1879 interrogando,
676 1813 719 1859 an
734 1795 844 1879 aquuo
859 1796 1066 1862 detineantur
1080 1799 1317 1884 impedimento,
1346 1823 1389 1867 an
1405 1801 1486 1868 libe·

173 1917 208 1965 ra
222 1897 265 1964 ad
279 1901 540 1966 contrahendum
565 1903 755 1987 conjugium
780 1905 945 1984 accedant,
972 1924 1016 1968 an
1032 1906 1063 1969 in
1081 1906 1286 1971 Christianae
1302 1907 1380 1972 fidei
1396 1910 1486 1973 rudi-

174 2010 293 2074 mentis
309 2009 456 2076 instnrcti
472 2012 544 2092 sint,
556 2022 591 2074 et
605 2011 836 2076 Ecclesiastica
849 2013 1062 2077 Sacramenta
1077 2014 1168 2077 statis
1182 2015 1223 2078 ab
1238 2015 1388 2079 Ecclesia
1403 2027 1485 2080 tem·

174 2119 305 2204 poribus
320 2122 529 2204 susceperint,
555 2122 688 2204 insuper
701 2141 756 2186 eos
781 2131 920 2201 moneat
948 2132 984 2186 ut
999 2121 1107 2188 debita
1131 2141 1208 2186 curn
1233 2123 1414 2188 reverentia
1439 2123 1486 2188 ad
1571 2116 1572 2138 ¹

174 2231 423 2298 &commentum
448 2231 691 2316 suscipiendum
714 2232 880 2296 accedant.
923 2231 1024 2303 duod
1040 2233 1067 2296 ri
1093 2243 1209 2318 agatur
1231 2233 1271 2298 de
1287 2235 1325 2300 iic
1342 2237 1486 2320 jungen-

174 2339 234 2426 dis,
250 2361 388 2426 quorum
404 2353 539 2426 uterque
563 2341 638 2406 lieet
652 2341 853 2406 domicilium
878 2341 912 2406 in
928 2342 1086 2406 Parochia
1101 2346 1327 2426 contraxerint,
1343 2365 1386 2409 ex
1409 2345 1486 2410 aliis

174 2443 285 2516 taimen
301 2449 379 2514 locis
394 2447 592 2529 advenerint,
618 2457 678 2513 aut
691 2441 830 2532 duorum
853 2467 941 2512 unus
956 2467 998 2514 ex
1013 2449 1078 2513 alia
1092 2448 1251 2516 Parochia
1276 2453 1327 2534 sit,
1342 2471 1487 2535 praeser-

173 2543 277 2624 tim'si
292 2560 390 2622 etiarn
416 2557 458 2621 sit
471 2577 513 2622 ex
529 2557 594 2620 alia
619 2555 776 2635 Dioecesi,
802 2573 868 2620 nou
883 2556 976 2620 aliter
1003 2557 1046 2620 ad
1071 2559 1317 2624 celebrationem
1339 2561 1488 2646 conjugii

174 2665 403 2754 progredietur,
428 2667 527 2731 etiam
541 2665 569 2730 si
583 2663 845 2732 denuntiationes
861 2661 1010 2748 publicae
1025 2665 1059 2729 in
1074 2665 1225 2729 Ecclesia
1245 2665 1363 2747 fecerit,
1380 2687 1488 2750 quam

174 2779 202 2843 si
218 2777 331 2842 certior
345 2775 489 2842 redditus
514 2774 557 2838 ab
570 2773 733 2860 Episcopo
746 2771 851 2854 fuerit,
877 2783 1032 2853 constare,
1059 2771 1139 2836 nihil
1154 2773 1266 2836 obesse
1291 2771 1398 2836 eidem
1412 2792 1488 2838 ma·

174 2884 324 2950 trimonio
337 2877 566 2962 contrahendo,
589 2891 755 2964 propterea
769 2879 857 2963 quod
878 2879 1089 2946 saluberrima
1103 2881 1305 2946 consuetudo
1323 2883 1423 2948 hodie
1437 2905 1487 2949 re-

174 3004 269 3079 cepta
283 3003 340 3074 est,
356 3001 468 3075 quaet
482 2991 638 3072 advenae,
653 2999 687 3054 et
699 2988 809 3070 exteri,
825 2999 1002 3071 antequam
1017 2989 1261 3052 matrimonium
1275 2990 1484 3072 contrahant,

176 3109 348 3166 teneantur
373 3097 463 3182 apud
489 3096 689 3182 Episcopum
714 3095 814 3163 fidem
839 3096 944 3163 facere
969 3095 1166 3162 authenticis
1190 3097 1419 3180 monrunentr's,
1447 3119 1487 3165 se

176 3206 269 3272 nullo
283 3203 514 3289 impedimento
528 3207 636 3269 teneri

218 3315 369 3398 Denique
392 3315 480 3398 quod
505 3325 628 3400 spectat
652 3315 741 3401 ipsas
766 3317 977 3382 contrahendi
1001 3317 1142 3404 conjugii
1164 3319 1390 3400 caeremonias,
1414 3337 1486 3386 oon

175 3441 260 3510 opus
271 3435 328 3506 est,
342 3425 475 3490 easdem
490 3425 635 3509 singulas
650 3425 712 3490 hoc
733 3430 767 3490 in
782 3425 853 3490 loco
868 3445 1039 3506 recensere,
1065 3425 1196 3510 quando
1211 3428 1244 3491 iu
1259 3427 1404 3510 vulgatis
1418 3429 1486 3492 Ec-

176 3534 295 3599 clesiae
310 3533 519 3600 Manualibus
534 3535 734 3620 apertissime
758 3533 992 3600 describuntur.
1035 3535 1185 3600 Tantum
1200 3530 1265 3599 duo
1280 3547 1358 3599 sunt
1372 3537 1488 3621 singu-

176 3643 237 3710 lari
250 3645 473 3710 observatione
497 3642 606 3727 digua:
622 3645 774 3716 Quorum
800 3643 940 3727 primum
955 3654 1012 3726 est,
1028 3645 1061 3709 in
1088 3645 1210 3712 Rituali
1225 3645 1374 3710 Romano
1391 3665 1485 3730 prae·

176 3753 310 3838 cipuam
324 3752 436 3818 baberi
460 3753 616 3818 rationem
630 3751 791 3816 formulae
814 3753 994 3818 aParocho
1018 3729 1278 3837 pronuntianda‘e
1295 3753 1348 3816 his
1363 3753 1484 3818 verbis:

178 3865 261 3951 Ego
274 3885 331 3930 cos
344 3865 383 3928 in
396 3861 609 3928 matrimomo
623 3863 787 3949 conjungo
813 3863 850 3926 in
865 3864 996 3926 omnine
1010 3861 1141 3940 Putris,
1168 3867 1198 3924 et
1215 3857 1308 3938 luta
1324 3867 1355 3922 ct
1371 3858 1487 3945 Spiri-

153 4033 161 4046 ,
176 3985 233 4043 tro
247 3975 379 4048 Sancti,-
393 3991 478 4056 quae
493 3969 595 4036 veluti
610 3971 711 4036 forma
725 3969 927 4036 sacramenti
942 3969 1170 4034 existimantur
1184 3969 1226 4032 ab
1239 3967 1287 4047 iis,
1313 3970 1370 4050 qui
1385 3966 1486 4032 Paro·

174 4087 276 4152 chum
291 4083 494 4152 sacramenti
518 4083 703 4148 ministrum
717 4097 788 4144 esse
813 4079 997 4162 opinantur:
1023 4089 1058 4141 at
1072 4097 1137 4144 non
1153 4076 1271 4141 exinde
1299 4077 1487 4160 improban-

176 4197 239 4262 dae
253 4205 337 4278 sunt,
360 4192 610 4260 damnandaeve
634 4189 718 4254 aliae
732 4187 897 4280 tonnulae,
922 4198 954 4252 et
968 4187 1122 4267 diversae,
1143 4205 1227 4269 quae
1243 4187 1277 4250 in
1291 4185 1389 4252 variis
1405 4185 1485 4250 Pro-

176 4303 291 4368 vinciis
306 4303 417 4388 vigent
426 4303 524 4386 juxta
538 4309 680 4383 receptos
695 4299 951 4383 uniuscujrrsquc
967 4297 1158 4361 Diocceseos
1173 4313 1288 4358 mores.
1331 4297 1484 4366 Qttamo-

177 4410 266 4475 brem
281 4409 530 4494 prudentissime
555 4406 740 4472 Tridentini
765 4405 877 4470 Patres
892 4406 926 4469 in
941 4403 1027 4468 dicto
1041 4422 1111 4486 cap.
1139 4403 1166 4466 1.
1182 4421 1259 4465 sess.
1283 4401 1334 4465 at.
1349 4402 1392 4465 de
1406 4399 1481 4468 rtet

179 4517 328 4602 maniat,
342 4517 495 4596 Parcehie
517 4515 714 4598 indixenrnt,
738 4525 775 4582 ut
789 4523 953 4581 uterentur
974 4513 1041 4580 illis
1055 4509 1170 4576 verbis:
1194 4509 1275 4594 Ego
1288 4529 1346 4574 voa
1358 4509 1398 4576 in
1411 4529 1486 4576 mo·
