3276 4984
192 362 212 424 6
738 385 959 430 suessano.

194 513 292 590 atque
305 505 343 568 in
354 507 639 589 quintaforrnam
655 528 693 570 ac
706 509 928 574 sotenmitotes
943 509 1092 594 conjugii
1105 511 1326 576 contrahendi.
1370 511 1412 576 In
1426 533 1503 576 sen-

195 625 231 680 ta
245 617 395 680 indicabo
408 619 578 701 legitimos
593 621 753 704 quosdam
773 622 924 684 celebrati
943 623 1093 705 conjugii
1106 624 1244 704 alectus.
1290 623 1442 709 Denique
1463 626 1501 687 in

192 737 362 811 postrema
377 729 545 794 desseram
559 727 599 792 de
614 731 721 792 variis
735 731 849 832 modis,
867 739 926 793 ant
939 732 1076 810 ‚cauus
1094 733 1211 816 quibus
1228 733 1388 815 legitima
1400 733 1501 798 semel

194 847 360 903 oontrocta
375 840 536 902 connrtlria
549 837 782 902 dissolvantur.
828 839 960 902 Interea
972 860 1047 902 oero
1069 861 1135 902 non
1156 843 1407 924 praetermitom
1421 861 1500 904 nori-

192 949 307 1011 nullos
321 949 527 1032 quaestiones
540 949 690 1028 singulis
715 947 1017 1012 Dissertationibns
1039 949 1201 1030 srrlrjectas
1215 948 1368 1026 adsuere·
1383 967 1499 1012 earum

194 1059 282 1121 enim
296 1056 523 1141 diremptione,
539 1077 623 1139 quae
635 1058 826 1138 generatim
851 1057 978 1120 tradito
1003 1065 1107 1134 erunt,
1135 1057 1272 1140 adjectis
1297 1057 1354 1136 ito,
1370 1057 1498 1138 diusm-

194 1191 255 1255 qne
269 1167 452 1234 luminibus
467 1167 592 1230 clarius
607 1169 809 1252 eaplicatum
824 1169 870 1231 iri
886 1169 1080 1232 arbitrabor.
1125 1167 1294 1253 Equidem
1318 1189 1410 1231 nemo
1431 1189 1498 1232 non

191 1278 280 1340 uidet
294 1297 346 1338 me
361 1277 399 1337 in
413 1274 636 1338 concinnando
652 1274 754 1357 lircjns
769 1277 980 1338 tractationes
1006 1275 1118 1338 ordine
1143 1297 1208 1340 non
1229 1283 1375 1338 secutam
1383 1277 1498 1357 fuisse

195 1387 344 1457 earndem
357 1387 490 1450 omnino
504 1387 675 1464 rationem,
693 1407 794 1470 qaam
808 1389 996 1450 incaeteris
1002 1389 1097 1471 juris
1120 1387 1333 1452 ecclesiastici
1341 1389 1498 1471 partibus

192 1499 394 1563 exornandis
407 1500 492 1563 milti
504 1499 673 1583 proposui
719 1498 764 1560 Ar
785 1499 894 1560 satius
919 1499 1011 1578 duni,
1037 1496 1274 1582 perspicuitate
1298 1515 1412 1558 rernm
1426 1517 1496 1558 core-

193 1609 308 1686 salere,
324 1629 425 1693 pram
436 1617 596 1694 perpetuo
610 1629 662 1670 me
687 1607 836 1668 mihimet
862 1608 930 1690 ipsi
950 1609 1095 1672 similem
1115 1606 1272 1682 estliberi,
1298 1607 1495 1683 etiamtum,

193 1735 269 1778 crem
283 1717 438 1778 materies
452 1715 666 1798 singularem
679 1715 868 1777 aietltodum
878 1717 1073 1799 postularet.
1116 1715 1225 1778 Porro
1250 1735 1334 1798 qnae
1349 1713 1496 1796 dirigam

192 1821 238 1883 da
252 1823 493 1904 inpraesentia
507 1831 594 1900 sunt,
618 1825 668 1885 ita
682 1823 889 1908 conspectum
910 1846 1022 1888 meum
1048 1826 1267 1901 adducuntur,
1293 1832 1331 1886 nt
1356 1825 1495 1903 ostendi,

189 1931 342 2014 proponi,
356 1930 518 2013 explicari
526 1930 630 2014 paulo
645 1931 743 1994 aliter
766 1931 911 1994 debeant.
957 1933 1011 1995 De
1034 1934 1093 1996 troc
1113 1935 1283 2016 proposito
1297 1933 1495 1997 nannetum

192 2037 378 2117 Leonam,
394 2049 430 2102 nt
437 2041 574 2124 judicet,
590 2061 680 2124 rogo,
690 2050 869 2125 postquam
883 2045 1040 2106 universo
1064 2043 1102 2105 iu
1126 2042 1184 2105 troc
1209 2043 1314 2105 libello
1329 2043 1495 2126 descripta

191 2147 302 2214 sedulo
310 2149 502 2232 perlegerit,
518 2158 548 2212 et
563 2152 700 2234 aprime,
717 2151 769 2212 nti
784 2151 878 2228 decet,
892 2151 1119 2234 perpenderit;
1144 2173 1247 2236 neque
1269 2153 1358 2215 enim
1371 2153 1495 2231 dubito,

190 2260 266 2342 quis
280 2259 320 2337 is,
336 2260 367 2320 si
382 2280 448 2322 non
463 2268 598 2338 caetera,
614 2259 803 2322 methodum
817 2261 929 2343 ipsam
943 2262 1069 2338 saltem,
1086 2271 1162 2326 ntnt
1176 2261 1395 2346 singularem,
1408 2263 1497 2328 veto-

190 2369 217 2431 ti
232 2369 376 2432 manime
391 2379 621 2456 opportunam,
635 2370 773 2432 minime
787 2371 831 2432 sit
854 2371 1116 2456 improbaturus.

642 3295 1054 3702 {Q}
