3216 4988
191 345 257 410 252
426 371 517 414 eras
534 371 661 431 rurus,
679 369 933 421 urescerezrro·
948 373 1094 436 cernue,
1112 376 1188 422 rer.
1207 359 1265 424 llI.

192 490 279 552 tione
295 490 424 552 utilitati
451 493 590 572 illorum,
608 511 747 574 quorum
762 497 901 574 interest,
929 499 1054 562 constrli
1070 497 1164 562 facile
1181 511 1331 581 nequeat
1355 503 1484 583 vulgetis

193 599 347 700 enimest
370 602 505 680 traditio,
532 604 774 669 uronitoriorum
788 605 995 688 disciplinam
1010 617 1102 670 extre
1127 608 1274 672 ordinem
1289 609 1449 691 indulgeri,
1468 619 1485 675 e

164 725 170 735 ·
193 726 259 789 qua
274 721 440 790 propterea
456 710 749 791 sitebstiuendum,
767 713 820 776 ubi
834 715 997 778 ordinarie
1013 727 1190 798 suppetunt
1202 717 1285 800 juris
1299 719 1428 793 erisilie,
1443 739 1485 780 ve·

192 815 251 879 luti
267 835 341 882 curn
359 819 492 900 legitimi
518 831 691 900 supersunt
719 820 806 884 modi
822 823 1058 903 probationum.
1101 821 1224 908 Aliqua
1242 807 1374 906 insuper
1396 829 1485 891 obser·

192 937 313 988 ventur
327 939 472 1008 respectu
488 928 567 1009 eJus,
591 928 647 1008 qui
664 929 750 1018 petit,
774 939 807 990 et
820 940 967 1011 respectu
982 932 1059 1012 q'us,
1076 931 1133 1012 qui
1157 930 1306 994 oottcedit
1322 934 1486 1008 mouitom,

195 1035 281 1100 unde
297 1053 361 1098 nou
378 1035 460 1096 adeo
474 1035 658 1116 frequentia
671 1035 861 1099 habeantur.
906 1037 1066 1117 Respecto
1083 1040 1161 1120 ejus,
1177 1037 1235 1117 qui
1250 1037 1337 1118 petit,
1356 1035 1488 1114 obtinuit,

193 1149 310 1203 utnon
325 1140 368 1202 eb
392 1141 457 1202 cio
474 1141 544 1222 peti,
571 1142 797 1222 impetrarique
813 1141 944 1222 possint,
972 1143 1034 1204 nisi
1050 1143 1092 1206 eb
1106 1159 1153 1220 eo,
1179 1142 1236 1222 qui
1253 1145 1308 1206 vel
1328 1141 1485 1218 etiamad

193 1263 328 1308 suorum
352 1248 553 1328 prosequitur
579 1234 761 1327 utilitatem,
782 1261 845 1323 put
872 1249 1045 1312 utilitatem
1071 1249 1246 1332 publicent,
1274 1251 1371 1332 cujus
1390 1267 1491 1314 curem
1544 1297 1548 1308 .

194 1353 268 1434 quis
282 1373 324 1416 cx
340 1354 445 1418 officio
460 1368 558 1437 gerat,
575 1373 713 1438 eernque
728 1357 769 1420 ob
783 1375 851 1420 reru
867 1375 927 1420 nec
942 1367 1126 1438 procurator
1142 1359 1333 1438 generaliter
1350 1358 1489 1420 constitn-

195 1473 248 1524 tus
263 1461 375 1525 eudem
391 1461 534 1526 obtinere
560 1464 745 1545 principalis
760 1465 864 1545 gretie
881 1465 1003 1545 poterit,
1031 1463 1094 1526 nisi
1109 1465 1291 1526 instructus
1311 1463 1356 1525 sit
1374 1463 1491 1546 optuli

193 1567 359 1634 mandato.
402 1571 566 1652 Respectu
580 1571 658 1651 ejus,
685 1572 740 1650 qui
757 1570 914 1650 censedit,
941 1583 1098 1634 caverunt
1121 1571 1233 1632 Patres
1256 1570 1447 1648 Tridentini,
1463 1581 1492 1632 nt

194 1681 364 1744 monitoria
379 1685 399 1745 a
416 1681 556 1759 nemine,
580 1693 804 1766 praeterquam
830 1681 873 1743 ab
892 1681 1063 1762 Episcopo,
1090 1679 1322 1772 concedentem
1350 1677 1433 1759 quod
1454 1679 1490 1739 ite

193 1789 325 1870 quidem
348 1787 596 1868 intelligendum
611 1798 667 1866 est,
697 1800 732 1850 ut
747 1787 966 1850 exrclutiantur
992 1787 1131 1850 Praelati
1157 1785 1319 1868 Episcopo
1344 1785 1489 1850 inferiores

194 1913 226 1964 et
243 1900 407 1981 Episcopo
421 1899 566 1982 subjecti,
582 1917 648 1962 nou
662 1909 772 1964 autem
789 1909 825 1962 ut
839 1897 1034 1964 excludetur
1047 1910 1106 1963 eut
1120 1898 1269 1961 Vicaries
1285 1898 1433 1980 Episcopi
1447 1915 1490 1979 ge·

195 2008 324 2087 cerulis„
340 2021 396 2071 eut
413 2007 560 2070 Vicerins
576 2007 782 2090 Oapittrleris,
798 2007 884 2072 Sede
899 2005 1087 2089 Episcopeli
1103 2017 1251 2087 vacente,
1267 2020 1326 2072 aut
1340 2008 1422 2071 elius
1434 1995 1491 2087 qui-

193 2135 335 2198 cumque
350 2116 392 2178 ed
408 2115 441 2178 id
467 2115 648 2198 spetialiter
663 2115 705 2178 eb
724 2115 884 2198 Episcopo
898 2114 1077 2196 detegeres
1104 2113 1157 2176 isti
1171 2114 1262 2176 enim
1276 2129 1391 2176 omnes
1410 2111 1494 2191 Epio·

111 2227 115 2236 '
193 2223 342 2306 copalern
358 2224 472 2303 ipsunt,
499 2241 565 2287 non
589 2223 758 2304 propriam,
783 2233 814 2283 et
840 2220 1039 2302 singularem
1060 2218 1321 2303 jurisdictionem
1348 2229 1489 2316 enercent

193 2332 393 2404 Quaesitum
409 2332 498 2414 apud
523 2343 648 2394 nostros
662 2329 732 2410 init,
756 2341 888 2412 enpust
911 2329 1140 2392 'tridentinam
1167 2329 1427 2392 constitutionem
1445 2346 1487 2388 ee·

194 2442 272 2504 dem
287 2438 426 2504 facultas
452 2419 578 2522 integra
593 2439 781 2502 remanserit
806 2457 905 2520 penes
929 2435 1103 2514 Praelatos,
1122 2435 1179 2517 qui
1193 2433 1289 2516 quasi
1315 2429 1486 2514 Episcopeli

192 2549 415 2634 jurisdictione
430 2548 588 2626 fruuntur,
604 2548 647 2610 ab
662 2547 817 2630 Episcopi
828 2545 1051 2629 jurisdictione
1077 2531 1207 2629 prorsus
1221 2544 1374 2624 exempti,
1388 2539 1488 2622 qrulre

93 2649 97 2658 '
196 2657 279 2720 inter
294 2671 436 2720 caeteros
452 2668 529 2718 suut
544 2657 696 2734 Abbetes,
712 2657 770 2736 qui
787 2655 943 2720 dicuntur
958 2655 1080 2719 nullius
1096 2654 1278 2718 Dtoeeestst
1312 2653 1365 2716 Ea
1381 2660 1489 2732 recepte

195 2766 257 2832 suit
272 2769 305 2830 in
333 2767 480 2850 pluribus
496 2767 685 2836 Provinciis,
713 2787 752 2828 ac
769 2768 955 2848 praesertim
981 2766 1133 2844 initalia,
1158 2765 1346 2830 Tridentini
1368 2760 1487 2828 Concilii

196 2879 422 2960 interpretatio,
451 2888 487 2940 ut
512 2877 534 2939 ii
560 2895 601 2938 ea
627 2875 782 2940 facultate
808 2875 1033 2952 destituentur,
1059 2875 1260 2956 quamquem
1288 2875 1322 2937 in
1340 2871 1488 2954 aliquibus

198 2987 377 3050 Provinciis
392 2986 458 3050 elie
474 2987 581 3067 vigeat
595 2967 805 3063 consuetude,
825 2986 867 3048 uti
889 2985 1080 3065 pragmatici
1097 2995 1264 3050 testentur.
1303 2986 1430 3055 Quibus
1443 3001 1489 3044 arr·

196 3103 261 3156 tem
276 3095 309 3156 in
337 3093 414 3156 iocis
438 3095 579 3158 Abbates
606 3095 729 3158 nullius
755 3094 913 3174 dioecesis
939 3093 1108 3156 monitoria
1135 3093 1312 3156 mintederc
1334 3100 1488 3174 nequeunt,

196 3220 277 3264 treus
292 3201 440 3280 obtinuit,
465 3213 501 3264 ut
516 3221 580 3264 nou
598 3209 619 3266 it
634 3205 786 3266 viciniore
804 3203 972 3285 Episcopo,
990 3203 1047 3266 sed
1062 3211 1083 3268 e
1098 3203 1182 3267 Sede
1205 3203 1392 3285 Apostolice
1406 3199 1489 3264 reuni-

196 3307 286 3382 toria,
316 3308 442 3388 quoties
471 3309 634 3388 impetrari
663 3311 824 3392 expediat,
851 3309 1074 3394 impetrentur.
1119 3312 1174 3374 Ex
1204 3314 1341 3394 receptis
1369 3291 1503 3390 denque

198 3413 393 3478 Dioeceseon
411 3419 553 3482 moribus
568 3419 715 3498 invaluit,
737 3428 775 3482 ut
790 3421 832 3483 ed
849 3421 1012 3484 Perocbns
1026 3432 1158 3503 spectet,
1180 3397 1351 3485 monitoria
1367 3417 1489 3505 promul,

197 3543 274 3605 gere
289 3525 322 3588 in
338 3505 477 3610 singulis
501 3527 668 3590 Perocbiis
683 3547 725 3590 ex
754 3527 915 3592 Ordinerii
933 3530 1097 3608 mandato,
1120 3516 1241 3593 'diebus
1265 3527 1365 3609 festis,
1390 3527 1491 3611 quites

197 3634 299 3716 major
314 3654 384 3697 esse
400 3635 481 3698 solet
495 3635 536 3698 ad
554 3636 737 3700 Ecclesiam
750 3638 860 3719 populi
876 3631 1064 3719 irequeuiie,
1081 3647 1113 3700 et
1128 3636 1260 3720 quidem
1275 3637 1422 3719 pluribus
1434 3649 1492 3696 suc·

191 3745 320 3848 cfssive
348 3744 470 3824 diebus,
495 3764 667 3826 quousque
692 3746 884 3810 deveniatur
912 3747 955 3812 ud
983 3749 1229 3830 peremptoriam
1244 3731 1489 3828 publicationem,

196 3853 259 3916 rrisi
277 3853 372 3916 unica
399 3871 455 3934 pro
481 3853 632 3916 omuibus
659 3853 724 3931 liet,
741 3855 828 3935 quod
849 3857 1037 3933 necessario,
1064 3867 1097 3917 et
1122 3853 1232 3935 palent
1258 3851 1488 3936 exprimendum

197 3961 263 4038 erit,
280 3979 349 4041 cap.
366 3961 397 4022 9.
413 3959 453 4021 de
468 3970 548 4023 sent.
564 3981 632 4024 exc.
651 3962 683 4027 in
700 3961 740 4036 6.,
756 3981 797 4023 ex
813 3981 878 4042 qno
896 3961 1003 4042 liquet,
1031 3961 1382 4028 excommunicationis
1396 3973 1488 4024 ceusu·

196 4089 265 4130 retu
284 4057 454 4132 monitorio
469 4070 627 4132 inflictum
645 4089 708 4132 nou
725 4081 791 4134 taut
805 4071 839 4132 in
855 4071 976 4132 crimen
993 4069 1071 4134 olim
1084 4069 1266 4136 admissum
1282 4069 1389 4148 indici,
1404 4083 1488 4149 quern

193 4181 229 4242 iu
248 4181 492 4242 contumaciam
509 4179 644 4258 illorum,
660 4181 716 4262 qui
734 4182 846 4244 moniti
863 4181 1031 4244 Ecclesiae
1048 4201 1113 4244 nou
1129 4183 1362 4262 obtempemnt.
1392 4183 1489 4250 Qum

194 4289 237 4347 dn
255 4305 328 4350 vero
343 4288 424 4366 otri,
452 4288 565 4350 diebus
580 4287 670 4350 festis
698 4291 948 4380 publicationem
965 4289 1040 4368 fieri,
1069 4290 1101 4350 id
1119 4289 1215 4350 velim
1232 4289 1278 4350 ite
1299 4289 1487 4368 intelligetur,

195 4409 232 4458 ut
246 4395 450 4478 excipientur
476 4395 545 4460 dies
561 4395 667 4459 festivi
685 4400 827 4464 maxime
843 4399 1013 4476 solemnes,
1042 4401 1075 4463 iu
1091 4400 1210 4482 quibus
1225 4399 1276 4464 ob,
1288 4392 1412 4482 iusi'gue
1425 4393 1486 4458 fide
