3168 4982
319 431 415 482 QUAR
437 430 597 479 VINOUM
618 431 853 478 rosunum
876 431 1062 478 CONJUGHB
1084 433 1227 478 OBSINT·
1352 411 1418 478 229

14 567 16 578 ·
116 571 195 633 aem
224 573 325 636 quam
360 556 395 620 in
424 567 499 620 voto
530 555 679 638 simplici.
723 555 843 620 Verum
867 555 920 620 isti
955 573 1072 638 parum
1107 553 1417 638 animadverterunt,

14 719 15 740 ,
118 683 184 728 meo
207 665 339 750 judicio,
355 665 399 728 ad
414 675 565 730 naturam
581 665 647 730 voti
662 664 827 749 simplicis,
843 675 875 728 et
890 663 1054 748 solemnia
1070 683 1137 728 non
1165 665 1252 728 enim
1278 683 1321 728 ex
1349 683 1418 730 rna-

113 775 192 857 joris,
231 775 284 838 vel
313 775 446 839 minoris
484 775 733 838 lelibsrtationis
761 793 864 838 causa
893 787 1005 841 votum
1034 787 1093 842 aut
1121 775 1261 859 simplex
1289 773 1419 858 dicitnr,

115 893 167 946 ant
194 884 348 963 solemne,
379 884 437 948 sed
464 903 508 948 ex
536 883 608 948 aliis
637 883 754 963 oensis,
783 883 892 967 qualis
907 895 956 948 est
984 897 1043 950 aut
1072 885 1222 969 religiosa
1252 883 1418 969 professio,

114 1001 166 1055 aut
193 994 358 1075 arisoeptio
383 994 466 1057 sauri
495 991 637 1073 Ordinis
675 993 776 1058 immo
804 1005 836 1056 et
869 1003 973 1076 potest
1009 991 1187 1076 aliquando
1222 993 1417 1075 contingere,

114 1103 287 1185 etgravior
301 1103 486 1168 deliberatio
515 1103 557 1165 sit
585 1105 619 1165 in
648 1100 796 1185 simplici,
824 1121 926 1186 quam
955 1103 989 1166 in
1019 1101 1156 1166 solemni
1185 1099 1311 1164 edendo
1333 1111 1419 1183 voto,

110 1227 171 1293 quo
185 1223 300 1277 tamen
314 1213 348 1278 in
372 1232 452 1277 oasn
468 1211 531 1276 diei
547 1231 613 1277 non
638 1221 742 1296 potest
766 1222 880 1276 votnm
895 1209 1035 1294 simplex
1060 1211 1209 1296 conjugio
1223 1211 1419 1294 obioempo·

113 1339 191 1386 nere
236 1323 305 1386 Alli
320 1321 531 1402 tradiderunt,
562 1322 596 1386 in
612 1335 687 1386 voto
715 1319 854 1404 simplici
876 1339 1000 1384 meram
1027 1322 1134 1384 inesse
1164 1319 1418 1404 promissionem,

14 1429 15 1516 J
111 1449 164 1495 seu
195 1451 322 1495 masam
337 1431 539 1516 personalem
554 1430 794 1512 obligationem,
824 1429 855 1492 in
873 1439 948 1490 voto
964 1439 1074 1490 autem
1089 1425 1226 1488 solemni
1255 1435 1419 1508 praeterea

14 1525 15 1608 ᾗ
111 1539 185 1614 fieri,
216 1539 396 1622 quamdam
427 1542 528 1606 veluti
549 1537 747 1624 corporalem
773 1537 986 1615 traditionem,
1016 1536 1098 1598 adeo
1123 1545 1160 1598 ut
1185 1545 1331 1617 respectu
1353 1551 1422 1598 mo-

15 1735 16 1738 *
116 1651 258 1712 nesticae
290 1650 497 1733 professionis
525 1653 572 1712 ita
599 1649 675 1730 quia
704 1645 956 1726 transformetur,
986 1657 1024 1708 ut
1052 1663 1108 1728 pro
1143 1653 1270 1707 mortno
1302 1642 1422 1706 babea-

14 1743 16 1764 ’
109 1771 165 1839 tur,
204 1772 354 1842 respeetu
389 1771 500 1824 autem
536 1776 646 1822 sacrae
681 1753 905 1820 ordinationis
946 1751 1192 1818 transformetur
1227 1753 1328 1816 etiam
1363 1771 1418 1814 vo-

14 1879 16 1906 ³
111 1881 195 1946 aens,
213 1867 301 1929 etde
323 1883 460 1952 persona
486 1867 620 1949 profana
646 1864 780 1946 inoipiat
805 1883 875 1926 esse
901 1883 1005 1944 saora3
1031 1873 1067 1926 ut
1081 1861 1200 1926 exinde
1217 1862 1336 1926 mirum
1351 1879 1418 1926 non

108 1975 154 2053 sit,
170 1987 286 2040 votum
302 1976 445 2040 solemne
474 1975 599 2040 irritum
615 1974 684 2038 lieri
699 1989 883 2055 numquam
909 1993 1012 2056 posse,
1040 1991 1133 2036 sectis
1158 1991 1199 2036 ao
1214 1983 1328 2036 votum
1343 1981 1418 2037 slm-

14 2127 16 2186 ἰ
108 2085 181 2164 plex
211 2083 356 2148 addueta
385 2085 419 2148 in
448 2102 523 2147 earn
550 2103 620 2148 rem
647 2081 862 2146 similitudine
898 2079 1111 2164 sponsalium,
1140 2089 1173 2141 et
1209 2079 1418 2158 matrimonii,

14 2211 15 2262 i
108 2205 271 2274 propterea
298 2193 387 2276 quod
399 2193 494 2257 nuda
507 2191 711 2275 sponsalium
740 2189 823 2256 fides
839 2207 905 2253 non
929 2189 1061 2253 dirimat
1086 2189 1320 2270 subsequentes
1336 2206 1419 2270 nup*

14 2321 15 2326 ¹
107 2303 167 2364 tias
181 2318 261 2366 enm
286 2303 350 2366 alio
375 2313 564 2382 contractas,
591 2321 686 2366 secus
700 2321 740 2366 ao
764 2301 932 2382 contingat
955 2300 1084 2363 indata
1111 2296 1175 2361 fide
1191 2297 1343 2380 eonjugii3
1361 2296 1418 2360 ad·

14 2447 15 2458 ,
101 2413 187 2494 joota
201 2413 302 2476 etiam
317 2412 531 2478 similitudine
552 2411 733 2493 emptionis,
749 2421 780 2473 et
810 2408 1006 2474 venditionis
1028 2427 1114 2490 quae
1129 2407 1155 2470 si
1172 2407 1263 2471 nuda
1277 2425 1418 2470 conven-

14 2503 16 2596 f
107 2535 192 2586 tmne
219 2523 406 2603 celebretur,
437 2539 503 2584 non
528 2521 626 2599 obest,
653 2519 733 2600 quin
759 2537 809 2580 res
835 2519 869 2582 in
898 2518 1125 2595 venditionem,
1152 2515 1419 2596 emptionemque

14 2671 16 2700 r
104 2632 245 2695 deducta
273 2632 384 2696 favore
420 2630 552 2696 alterius
588 2627 731 2706 sedatur,
761 2647 856 2692 secus
887 2647 925 2690 ao
953 2627 1130 2706 contingat,
1160 2626 1187 2686 si
1218 2623 1348 2704 emptio,
1384 2631 1418 2683 et

14 2727 15 2730 '
104 2738 248 2802 venditio
272 2741 343 2823 jam
372 2739 472 2802 sitrei
502 2736 672 2800 traditione
702 2735 851 2818 perfecta.
895 2735 981 2798 Sunt
1010 2734 1116 2815 magis
1141 2733 1223 2795 haee
1238 2730 1416 2812 ingeniosa,

14 2913 15 2920 ,
103 2867 203 2930 quam
220 2867 306 2927 vere,
323 2847 479 2912 nimirum
492 2846 608 2910 referta
623 2845 790 2930 symbolis,
805 2855 837 2906 et
852 2843 973 2925 figuris,
989 2841 1212 2904 Aseetioorum
1227 2840 1334 2921 potius
1350 2855 1415 2898 mo-

104 2956 316 3019 ditationibns
352 2953 606 3032 aooommodata,
643 2973 745 3036 quem
783 2952 1068 3034 Philosophorum,
1105 2960 1137 3012 et
1172 2947 1415 3014 Jnreoonsnlto·

104 3085 177 3130 nrm
205 3065 371 3130 sententis.
416 3065 548 3128 Etenim
577 3065 735 3146 imprimis
764 3061 885 3128 falsum
915 3072 971 3141 est,
1001 3079 1044 3124 ex
1073 3070 1190 3123 natura
1218 3059 1284 3121 voti
1299 3057 1415 3120 solom-

104 3175 134 3234 ni
159 3192 236 3235 eum
258 3172 409 3236 effectum
431 3173 512 3251 oriri,
534 3171 667 3253 quando
689 3171 812 3236 scimus
834 3169 1013 3252 aliquando
1043 3169 1235 3232 constitutos
1257 3168 1290 3230 in
1313 3167 1413 3230 saeris

103 3281 292 3357 Ordinibus,
315 3283 343 3344 si
363 3299 431 3345 non
456 3283 548 3360 licita,
571 3281 688 3346 saltem
711 3281 820 3344 valide
841 3279 1030 3362 eonjugium
1052 3278 1266 3356 contraxisse,
1288 3295 1359 3340 aaa
1384 3275 1412 3340 1.

14 3445 16 3484 ,
108 3393 180 3455 dist
204 3393 267 3468 27,
298 3391 317 3454 l.
339 3383 392 3455 ta}
413 3391 485 3456 eod.
508 3392 549 3454 de
572 3391 681 3474 Epist.
704 3401 736 3454 et
757 3387 840 3454 Olet.
885 3387 1011 3452 Deinde
1042 3405 1108 3452 uon
1131 3389 1209 3452 satis
1230 3387 1413 3470 percipitur,

103 3500 302 3584 quommodo
323 3501 357 3564 in
379 3512 455 3564 voto
476 3499 614 3582 simplici
648 3499 776 3564 traditio
804 3517 870 3563 non
901 3510 1056 3579 sequatur
1076 3497 1190 3562 eodem
1221 3497 1286 3562 sere
1307 3496 1413 3575 modo,

14 3639 15 3694 f
103 3631 166 3693 quo
189 3613 225 3674 in
248 3620 324 3673 voto
353 3609 500 3691 solemni3
525 3609 658 3691 quando
679 3627 783 3691 aeque
814 3627 932 3691 eorpus
954 3627 1053 3672 suurn
1074 3607 1116 3672 ad
1140 3609 1293 3672 effectum
1312 3608 1413 3672 eonti-

105 3719 233 3781 nentiae
254 3717 436 3780 servandae
459 3719 529 3780 Deo
551 3717 645 3795 dieat,
677 3729 710 3780 et
731 3717 828 3795 dedit,
861 3717 1062 3800 quicumque
1086 3718 1326 3799 qualecumpue
1355 3735 1411 3780 vo·

104 3839 173 3890 tum
194 3829 331 3908 emittat3
355 3845 494 3908 eamque
516 3827 558 3889 ad
588 3845 654 3889 rem
677 3827 879 3909 sponsalium
912 3823 1090 3889 similitudo
1112 3827 1245 3888 minime
1267 3825 1411 3907 pertinet,

14 3929 15 3988 i
104 3953 179 4000 eum
202 3935 367 4018 sponsalia
389 3936 423 3998 in
455 3935 609 4014 futuram,
631 3947 746 4000 votnm
768 3935 802 3999 in
828 3945 1039 4018 praesentem,
1063 3945 1095 3998 et
1126 3947 1312 4016 perpetuam
1334 3931 1412 3994 obli·

14 4103 15 4122 ,
105 4047 268 4126 gerionem
289 4044 481 4128 conseratur,
505 4063 585 4108 eove
606 4044 717 4110 minus
738 4043 782 4108 ad
803 4045 953 4109 eamdem
975 4063 1043 4110 rem
1074 4045 1211 4128 pertinet
1233 4041 1412 4111 similitudo

14 4191 15 4196 κ
106 4151 286 4234 emptionis,
308 4162 341 4214 et
363 4152 557 4216 venditionis
591 4153 687 4236 longe
716 4163 848 4235 remota3
883 4173 989 4236 nequo
1020 4154 1108 4218 enim
1141 4152 1235 4216 facile
1265 4161 1411 4232 respectu

14 4259 15 4292 l
107 4253 166 4318 Dei
188 4269 304 4321 votum
325 4260 523 4342 aooeptantis
552 4261 681 4326 traditio
702 4262 851 4346 eorporis,
886 4281 944 4326 seu
966 4263 1126 4326 dedicatio
1149 4271 1215 4324 tota
1236 4261 1286 4324 sui
1309 4261 1410 4342 ipsius

105 4365 148 4424 ab
167 4365 299 4430 homins
320 4367 408 4433 faeta
429 4375 448 4434 a
471 4389 547 4434 vera
568 4370 741 4434 traditione
770 4371 999 4454 distinguatur,
1033 4369 1166 4454 quando
1196 4389 1235 4432 aa
1255 4366 1412 4451 obligatio

108 4473 281 4550 personalis
301 4473 346 4538 ad
370 4475 496 4542 nnllam
519 4497 594 4560 rem,
618 4479 673 4542 sed
698 4479 741 4542 ad
763 4481 868 4564 ipsam
899 4497 1070 4564 personam
1097 4489 1163 4542 tota
1185 4475 1326 4561 refertus
1351 4479 1407 4542 im-
