3120 4980
218 1187 336 1290 Μ
360 1175 846 1285 mmmmm&
872 1171 1232 1302 mmmm

398 1423 615 1496 conruit
636 1372 788 1522 nunu
811 1415 1060 1491 reuisere.

88 1666 372 1914 QUAMQUAM
388 1788 524 1886 inomni
539 1801 712 1868 criminum
727 1819 843 1883 genere
855 1801 993 1882 graviter
1006 1819 1140 1883 paccare
1154 1803 1299 1868 hnmana
1314 1821 1380 1886 per·

85 1915 155 1980 fidia
168 1917 280 2000 possit,
297 1914 491 1998 gravissima
506 1925 624 2002 tamen,
639 1920 671 1972 et
686 1929 761 1992 pree
776 1909 909 1970 caeteris
924 1909 1043 1972 atrocia
1058 1909 1209 1974 habenda
1224 1925 1300 1976 snut
1316 1934 1382 1978 sce·

85 2025 150 2107 lora,
166 2029 287 2110 quibus
304 2025 425 2090 directo
439 2025 597 2089 adversas
613 2023 721 2086 Deum
736 2019 942 2100 delinquitur,
958 2039 1094 2101 quornm
1113 2033 1276 2104 propteroa
1291 2047 1384 2092 cous-

81 2135 117 2198 eii
132 2137 245 2200 merito
270 2137 314 2198 rei
329 2134 461 2198 divinae
477 2133 586 2195 laesae
613 2128 790 2211 majestatis
817 2129 849 2190 in
865 2127 1104 2192 Ecclesiastieis
1130 2135 1311 2197 canonibus
1327 2156 1382 2218 ψ

81 2241 247 2323 pellantur.
290 2239 487 2326 Hujusmodi
502 2238 697 2320 flagitiorum
713 2237 950 2299 immanitatem
964 2235 1173 2300 considerans
1188 2240 1320 2304 Samuel
1337 2243 1383 2307 ita

78 2345 282 2416 exclamabat
296 2349 330 2412 in
346 2348 424 2410 libro
441 2349 468 2410 1.
484 2346 613 2428 Regum
628 2363 698 2428 cap.
714 2345 743 2408 2.
768 2343 810 2408 m·
820 2345 1004 2427 peccaverit
1019 2347 1070 2408 vir
1085 2347 1122 2408 ia
1136 2349 1256 2426 ciram,
1271 2353 1382 2432 placa·

76 2453 151 2520 tici
159 2465 274 2544 potest
299 2455 408 2520 Daue:
435 2453 476 2518 Si·
490 2463 603 2518 autem
627 2454 665 2516 iu
679 2451 867 2518 Dominam
888 2453 1073 2536 peccauerit
1094 2453 1154 2530 vir,
1182 2457 1256 2538 quie
1276 2459 1384 2522 orabit

77 2568 202 2644 proco?
248 2564 367 2628 Paucis
381 2562 528 2644 singulos
544 2573 708 2626 tantorum
723 2559 896 2624 criminum
913 2551 981 2622 reos
996 2579 1154 2622 recenseo.
1187 2563 1342 2628 Videlicet
1358 2567 1383 2632 ii

37 2751 41 2757 Ι
76 2683 148 2736 runt
163 2671 337 2756 imprimis,
362 2672 419 2752 qui
434 2671 611 2748 Christum,
638 2681 672 2733 et
687 2669 808 2732 Christi
824 2667 932 2732 ¹tidem
949 2669 1076 2752 penitus
1103 2685 1301 2752 aversantur,
1329 2678 1383 2742 vel

37 2829 41 2840 .
75 2777 211 2860 Pagaui,
228 2777 282 2842 vel
297 2777 423 2843 Judaei:
437 2777 582 2840 secundo
597 2755 782 2860 Apostatee,
803 2787 836 2840 et
851 2775 1021 2852 Haeretici,
1036 2777 1155 2856 quibus
1171 2781 1315 2860 proxime
1330 2801 1382 2846 uo-

72 2885 194 2953 cedunt
209 2886 429 2954 schismatici:
455 2886 545 2948 tertio
559 2885 771 2969 blasphaemi,
787 2895 819 2950 et
834 2885 984 2968 sortilegi:
999 2897 1114 2968 quarto
1138 2887 1277 2971 denique
1287 2893 1382 2977 juris·

65 2993 211 3081 iurandi,
226 3009 262 3064 et
275 3009 423 3062 votorum
438 2995 617 3061 violatores.

624 3395 776 3462 CAPUT
798 3396 832 3461 Ῑ..

294 3619 349 3692 Da
369 3627 422 3705 iis,
446 3625 505 3712 qai
529 3620 657 3689 Christi
670 3623 776 3708 fidem
793 3623 931 3710 panitas
952 3635 1160 3692 aversantur.

406 3849 481 3914 Huc
496 3845 680 3915 referendus
694 3857 743 3910 est
763 3847 876 3913 titulus
890 3847 920 3912 6.
937 3848 1005 3913 libr.
1020 3850 1049 3914 5.

55 4075 132 4287 A
148 4204 288 4278 dnobus
301 4213 453 4278 Abrahae
477 4212 562 4296 filiis,
589 4213 702 4278 isaaco
716 4231 758 4280 ex
772 4215 862 4296 Sara,
888 4227 920 4280 et
934 4215 1072 4284 ismaele
1095 4240 1136 4286 ex
1151 4221 1241 4305 Agar
1253 4226 1376 4292 ancilla

53 4319 179 4400 Sarae,
199 4320 295 4396 uatis,
311 4319 395 4384 duae
410 4331 522 4403 gentes
535 4321 692 4404 originem
708 4317 802 4388 suam
818 4335 952 4405 traxere;
969 4329 1121 4393 nimirum
1137 4331 1299 4415 Saraceni,
1316 4337 1375 4419 qni

51 4441 87 4492 et
102 4429 272 4512 Agereni,
287 4440 384 4512 atque
398 4428 545 4510 Hebraei,
571 4431 627 4511 qui
641 4439 673 4492 et
687 4431 706 4494 J
711 4430 782 4494 ndei
799 4433 1017 4516 nominantur,
1032 4457 1169 4520 quorum
1186 4445 1304 4524 priores
1319 4465 1380 4509 noe

49 4553 135 4603 men
152 4537 399 4602 Saracenorum
411 4543 434 4603 a
447 4537 529 4602 Sara
542 4536 695 4623 legitima,
711 4538 978 4688 et‘Agarenorrrer
990 4543 1291 4693 ablrggar9naturali
1306 4570 1374 4626 ma-

961 4645 1018 4690 orr.
1081 4665 1133 4692 .-
1154 4677 1162 4692 .
