<?xml version="1.0" encoding="UTF-8"?>
<!DOCTYPE html PUBLIC "-//W3C//DTD XHTML 1.0 Transitional//EN"
    "http://www.w3.org/TR/xhtml1/DTD/xhtml1-transitional.dtd">
<html xmlns="http://www.w3.org/1999/xhtml" xml:lang="en" lang="en">
 <head>
  <title>
</title>
<meta http-equiv="Content-Type" content="text/html;charset=utf-8" />
  <meta name='ocr-system' content='tesseract 3.04.00' />
  <meta name='ocr-capabilities' content='ocr_page ocr_carea ocr_par ocr_line ocrx_word'/>
</head>
<body>
  <div class='ocr_page' id='page_1' title='image "./carolisebastian00beragoog_0162.png"; bbox 0 0 3210 4990; ppageno 0'>
   <div class='ocr_carea' id='block_1_1' title="bbox 185 343 1424 430">
    <p class='ocr_par' dir='ltr' id='par_1_1' title="bbox 185 343 1424 430">
     <span class='ocr_line' id='line_1_1' title="bbox 185 343 1424 430; baseline -0.003 -16"><span class='ocrx_word' id='word_1_1' title='bbox 185 369 232 414; x_wconf 85' lang='lat' dir='ltr'><strong>oa</strong></span> <span class='ocrx_word' id='word_1_2' title='bbox 257 369 317 430; x_wconf 85' lang='lat' dir='ltr'><strong>rte,</strong></span> <span class='ocrx_word' id='word_1_3' title='bbox 339 369 402 418; x_wconf 83' lang='lat' dir='ltr'><strong>am</strong></span> <span class='ocrx_word' id='word_1_4' title='bbox 427 358 574 414; x_wconf 71' lang='lat' dir='ltr'><strong>undose</strong></span> <span class='ocrx_word' id='word_1_5' title='bbox 596 367 798 414; x_wconf 77' lang='lat' dir='ltr'><strong>contuerunt</strong></span> <span class='ocrx_word' id='word_1_6' title='bbox 820 363 1065 414; x_wconf 66' lang='lat' dir='ltr'><strong>concernens</strong></span> <span class='ocrx_word' id='word_1_7' title='bbox 1089 361 1296 414; x_wconf 74' lang='lat' dir='ltr'><strong>neooaon&#39;r.</strong></span> <span class='ocrx_word' id='word_1_8' title='bbox 1361 343 1424 410; x_wconf 78' lang='grc'><strong>157</strong></span> 
     </span>
    </p>
   </div>
   <div class='ocr_carea' id='block_1_2' title="bbox 28 490 1455 3077">
    <p class='ocr_par' dir='ltr' id='par_1_2' title="bbox 119 490 1427 1122">
     <span class='ocr_line' id='line_1_2' title="bbox 124 490 1424 580; baseline -0.005 -18"><span class='ocrx_word' id='word_1_9' title='bbox 124 509 334 564; x_wconf 86' lang='lat' dir='ltr'><strong>monstratum</strong></span> <span class='ocrx_word' id='word_1_10' title='bbox 350 503 406 578; x_wconf 78' lang='lat' dir='ltr'><strong>e&#39;st,</strong></span> <span class='ocrx_word' id='word_1_11' title='bbox 422 496 609 580; x_wconf 74' lang='lat' dir='ltr'><strong>conjugium</strong></span> <span class='ocrx_word' id='word_1_12' title='bbox 624 513 696 558; x_wconf 84' lang='lat' dir='ltr'><strong>esse</strong></span> <span class='ocrx_word' id='word_1_13' title='bbox 709 513 813 577; x_wconf 79' lang='lat' dir='ltr'><strong>posse,</strong></span> <span class='ocrx_word' id='word_1_14' title='bbox 829 493 927 558; x_wconf 85' lang='lat' dir='ltr'><strong>etiarn</strong></span> <span class='ocrx_word' id='word_1_15' title='bbox 941 495 970 556; x_wconf 90' lang='lat' dir='ltr'><strong>si</strong></span> <span class='ocrx_word' id='word_1_16' title='bbox 985 498 1005 558; x_wconf 74' lang='lat' dir='ltr'><strong>a</strong></span> <span class='ocrx_word' id='word_1_17' title='bbox 1019 490 1238 575; x_wconf 73' lang='lat' dir='ltr'><strong>procreatione</strong></span> <span class='ocrx_word' id='word_1_18' title='bbox 1254 491 1424 556; x_wconf 89' lang='lat' dir='ltr'><strong>liberorum</strong></span> 
     </span>
     <span class='ocr_line' id='line_1_3' title="bbox 124 585 1425 693; baseline -0.005 -18"><span class='ocrx_word' id='word_1_19' title='bbox 124 612 329 693; x_wconf 58' lang='lat' dir='ltr'><strong>abstineatur</strong></span> <span class='ocrx_word' id='word_1_20' title='bbox 344 609 463 674; x_wconf 90' lang='lat' dir='ltr'><strong>deinde</strong></span> <span class='ocrx_word' id='word_1_21' title='bbox 492 609 622 688; x_wconf 89' lang='lat' dir='ltr'><strong>scimus,</strong></span> <span class='ocrx_word' id='word_1_22' title='bbox 652 606 877 691; x_wconf 86' lang='lat' dir='ltr'><strong>impotentium</strong></span> <span class='ocrx_word' id='word_1_23' title='bbox 907 606 1112 686; x_wconf 85' lang='lat' dir='ltr'><strong>matrimonia</strong></span> <span class='ocrx_word' id='word_1_24' title='bbox 1140 605 1182 667; x_wconf 91' lang='lat' dir='ltr'><strong>ab</strong></span> <span class='ocrx_word' id='word_1_25' title='bbox 1199 585 1347 667; x_wconf 70' lang='lat' dir='ltr'><strong>Ecclesia</strong></span> <span class='ocrx_word' id='word_1_26' title='bbox 1361 603 1425 668; x_wconf 86' lang='lat' dir='ltr'><strong>Ro-</strong></span> 
     </span>
     <span class='ocr_line' id='line_1_4' title="bbox 124 710 1427 800; baseline -0.008 -14"><span class='ocrx_word' id='word_1_27' title='bbox 124 739 220 786; x_wconf 87' lang='lat' dir='ltr'><strong>mana</strong></span> <span class='ocrx_word' id='word_1_28' title='bbox 246 741 312 786; x_wconf 89' lang='lat' dir='ltr'><strong>non</strong></span> <span class='ocrx_word' id='word_1_29' title='bbox 326 720 428 785; x_wconf 79' lang='lat' dir='ltr'><strong>luisse</strong></span> <span class='ocrx_word' id='word_1_30' title='bbox 441 717 607 791; x_wconf 86' lang='lat' dir='ltr'><strong>dissoluta,</strong></span> <span class='ocrx_word' id='word_1_31' title='bbox 630 735 700 800; x_wconf 85' lang='lat' dir='ltr'><strong>cap.</strong></span> <span class='ocrx_word' id='word_1_32' title='bbox 716 717 746 780; x_wconf 81' lang='lat'><strong>2.</strong></span> <span class='ocrx_word' id='word_1_33' title='bbox 776 715 817 778; x_wconf 86' lang='lat' dir='ltr'><strong>de</strong></span> <span class='ocrx_word' id='word_1_34' title='bbox 844 714 961 797; x_wconf 81' lang='lat' dir='ltr'><strong>frigid,</strong></span> <span class='ocrx_word' id='word_1_35' title='bbox 987 725 1019 777; x_wconf 88' lang='lat' dir='ltr'><strong>et</strong></span> <span class='ocrx_word' id='word_1_36' title='bbox 1034 710 1151 793; x_wconf 83' lang='lat' dir='ltr'><strong>maloi,</strong></span> <span class='ocrx_word' id='word_1_37' title='bbox 1167 731 1252 795; x_wconf 85' lang='lat' dir='ltr'><strong>quae</strong></span> <span class='ocrx_word' id='word_1_38' title='bbox 1267 731 1346 775; x_wconf 88' lang='lat' dir='ltr'><strong>sane</strong></span> <span class='ocrx_word' id='word_1_39' title='bbox 1360 711 1427 776; x_wconf 92' lang='lat' dir='ltr'><strong>dis·</strong></span> 
     </span>
     <span class='ocr_line' id='line_1_5' title="bbox 122 819 1423 909; baseline -0.005 -18"><span class='ocrx_word' id='word_1_40' title='bbox 122 829 224 892; x_wconf 91' lang='lat' dir='ltr'><strong>solnta</strong></span> <span class='ocrx_word' id='word_1_41' title='bbox 254 827 401 906; x_wconf 84' lang='lat' dir='ltr'><strong>inissent,</strong></span> <span class='ocrx_word' id='word_1_42' title='bbox 430 826 458 890; x_wconf 90' lang='lat' dir='ltr'><strong>si</strong></span> <span class='ocrx_word' id='word_1_43' title='bbox 481 826 547 909; x_wconf 80' lang='lat' dir='ltr'><strong>jnri</strong></span> <span class='ocrx_word' id='word_1_44' title='bbox 574 823 694 903; x_wconf 86' lang='lat' dir='ltr'><strong>divino,</strong></span> <span class='ocrx_word' id='word_1_45' title='bbox 724 842 763 886; x_wconf 86' lang='lat' dir='ltr'><strong>ae</strong></span> <span class='ocrx_word' id='word_1_46' title='bbox 791 822 933 886; x_wconf 85' lang='lat' dir='ltr'><strong>naturali</strong></span> <span class='ocrx_word' id='word_1_47' title='bbox 961 819 1217 898; x_wconf 63' lang='lat' dir='ltr'>adversarentur,</span> <span class='ocrx_word' id='word_1_48' title='bbox 1253 835 1423 902; x_wconf 79' lang='lat' dir='ltr'><strong>argumen</strong></span> 
     </span>
     <span class='ocr_line' id='line_1_6' title="bbox 122 927 1426 1020; baseline -0.002 -22"><span class='ocrx_word' id='word_1_49' title='bbox 122 947 151 998; x_wconf 93' lang='lat' dir='ltr'><strong>to</strong></span> <span class='ocrx_word' id='word_1_50' title='bbox 164 954 235 1020; x_wconf 81' lang='lat' dir='ltr'><strong>cap.</strong></span> <span class='ocrx_word' id='word_1_51' title='bbox 251 937 303 1000; x_wconf 79' lang='lat' dir='ltr'><strong>tt.</strong></span> <span class='ocrx_word' id='word_1_52' title='bbox 320 935 354 999; x_wconf 89' lang='lat' dir='ltr'><strong>in</strong></span> <span class='ocrx_word' id='word_1_53' title='bbox 369 933 434 998; x_wconf 88' lang='lat' dir='ltr'><strong>fine</strong></span> <span class='ocrx_word' id='word_1_54' title='bbox 448 933 489 998; x_wconf 89' lang='lat' dir='ltr'><strong>de</strong></span> <span class='ocrx_word' id='word_1_55' title='bbox 503 932 616 1012; x_wconf 78' lang='lat' dir='ltr'><strong>testib,</strong></span> <span class='ocrx_word' id='word_1_56' title='bbox 627 932 740 1016; x_wconf 86' lang='lat' dir='ltr'><strong>juncto</strong></span> <span class='ocrx_word' id='word_1_57' title='bbox 763 949 834 1014; x_wconf 90' lang='lat' dir='ltr'><strong>cap.</strong></span> <span class='ocrx_word' id='word_1_58' title='bbox 864 931 893 994; x_wconf 86' lang='grc'><strong>3.</strong></span> <span class='ocrx_word' id='word_1_59' title='bbox 909 927 966 1012; x_wconf 84' lang='lat' dir='ltr'><strong>qui</strong></span> <span class='ocrx_word' id='word_1_60' title='bbox 980 929 1119 992; x_wconf 77' lang='lat' dir='ltr'><strong>matrina</strong></span> <span class='ocrx_word' id='word_1_61' title='bbox 1144 945 1250 991; x_wconf 90' lang='lat' dir='ltr'><strong>accus.</strong></span> <span class='ocrx_word' id='word_1_62' title='bbox 1267 928 1301 994; x_wconf 91' lang='lat' dir='ltr'><strong>in</strong></span> <span class='ocrx_word' id='word_1_63' title='bbox 1318 931 1345 994; x_wconf 88' lang='lat'><strong>1.</strong></span> <span class='ocrx_word' id='word_1_64' title='bbox 1360 929 1426 994; x_wconf 80' lang='lat' dir='ltr'><strong>cot-</strong></span> 
     </span>
     <span class='ocr_line' id='line_1_7' title="bbox 119 1033 1425 1122; baseline -0.002 -16"><span class='ocrx_word' id='word_1_65' title='bbox 119 1033 187 1106; x_wconf 81' lang='lat' dir='ltr'><strong>lect</strong></span> <span class='ocrx_word' id='word_1_66' title='bbox 231 1043 322 1107; x_wconf 91' lang='lat' dir='ltr'><strong>Hinc</strong></span> <span class='ocrx_word' id='word_1_67' title='bbox 337 1043 383 1122; x_wconf 86' lang='lat' dir='ltr'><strong>fit,</strong></span> <span class='ocrx_word' id='word_1_68' title='bbox 399 1052 435 1106; x_wconf 88' lang='lat' dir='ltr'><strong>ut</strong></span> <span class='ocrx_word' id='word_1_69' title='bbox 449 1044 476 1106; x_wconf 91' lang='lat' dir='ltr'><strong>si</strong></span> <span class='ocrx_word' id='word_1_70' title='bbox 490 1041 717 1104; x_wconf 75' lang='lat' dir='ltr'><strong>contrahentes</strong></span> <span class='ocrx_word' id='word_1_71' title='bbox 741 1040 887 1117; x_wconf 87' lang='lat' dir='ltr'><strong>scientes,</strong></span> <span class='ocrx_word' id='word_1_72' title='bbox 914 1037 1153 1122; x_wconf 78' lang='lat' dir='ltr'><strong>prudentesque</strong></span> <span class='ocrx_word' id='word_1_73' title='bbox 1182 1037 1425 1103; x_wconf 77' lang='lat' dir='ltr'><strong>matrimonium</strong></span> 
     </span>
    </p>

    <p class='ocr_par' dir='ltr' id='par_1_3' title="bbox 28 1127 1455 3077">
     <span class='ocr_line' id='line_1_8' title="bbox 121 1127 1455 1233; baseline -0.004 -17"><span class='ocrx_word' id='word_1_74' title='bbox 121 1153 347 1232; x_wconf 79' lang='lat' dir='ltr'><strong>contraxerint,</strong></span> <span class='ocrx_word' id='word_1_75' title='bbox 363 1163 421 1215; x_wconf 84' lang='lat' dir='ltr'><strong>aut</strong></span> <span class='ocrx_word' id='word_1_76' title='bbox 449 1146 634 1233; x_wconf 79' lang='lat' dir='ltr'><strong>ignorantes</strong></span> <span class='ocrx_word' id='word_1_77' title='bbox 648 1145 781 1230; x_wconf 83' lang='lat' dir='ltr'><strong>quidem</strong></span> <span class='ocrx_word' id='word_1_78' title='bbox 809 1149 1036 1228; x_wconf 78' lang='lat' dir='ltr'><strong>contraxerint,</strong></span> <span class='ocrx_word' id='word_1_79' title='bbox 1053 1147 1110 1211; x_wconf 88' lang='lat' dir='ltr'><strong>sed</strong></span> <span class='ocrx_word' id='word_1_80' title='bbox 1139 1155 1211 1229; x_wconf 90' lang='lat' dir='ltr'><strong>post</strong></span> <span class='ocrx_word' id='word_1_81' title='bbox 1224 1157 1425 1211; x_wconf 89' lang='lat' dir='ltr'><strong>contractum</strong></span> <span class='ocrx_word' id='word_1_82' title='bbox 1450 1127 1455 1138; x_wconf 48' lang='lat'>⁸</span> 
     </span>
     <span class='ocr_line' id='line_1_9' title="bbox 121 1255 1426 1343; baseline 0 -22"><span class='ocrx_word' id='word_1_83' title='bbox 121 1257 351 1341; x_wconf 68' lang='lat' dir='ltr'><strong>adquieverint,</strong></span> <span class='ocrx_word' id='word_1_84' title='bbox 377 1260 449 1343; x_wconf 88' lang='lat' dir='ltr'><strong>jure</strong></span> <span class='ocrx_word' id='word_1_85' title='bbox 478 1257 612 1339; x_wconf 87' lang='lat' dir='ltr'><strong>antiquo</strong></span> <span class='ocrx_word' id='word_1_86' title='bbox 641 1255 864 1322; x_wconf 87' lang='lat' dir='ltr'><strong>Decretalinm</strong></span> <span class='ocrx_word' id='word_1_87' title='bbox 893 1277 957 1321; x_wconf 92' lang='lat' dir='ltr'><strong>non</strong></span> <span class='ocrx_word' id='word_1_88' title='bbox 988 1257 1247 1335; x_wconf 77' lang='lat' dir='ltr'><strong>dissociarentur,</strong></span> <span class='ocrx_word' id='word_1_89' title='bbox 1276 1255 1426 1323; x_wconf 83' lang='lat' dir='ltr'><strong>dommo·</strong></span> 
     </span>
     <span class='ocr_line' id='line_1_10' title="bbox 121 1361 1425 1451; baseline 0.001 -21"><span class='ocrx_word' id='word_1_90' title='bbox 121 1367 161 1432; x_wconf 92' lang='lat' dir='ltr'><strong>do</strong></span> <span class='ocrx_word' id='word_1_91' title='bbox 173 1379 337 1451; x_wconf 86' lang='lat' dir='ltr'><strong>tanquam</strong></span> <span class='ocrx_word' id='word_1_92' title='bbox 365 1365 505 1447; x_wconf 84' lang='lat' dir='ltr'><strong>fratrem,</strong></span> <span class='ocrx_word' id='word_1_93' title='bbox 536 1375 569 1430; x_wconf 91' lang='lat' dir='ltr'><strong>et</strong></span> <span class='ocrx_word' id='word_1_94' title='bbox 596 1381 734 1430; x_wconf 87' lang='lat' dir='ltr'><strong>sororem</strong></span> <span class='ocrx_word' id='word_1_95' title='bbox 765 1366 906 1430; x_wconf 76' lang='lat' dir='ltr'><strong>invicem</strong></span> <span class='ocrx_word' id='word_1_96' title='bbox 935 1383 971 1428; x_wconf 89' lang='lat' dir='ltr'><strong>so</strong></span> <span class='ocrx_word' id='word_1_97' title='bbox 999 1365 1163 1443; x_wconf 86' lang='lat' dir='ltr'><strong>haberent,</strong></span> <span class='ocrx_word' id='word_1_98' title='bbox 1193 1361 1280 1427; x_wconf 87' lang='lat' dir='ltr'><strong>dicto</strong></span> <span class='ocrx_word' id='word_1_99' title='bbox 1308 1366 1425 1447; x_wconf 71' lang='lat' dir='ltr'><strong>capit.</strong></span> 
     </span>
     <span class='ocr_line' id='line_1_11' title="bbox 119 1471 1425 1562; baseline -0.002 -21"><span class='ocrx_word' id='word_1_100' title='bbox 119 1495 184 1562; x_wconf 87' lang='lat' dir='ltr'><strong>cap.</strong></span> <span class='ocrx_word' id='word_1_101' title='bbox 199 1479 229 1541; x_wconf 86' lang='lat' dir='ltr'><strong>t.</strong></span> <span class='ocrx_word' id='word_1_102' title='bbox 246 1488 283 1540; x_wconf 90' lang='lat' dir='ltr'><strong>et</strong></span> <span class='ocrx_word' id='word_1_103' title='bbox 296 1478 326 1541; x_wconf 83' lang='lat'><strong>5.</strong></span> <span class='ocrx_word' id='word_1_104' title='bbox 342 1477 382 1540; x_wconf 90' lang='lat' dir='ltr'><strong>de</strong></span> <span class='ocrx_word' id='word_1_105' title='bbox 407 1475 521 1560; x_wconf 78' lang='lat' dir='ltr'><strong>frigid,</strong></span> <span class='ocrx_word' id='word_1_106' title='bbox 536 1495 608 1540; x_wconf 89' lang='lat' dir='ltr'><strong>can.</strong></span> <span class='ocrx_word' id='word_1_107' title='bbox 623 1478 653 1540; x_wconf 79' lang='lat'><strong>2.</strong></span> <span class='ocrx_word' id='word_1_108' title='bbox 668 1495 758 1540; x_wconf 89' lang='lat' dir='ltr'><strong>caus.</strong></span> <span class='ocrx_word' id='word_1_109' title='bbox 773 1475 823 1539; x_wconf 65' lang='lat'><strong>23</strong></span> <span class='ocrx_word' id='word_1_110' title='bbox 850 1483 975 1558; x_wconf 85' lang='lat' dir='ltr'><strong>quaest.</strong></span> <span class='ocrx_word' id='word_1_111' title='bbox 993 1475 1030 1554; x_wconf 92' lang='lat' dir='ltr'><strong>l.,</strong></span> <span class='ocrx_word' id='word_1_112' title='bbox 1044 1493 1115 1557; x_wconf 91' lang='lat' dir='ltr'><strong>cap.</strong></span> <span class='ocrx_word' id='word_1_113' title='bbox 1132 1473 1188 1538; x_wconf 91' lang='lat' dir='ltr'><strong>ult.</strong></span> <span class='ocrx_word' id='word_1_114' title='bbox 1203 1472 1245 1536; x_wconf 90' lang='lat' dir='ltr'><strong>da</strong></span> <span class='ocrx_word' id='word_1_115' title='bbox 1259 1471 1373 1555; x_wconf 82' lang='lat' dir='ltr'><strong>frigid,</strong></span> <span class='ocrx_word' id='word_1_116' title='bbox 1389 1471 1425 1539; x_wconf 88' lang='lat' dir='ltr'><strong>in</strong></span> 
     </span>
     <span class='ocr_line' id='line_1_12' title="bbox 122 1584 1425 1668; baseline 0 -18"><span class='ocrx_word' id='word_1_117' title='bbox 122 1589 146 1650; x_wconf 92' lang='lat'><strong>1.</strong></span> <span class='ocrx_word' id='word_1_118' title='bbox 173 1585 303 1650; x_wconf 89' lang='lat' dir='ltr'><strong>collect.</strong></span> <span class='ocrx_word' id='word_1_119' title='bbox 345 1584 491 1657; x_wconf 76' lang='lat' dir='ltr'><strong>Qtrando</strong></span> <span class='ocrx_word' id='word_1_120' title='bbox 519 1604 594 1649; x_wconf 89' lang='lat' dir='ltr'><strong>vero</strong></span> <span class='ocrx_word' id='word_1_121' title='bbox 608 1584 793 1667; x_wconf 85' lang='lat' dir='ltr'><strong>contingere</strong></span> <span class='ocrx_word' id='word_1_122' title='bbox 808 1585 919 1668; x_wconf 91' lang='lat' dir='ltr'><strong>coepit,</strong></span> <span class='ocrx_word' id='word_1_123' title='bbox 948 1595 984 1648; x_wconf 92' lang='lat' dir='ltr'><strong>ut</strong></span> <span class='ocrx_word' id='word_1_124' title='bbox 997 1585 1043 1648; x_wconf 87' lang='lat' dir='ltr'><strong>ita</strong></span> <span class='ocrx_word' id='word_1_125' title='bbox 1057 1585 1283 1650; x_wconf 81' lang='lat' dir='ltr'><strong>contrahentes</strong></span> <span class='ocrx_word' id='word_1_126' title='bbox 1297 1605 1336 1648; x_wconf 91' lang='lat' dir='ltr'><strong>ea</strong></span> <span class='ocrx_word' id='word_1_127' title='bbox 1349 1603 1425 1650; x_wconf 90' lang='lat' dir='ltr'><strong>con·</strong></span> 
     </span>
     <span class='ocr_line' id='line_1_13' title="bbox 117 1682 1424 1778; baseline 0 -22"><span class='ocrx_word' id='word_1_128' title='bbox 117 1695 192 1777; x_wconf 86' lang='lat' dir='ltr'><strong>jngii</strong></span> <span class='ocrx_word' id='word_1_129' title='bbox 209 1697 322 1778; x_wconf 88' lang='lat' dir='ltr'><strong>specie</strong></span> <span class='ocrx_word' id='word_1_130' title='bbox 336 1694 551 1772; x_wconf 87' lang='lat' dir='ltr'><strong>abuterentur,</strong></span> <span class='ocrx_word' id='word_1_131' title='bbox 566 1693 652 1756; x_wconf 90' lang='lat' dir='ltr'><strong>bona</strong></span> <span class='ocrx_word' id='word_1_132' title='bbox 667 1691 793 1756; x_wconf 87' lang='lat' dir='ltr'><strong>occasio</strong></span> <span class='ocrx_word' id='word_1_133' title='bbox 807 1689 869 1756; x_wconf 85' lang='lat' dir='ltr'><strong>fuit</strong></span> <span class='ocrx_word' id='word_1_134' title='bbox 883 1691 1166 1775; x_wconf 87' lang='lat' dir='ltr'><strong>Legnmlatoribus</strong></span> <span class='ocrx_word' id='word_1_135' title='bbox 1180 1682 1424 1776; x_wconf 89' lang='lat' dir='ltr'><strong>conjunctiones</strong></span> 
     </span>
     <span class='ocr_line' id='line_1_14' title="bbox 120 1797 1450 1882; baseline -0.001 -18"><span class='ocrx_word' id='word_1_136' title='bbox 120 1801 187 1866; x_wconf 88' lang='lat' dir='ltr'><strong>illas</strong></span> <span class='ocrx_word' id='word_1_137' title='bbox 201 1799 416 1866; x_wconf 85' lang='lat' dir='ltr'><strong>dissolvendi.</strong></span> <span class='ocrx_word' id='word_1_138' title='bbox 443 1799 515 1864; x_wconf 83' lang='lat' dir='ltr'><strong>Hac</strong></span> <span class='ocrx_word' id='word_1_139' title='bbox 529 1799 571 1863; x_wconf 90' lang='lat' dir='ltr'><strong>de</strong></span> <span class='ocrx_word' id='word_1_140' title='bbox 584 1817 686 1864; x_wconf 87' lang='lat' dir='ltr'><strong>causa</strong></span> <span class='ocrx_word' id='word_1_141' title='bbox 700 1799 834 1864; x_wconf 88' lang='lat' dir='ltr'><strong>omnino</strong></span> <span class='ocrx_word' id='word_1_142' title='bbox 848 1797 1019 1862; x_wconf 85' lang='lat' dir='ltr'><strong>damnavit</strong></span> <span class='ocrx_word' id='word_1_143' title='bbox 1032 1797 1258 1862; x_wconf 89' lang='lat' dir='ltr'><strong>eunuchorum</strong></span> <span class='ocrx_word' id='word_1_144' title='bbox 1272 1799 1425 1882; x_wconf 86' lang='lat' dir='ltr'><strong>conjugia</strong></span> <span class='ocrx_word' id='word_1_145' title='bbox 1445 1822 1450 1834; x_wconf 68' lang='lat'>¹</span> 
     </span>
     <span class='ocr_line' id='line_1_15' title="bbox 120 1905 1424 1992; baseline -0.003 -18"><span class='ocrx_word' id='word_1_146' title='bbox 120 1908 181 1974; x_wconf 87' lang='lat' dir='ltr'><strong>Leo</strong></span> <span class='ocrx_word' id='word_1_147' title='bbox 196 1909 422 1992; x_wconf 82' lang='lat' dir='ltr'><strong>Philosophus</strong></span> <span class='ocrx_word' id='word_1_148' title='bbox 437 1907 470 1972; x_wconf 91' lang='lat' dir='ltr'><strong>in</strong></span> <span class='ocrx_word' id='word_1_149' title='bbox 485 1906 625 1972; x_wconf 83' lang='lat' dir='ltr'><strong>Novella</strong></span> <span class='ocrx_word' id='word_1_150' title='bbox 639 1923 700 1970; x_wconf 87' lang='lat' dir='ltr'><strong>sua</strong></span> <span class='ocrx_word' id='word_1_151' title='bbox 712 1907 773 1987; x_wconf 81' lang='lat'><strong>98,</strong></span> <span class='ocrx_word' id='word_1_152' title='bbox 784 1907 877 1990; x_wconf 88' lang='lat' dir='ltr'><strong>cnjus</strong></span> <span class='ocrx_word' id='word_1_153' title='bbox 889 1905 1039 1990; x_wconf 88' lang='lat' dir='ltr'><strong>exemplo</strong></span> <span class='ocrx_word' id='word_1_154' title='bbox 1045 1905 1317 1970; x_wconf 86' lang='lat' dir='ltr'><strong>consuetudinem</strong></span> <span class='ocrx_word' id='word_1_155' title='bbox 1329 1923 1424 1970; x_wconf 87' lang='lat' dir='ltr'><strong>suam</strong></span> 
     </span>
     <span class='ocr_line' id='line_1_16' title="bbox 28 2013 1452 2103; baseline 0.004 -27"><span class='ocrx_word' id='word_1_156' title='bbox 28 2047 29 2050; x_wconf 18' lang='grc' dir='ltr'>π</span> <span class='ocrx_word' id='word_1_157' title='bbox 120 2013 248 2080; x_wconf 85' lang='lat' dir='ltr'><strong>induxit</strong></span> <span class='ocrx_word' id='word_1_158' title='bbox 264 2013 415 2078; x_wconf 78' lang='lat' dir='ltr'><strong>Ecclesia</strong></span> <span class='ocrx_word' id='word_1_159' title='bbox 444 2014 615 2078; x_wconf 81' lang='lat' dir='ltr'><strong>Gallicana</strong></span> <span class='ocrx_word' id='word_1_160' title='bbox 629 2016 672 2079; x_wconf 91' lang='lat' dir='ltr'><strong>ab</strong></span> <span class='ocrx_word' id='word_1_161' title='bbox 700 2014 888 2079; x_wconf 80' lang='lat' dir='ltr'><strong>Alexandro</strong></span> <span class='ocrx_word' id='word_1_162' title='bbox 917 2015 975 2086; x_wconf 77' lang='lat'>111.</span> <span class='ocrx_word' id='word_1_163' title='bbox 991 2015 1241 2098; x_wconf 82' lang='lat' dir='ltr'><strong>comprobatam,</strong></span> <span class='ocrx_word' id='word_1_164' title='bbox 1255 2015 1423 2103; x_wconf 88' lang='lat' dir='ltr'><strong>dictocap.</strong></span> <span class='ocrx_word' id='word_1_165' title='bbox 1445 2037 1452 2054; x_wconf 93' lang='lat'><strong>·</strong></span> 
     </span>
     <span class='ocr_line' id='line_1_17' title="bbox 119 2117 1424 2210; baseline 0.004 -23"><span class='ocrx_word' id='word_1_166' title='bbox 119 2125 145 2187; x_wconf 77' lang='grc'><strong>2.</strong></span> <span class='ocrx_word' id='word_1_167' title='bbox 160 2124 200 2187; x_wconf 90' lang='lat' dir='ltr'><strong>de</strong></span> <span class='ocrx_word' id='word_1_168' title='bbox 215 2122 335 2207; x_wconf 82' lang='lat' dir='ltr'><strong>trigid,</strong></span> <span class='ocrx_word' id='word_1_169' title='bbox 361 2122 449 2206; x_wconf 86' lang='lat' dir='ltr'><strong>quod</strong></span> <span class='ocrx_word' id='word_1_170' title='bbox 478 2141 557 2185; x_wconf 90' lang='lat' dir='ltr'><strong>sane</strong></span> <span class='ocrx_word' id='word_1_171' title='bbox 585 2117 748 2204; x_wconf 74' lang='lat' dir='ltr'><strong>conforme</strong></span> <span class='ocrx_word' id='word_1_172' title='bbox 776 2135 854 2210; x_wconf 40' lang='lat' dir='ltr'><strong>erat·</strong></span> <span class='ocrx_word' id='word_1_173' title='bbox 872 2119 922 2188; x_wconf 77' lang='grc'><strong>8.·</strong></span> <span class='ocrx_word' id='word_1_174' title='bbox 941 2125 1118 2207; x_wconf 81' lang='lat' dir='ltr'><strong>Augustini</strong></span> <span class='ocrx_word' id='word_1_175' title='bbox 1147 2126 1424 2209; x_wconf 83' lang='lat' dir='ltr'><strong>praeceptionibus</strong></span> 
     </span>
     <span class='ocr_line' id='line_1_18' title="bbox 28 2229 1423 2320; baseline 0.001 -24"><span class='ocrx_word' id='word_1_176' title='bbox 28 2311 29 2320; x_wconf 8' lang='grc' dir='ltr'>ἵ</span> <span class='ocrx_word' id='word_1_177' title='bbox 120 2233 201 2316; x_wconf 88' lang='lat' dir='ltr'><strong>apud</strong></span> <span class='ocrx_word' id='word_1_178' title='bbox 217 2233 359 2298; x_wconf 83' lang='lat' dir='ltr'><strong>ivonem</strong></span> <span class='ocrx_word' id='word_1_179' title='bbox 372 2231 491 2296; x_wconf 87' lang='lat' dir='ltr'><strong>decreti</strong></span> <span class='ocrx_word' id='word_1_180' title='bbox 505 2229 639 2313; x_wconf 69' lang='lat' dir='ltr'><strong>portel.</strong></span> <span class='ocrx_word' id='word_1_181' title='bbox 655 2249 726 2316; x_wconf 90' lang='lat' dir='ltr'><strong>cap.</strong></span> <span class='ocrx_word' id='word_1_182' title='bbox 741 2232 792 2294; x_wconf 76' lang='grc'><strong>82.</strong></span> <span class='ocrx_word' id='word_1_183' title='bbox 837 2229 893 2296; x_wconf 90' lang='lat' dir='ltr'><strong>Nil</strong></span> <span class='ocrx_word' id='word_1_184' title='bbox 911 2239 1078 2314; x_wconf 88' lang='lat' dir='ltr'><strong>propterea</strong></span> <span class='ocrx_word' id='word_1_185' title='bbox 1102 2231 1221 2296; x_wconf 87' lang='lat' dir='ltr'><strong>mirum</strong></span> <span class='ocrx_word' id='word_1_186' title='bbox 1235 2250 1306 2295; x_wconf 85' lang='lat' dir='ltr'><strong>esse</strong></span> <span class='ocrx_word' id='word_1_187' title='bbox 1320 2233 1423 2316; x_wconf 91' lang='lat' dir='ltr'><strong>debet,</strong></span> 
     </span>
     <span class='ocr_line' id='line_1_19' title="bbox 28 2336 1424 2425; baseline 0.003 -25"><span class='ocrx_word' id='word_1_188' title='bbox 28 2347 29 2360; x_wconf 63' lang='lat'>¹</span> <span class='ocrx_word' id='word_1_189' title='bbox 119 2339 145 2402; x_wconf 87' lang='lat' dir='ltr'><strong>si</strong></span> <span class='ocrx_word' id='word_1_190' title='bbox 171 2339 407 2403; x_wconf 81' lang='lat' dir='ltr'><strong>recentioribus</strong></span> <span class='ocrx_word' id='word_1_191' title='bbox 435 2336 583 2418; x_wconf 88' lang='lat' dir='ltr'><strong>saeculis,</strong></span> <span class='ocrx_word' id='word_1_192' title='bbox 612 2338 728 2402; x_wconf 80' lang='lat' dir='ltr'><strong>Sixtus</strong></span> <span class='ocrx_word' id='word_1_193' title='bbox 756 2337 795 2404; x_wconf 86' lang='lat' dir='ltr'><strong>V.</strong></span> <span class='ocrx_word' id='word_1_194' title='bbox 811 2338 845 2402; x_wconf 91' lang='lat' dir='ltr'><strong>in</strong></span> <span class='ocrx_word' id='word_1_195' title='bbox 874 2336 1018 2420; x_wconf 88' lang='lat' dir='ltr'><strong>quodam</strong></span> <span class='ocrx_word' id='word_1_196' title='bbox 1047 2350 1137 2404; x_wconf 88' lang='lat' dir='ltr'><strong>motu</strong></span> <span class='ocrx_word' id='word_1_197' title='bbox 1167 2339 1300 2422; x_wconf 91' lang='lat' dir='ltr'><strong>proprio,</strong></span> <span class='ocrx_word' id='word_1_198' title='bbox 1330 2341 1424 2425; x_wconf 88' lang='lat' dir='ltr'><strong>cnjus</strong></span> 
     </span>
     <span class='ocr_line' id='line_1_20' title="bbox 120 2444 1423 2533; baseline 0.005 -23"><span class='ocrx_word' id='word_1_199' title='bbox 120 2445 213 2514; x_wconf 72' lang='lat' dir='ltr'><strong>rerba</strong></span> <span class='ocrx_word' id='word_1_200' title='bbox 227 2448 383 2513; x_wconf 86' lang='lat' dir='ltr'><strong>describit</strong></span> <span class='ocrx_word' id='word_1_201' title='bbox 404 2445 554 2512; x_wconf 73' lang='lat' dir='ltr'><strong>Senehm</strong></span> <span class='ocrx_word' id='word_1_202' title='bbox 569 2444 637 2510; x_wconf 89' lang='lat' dir='ltr'><strong>libr.</strong></span> <span class='ocrx_word' id='word_1_203' title='bbox 653 2447 683 2510; x_wconf 86' lang='grc'><strong>7.</strong></span> <span class='ocrx_word' id='word_1_204' title='bbox 699 2446 741 2510; x_wconf 92' lang='lat' dir='ltr'><strong>de</strong></span> <span class='ocrx_word' id='word_1_205' title='bbox 765 2445 1005 2530; x_wconf 86' lang='lat' dir='ltr'><strong>impedimentis</strong></span> <span class='ocrx_word' id='word_1_206' title='bbox 1029 2447 1223 2514; x_wconf 82' lang='lat' dir='ltr'><strong>matrimonii</strong></span> <span class='ocrx_word' id='word_1_207' title='bbox 1237 2447 1355 2533; x_wconf 89' lang='lat' dir='ltr'><strong>disput.</strong></span> <span class='ocrx_word' id='word_1_208' title='bbox 1371 2451 1423 2516; x_wconf 72' lang='grc'><strong>92.</strong></span> 
     </span>
     <span class='ocr_line' id='line_1_21' title="bbox 28 2551 1422 2642; baseline 0.001 -20"><span class='ocrx_word' id='word_1_209' title='bbox 28 2551 29 2606; x_wconf 77' lang='lat'>3</span> <span class='ocrx_word' id='word_1_210' title='bbox 119 2577 148 2622; x_wconf 91' lang='lat' dir='ltr'><strong>n.</strong></span> <span class='ocrx_word' id='word_1_211' title='bbox 164 2559 388 2642; x_wconf 74' lang='lat' dir='ltr'><strong>17..disput&#39;st.</strong></span> <span class='ocrx_word' id='word_1_212' title='bbox 404 2558 455 2622; x_wconf 81' lang='lat' dir='ltr'><strong>et.</strong></span> <span class='ocrx_word' id='word_1_213' title='bbox 470 2575 501 2622; x_wconf 90' lang='lat' dir='ltr'><strong>n.</strong></span> <span class='ocrx_word' id='word_1_214' title='bbox 517 2559 558 2632; x_wconf 82' lang='grc'><strong>5.,</strong></span> <span class='ocrx_word' id='word_1_215' title='bbox 573 2573 696 2621; x_wconf 80' lang='lat' dir='ltr'><strong>noveru</strong></span> <span class='ocrx_word' id='word_1_216' title='bbox 706 2557 890 2638; x_wconf 78' lang='lat' dir='ltr'><strong>generalem</strong></span> <span class='ocrx_word' id='word_1_217' title='bbox 905 2557 1015 2620; x_wconf 86' lang='lat' dir='ltr'><strong>invehi</strong></span> <span class='ocrx_word' id='word_1_218' title='bbox 1029 2557 1236 2640; x_wconf 86' lang='lat' dir='ltr'><strong>disciplinam</strong></span> <span class='ocrx_word' id='word_1_219' title='bbox 1250 2557 1422 2624; x_wconf 83' lang='lat' dir='ltr'><strong>adamave-</strong></span> 
     </span>
     <span class='ocr_line' id='line_1_22' title="bbox 28 2639 1425 2753; baseline 0.005 -27"><span class='ocrx_word' id='word_1_220' title='bbox 28 2639 29 2718; x_wconf 62' lang='grc' dir='ltr'>Ῐ</span> <span class='ocrx_word' id='word_1_221' title='bbox 119 2665 163 2744; x_wconf 92' lang='lat' dir='ltr'><strong>rit,</strong></span> <span class='ocrx_word' id='word_1_222' title='bbox 177 2675 210 2728; x_wconf 89' lang='lat' dir='ltr'><strong>et</strong></span> <span class='ocrx_word' id='word_1_223' title='bbox 224 2665 381 2746; x_wconf 88' lang='lat' dir='ltr'><strong>abrogato</strong></span> <span class='ocrx_word' id='word_1_224' title='bbox 395 2677 502 2728; x_wconf 88' lang='lat' dir='ltr'><strong>vetere</strong></span> <span class='ocrx_word' id='word_1_225' title='bbox 516 2683 604 2729; x_wconf 89' lang='lat' dir='ltr'><strong>more</strong></span> <span class='ocrx_word' id='word_1_226' title='bbox 619 2664 786 2730; x_wconf 79' lang='lat' dir='ltr'><strong>Ecclesiae</strong></span> <span class='ocrx_word' id='word_1_227' title='bbox 811 2665 979 2729; x_wconf 81' lang='lat' dir='ltr'><strong>Romanae</strong></span> <span class='ocrx_word' id='word_1_228' title='bbox 994 2665 1160 2730; x_wconf 78' lang='lat' dir='ltr'><strong>dissiciari</strong></span> <span class='ocrx_word' id='word_1_229' title='bbox 1174 2669 1327 2753; x_wconf 82' lang='lat' dir='ltr'><strong>conjuges</strong></span> <span class='ocrx_word' id='word_1_230' title='bbox 1342 2671 1425 2753; x_wconf 85' lang='lat' dir='ltr'><strong>ejus·</strong></span> 
     </span>
     <span class='ocr_line' id='line_1_23' title="bbox 28 2773 1427 2860; baseline 0.005 -23"><span class='ocrx_word' id='word_1_231' title='bbox 28 2831 29 2856; x_wconf 53' lang='lat'><strong>,</strong></span> <span class='ocrx_word' id='word_1_232' title='bbox 120 2773 203 2838; x_wconf 88' lang='lat' dir='ltr'><strong>modi</strong></span> <span class='ocrx_word' id='word_1_233' title='bbox 217 2773 368 2854; x_wconf 82' lang='lat' dir='ltr'><strong>voluerit,</strong></span> <span class='ocrx_word' id='word_1_234' title='bbox 384 2784 423 2838; x_wconf 79' lang='lat' dir='ltr'><strong>u‘t</strong></span> <span class='ocrx_word' id='word_1_235' title='bbox 435 2774 581 2858; x_wconf 88' lang='lat' dir='ltr'><strong>turpibus</strong></span> <span class='ocrx_word' id='word_1_236' title='bbox 599 2774 882 2858; x_wconf 86' lang='lat' dir='ltr'><strong>conjunctionibus</strong></span> <span class='ocrx_word' id='word_1_237' title='bbox 905 2775 968 2838; x_wconf 89' lang='lat' dir='ltr'><strong>snb</strong></span> <span class='ocrx_word' id='word_1_238' title='bbox 992 2791 1033 2837; x_wconf 87' lang='lat' dir='ltr'><strong>ea</strong></span> <span class='ocrx_word' id='word_1_239' title='bbox 1046 2775 1241 2840; x_wconf 86' lang='lat' dir='ltr'><strong>matrimonii</strong></span> <span class='ocrx_word' id='word_1_240' title='bbox 1252 2779 1357 2860; x_wconf 84' lang='lat' dir='ltr'><strong>specie</strong></span> <span class='ocrx_word' id='word_1_241' title='bbox 1372 2795 1427 2844; x_wconf 86' lang='lat' dir='ltr'><strong>su·</strong></span> 
     </span>
     <span class='ocr_line' id='line_1_24' title="bbox 28 2865 1427 2968; baseline 0.003 -23"><span class='ocrx_word' id='word_1_242' title='bbox 28 2865 29 2928; x_wconf 69' lang='grc' dir='ltr'>ἶ</span> <span class='ocrx_word' id='word_1_243' title='bbox 120 2882 258 2948; x_wconf 81' lang='lat' dir='ltr'><strong>beandis</strong></span> <span class='ocrx_word' id='word_1_244' title='bbox 271 2883 379 2946; x_wconf 86' lang='lat' dir='ltr'><strong>omnis</strong></span> <span class='ocrx_word' id='word_1_245' title='bbox 391 2883 536 2947; x_wconf 87' lang='lat' dir='ltr'><strong>occassio</strong></span> <span class='ocrx_word' id='word_1_246' title='bbox 549 2881 817 2967; x_wconf 80' lang='lat' dir='ltr'><strong>praecluderetur.</strong></span> <span class='ocrx_word' id='word_1_247' title='bbox 839 2865 1064 2954; x_wconf 80' lang='lat' dir='ltr'><strong>Quamobrem</strong></span> <span class='ocrx_word' id='word_1_248' title='bbox 1078 2881 1174 2952; x_wconf 88' lang='lat' dir='ltr'><strong>hodie</strong></span> <span class='ocrx_word' id='word_1_249' title='bbox 1189 2885 1310 2966; x_wconf 85' lang='lat' dir='ltr'><strong>passim</strong></span> <span class='ocrx_word' id='word_1_250' title='bbox 1320 2903 1427 2968; x_wconf 88' lang='lat' dir='ltr'><strong>recep·</strong></span> 
     </span>
     <span class='ocr_line' id='line_1_25' title="bbox 121 2990 1425 3077; baseline 0.004 -22"><span class='ocrx_word' id='word_1_251' title='bbox 121 3001 187 3058; x_wconf 86' lang='lat' dir='ltr'><strong>tum</strong></span> <span class='ocrx_word' id='word_1_252' title='bbox 200 3004 261 3071; x_wconf 83' lang='lat' dir='ltr'><strong>eet,</strong></span> <span class='ocrx_word' id='word_1_253' title='bbox 273 3003 365 3055; x_wconf 87' lang='lat' dir='ltr'><strong>utne</strong></span> <span class='ocrx_word' id='word_1_254' title='bbox 380 2991 524 3055; x_wconf 81' lang='lat' dir='ltr'><strong>volentes</strong></span> <span class='ocrx_word' id='word_1_255' title='bbox 538 2991 728 3074; x_wconf 86' lang='lat' dir='ltr'><strong>quidemed</strong></span> <span class='ocrx_word' id='word_1_256' title='bbox 755 2990 977 3056; x_wconf 85' lang='lat' dir='ltr'><strong>contrahenda</strong></span> <span class='ocrx_word' id='word_1_257' title='bbox 991 2992 1142 3077; x_wconf 86' lang='lat' dir='ltr'><strong>conjugia</strong></span> <span class='ocrx_word' id='word_1_258' title='bbox 1157 2991 1376 3074; x_wconf 88' lang='lat' dir='ltr'><strong>admittantur,</strong></span> <span class='ocrx_word' id='word_1_259' title='bbox 1392 3003 1425 3060; x_wconf 90' lang='lat' dir='ltr'><strong>et</strong></span> 
     </span>
    </p>
   </div>
   <div class='ocr_carea' id='block_1_3' title="bbox 28 3099 1425 3402">
    <p class='ocr_par' dir='ltr' id='par_1_4' title="bbox 28 3099 1425 3404">
     <span class='ocr_line' id='line_1_26' title="bbox 28 3099 1424 3182; baseline 0.005 -21"><span class='ocrx_word' id='word_1_260' title='bbox 28 3137 29 3176; x_wconf 72' lang='lat'><strong>,</strong></span> <span class='ocrx_word' id='word_1_261' title='bbox 120 3099 254 3164; x_wconf 70' lang='lat' dir='ltr'><strong>admissi</strong></span> <span class='ocrx_word' id='word_1_262' title='bbox 269 3099 490 3179; x_wconf 83' lang='lat' dir='ltr'><strong>dissocientur,</strong></span> <span class='ocrx_word' id='word_1_263' title='bbox 504 3100 570 3182; x_wconf 82' lang='lat' dir='ltr'><strong>qui,</strong></span> <span class='ocrx_word' id='word_1_264' title='bbox 585 3111 643 3166; x_wconf 89' lang='lat' dir='ltr'><strong>ant</strong></span> <span class='ocrx_word' id='word_1_265' title='bbox 657 3117 797 3182; x_wconf 81' lang='lat' dir='ltr'><strong>quorum</strong></span> <span class='ocrx_word' id='word_1_266' title='bbox 812 3099 963 3164; x_wconf 89' lang='lat' dir='ltr'><strong>alteruter</strong></span> <span class='ocrx_word' id='word_1_267' title='bbox 975 3117 1015 3164; x_wconf 89' lang='lat' dir='ltr'><strong>eo</strong></span> <span class='ocrx_word' id='word_1_268' title='bbox 1028 3100 1107 3163; x_wconf 86' lang='lat' dir='ltr'><strong>vitio</strong></span> <span class='ocrx_word' id='word_1_269' title='bbox 1121 3100 1164 3163; x_wconf 88' lang='lat' dir='ltr'><strong>sit</strong></span> <span class='ocrx_word' id='word_1_270' title='bbox 1177 3099 1321 3166; x_wconf 81' lang='lat' dir='ltr'><strong>effectus.</strong></span> <span class='ocrx_word' id='word_1_271' title='bbox 1343 3105 1424 3174; x_wconf 83' lang='lat' dir='ltr'><strong>Qua</strong></span> 
     </span>
     <span class='ocr_line' id='line_1_27' title="bbox 28 3207 1424 3295; baseline 0.006 -24"><span class='ocrx_word' id='word_1_272' title='bbox 28 3251 29 3256; x_wconf 19' lang='grc' dir='ltr'><strong>κ</strong></span> <span class='ocrx_word' id='word_1_273' title='bbox 121 3217 225 3295; x_wconf 79' lang='lat' dir='ltr'><strong>tmen</strong></span> <span class='ocrx_word' id='word_1_274' title='bbox 242 3210 278 3272; x_wconf 91' lang='lat' dir='ltr'><strong>in</strong></span> <span class='ocrx_word' id='word_1_275' title='bbox 294 3227 327 3272; x_wconf 89' lang='lat' dir='ltr'><strong>re</strong></span> <span class='ocrx_word' id='word_1_276' title='bbox 341 3225 472 3272; x_wconf 89' lang='lat' dir='ltr'><strong>summa</strong></span> <span class='ocrx_word' id='word_1_277' title='bbox 485 3225 570 3291; x_wconf 90' lang='lat' dir='ltr'><strong>opus</strong></span> <span class='ocrx_word' id='word_1_278' title='bbox 581 3220 631 3270; x_wconf 85' lang='lat' dir='ltr'><strong>est</strong></span> <span class='ocrx_word' id='word_1_279' title='bbox 639 3207 742 3293; x_wconf 85' lang='lat' dir='ltr'><strong>judici</strong></span> <span class='ocrx_word' id='word_1_280' title='bbox 757 3209 937 3292; x_wconf 88' lang='lat' dir='ltr'><strong>prudentia,</strong></span> <span class='ocrx_word' id='word_1_281' title='bbox 967 3209 997 3272; x_wconf 86' lang='lat' dir='ltr'><strong>si</strong></span> <span class='ocrx_word' id='word_1_282' title='bbox 1010 3221 1126 3293; x_wconf 84' lang='lat' dir='ltr'><strong>agatur</strong></span> <span class='ocrx_word' id='word_1_283' title='bbox 1154 3208 1195 3273; x_wconf 89' lang='lat' dir='ltr'><strong>de</strong></span> <span class='ocrx_word' id='word_1_284' title='bbox 1224 3215 1424 3294; x_wconf 88' lang='lat' dir='ltr'><strong>separatione</strong></span> 
     </span>
     <span class='ocr_line' id='line_1_28' title="bbox 122 3317 1425 3402; baseline 0.005 -21.529"><span class='ocrx_word' id='word_1_285' title='bbox 122 3328 189 3398; x_wconf 83' lang='lat' dir='ltr'><strong>post</strong></span> <span class='ocrx_word' id='word_1_286' title='bbox 198 3327 403 3382; x_wconf 87' lang='lat' dir='ltr'><strong>contractum</strong></span> <span class='ocrx_word' id='word_1_287' title='bbox 417 3317 606 3402; x_wconf 87' lang='lat' dir='ltr'><strong>conjugium</strong></span> <span class='ocrx_word' id='word_1_288' title='bbox 620 3317 803 3400; x_wconf 87' lang='lat' dir='ltr'><strong>indicenda;</strong></span> <span class='ocrx_word' id='word_1_289' title='bbox 820 3337 885 3382; x_wconf 91' lang='lat' dir='ltr'><strong>non</strong></span> <span class='ocrx_word' id='word_1_290' title='bbox 901 3317 993 3381; x_wconf 86' lang='lat' dir='ltr'><strong>aliter</strong></span> <span class='ocrx_word' id='word_1_291' title='bbox 1006 3318 1093 3382; x_wconf 85' lang='lat' dir='ltr'><strong>eninr</strong></span> <span class='ocrx_word' id='word_1_292' title='bbox 1105 3317 1148 3382; x_wconf 88' lang='lat' dir='ltr'><strong>ad</strong></span> <span class='ocrx_word' id='word_1_293' title='bbox 1162 3337 1235 3383; x_wconf 86' lang='lat' dir='ltr'><strong>eam</strong></span> <span class='ocrx_word' id='word_1_294' title='bbox 1250 3319 1425 3388; x_wconf 81' lang='lat' dir='ltr'><strong>devenien-</strong></span> 
     </span>
    </p>
   </div>
   <div class='ocr_carea' id='block_1_4' title="bbox 123 3426 1424 3519">
    <p class='ocr_par' dir='ltr' id='par_1_5' title="bbox 123 3426 1424 3519">
     <span class='ocr_line' id='line_1_29' title="bbox 123 3426 1424 3519; baseline 0.007 -29"><span class='ocrx_word' id='word_1_295' title='bbox 123 3426 198 3494; x_wconf 89' lang='lat' dir='ltr'><strong>dum</strong></span> <span class='ocrx_word' id='word_1_296' title='bbox 207 3440 267 3493; x_wconf 83' lang='lat' dir='ltr'><strong>est</strong></span> <span class='ocrx_word' id='word_1_297' title='bbox 281 3445 383 3511; x_wconf 83' lang='lat' dir='ltr'><strong>qttem</strong></span> <span class='ocrx_word' id='word_1_298' title='bbox 397 3429 426 3492; x_wconf 84' lang='lat' dir='ltr'><strong>ai</strong></span> <span class='ocrx_word' id='word_1_299' title='bbox 439 3427 482 3492; x_wconf 84' lang='lat' dir='ltr'><strong>tle</strong></span> <span class='ocrx_word' id='word_1_300' title='bbox 496 3429 727 3512; x_wconf 83' lang='lat' dir='ltr'><strong>impedimento</strong></span> <span class='ocrx_word' id='word_1_301' title='bbox 737 3431 869 3512; x_wconf 87' lang='lat' dir='ltr'><strong>publice</strong></span> <span class='ocrx_word' id='word_1_302' title='bbox 879 3439 1012 3508; x_wconf 90' lang='lat' dir='ltr'><strong>constet,</strong></span> <span class='ocrx_word' id='word_1_303' title='bbox 1025 3439 1057 3492; x_wconf 90' lang='lat' dir='ltr'><strong>et</strong></span> <span class='ocrx_word' id='word_1_304' title='bbox 1070 3429 1127 3512; x_wconf 90' lang='lat' dir='ltr'><strong>qui</strong></span> <span class='ocrx_word' id='word_1_305' title='bbox 1139 3429 1221 3494; x_wconf 93' lang='lat' dir='ltr'><strong>illud</strong></span> <span class='ocrx_word' id='word_1_306' title='bbox 1236 3433 1424 3519; x_wconf 85' lang='lat' dir='ltr'><strong>conjuginm</strong></span> 
     </span>
    </p>
   </div>
   <div class='ocr_carea' id='block_1_5' title="bbox 28 3538 1426 3624">
    <p class='ocr_par' dir='ltr' id='par_1_6' title="bbox 28 3538 1426 3624">
     <span class='ocr_line' id='line_1_30' title="bbox 28 3538 1426 3624; baseline 0.002 -19"><span class='ocrx_word' id='word_1_307' title='bbox 28 3567 29 3616; x_wconf 82' lang='lat'><em>3</em></span> <span class='ocrx_word' id='word_1_308' title='bbox 123 3551 359 3619; x_wconf 79' lang='lat' dir='ltr'><strong>contraxerunt,</strong></span> <span class='ocrx_word' id='word_1_309' title='bbox 376 3551 625 3624; x_wconf 85' lang='lat' dir='ltr'><strong>praesumantur</strong></span> <span class='ocrx_word' id='word_1_310' title='bbox 638 3557 704 3604; x_wconf 91' lang='lat' dir='ltr'><strong>nou</strong></span> <span class='ocrx_word' id='word_1_311' title='bbox 717 3540 866 3602; x_wconf 86' lang='lat' dir='ltr'><strong>obstante</strong></span> <span class='ocrx_word' id='word_1_312' title='bbox 881 3539 1019 3622; x_wconf 90' lang='lat' dir='ltr'><strong>publico,</strong></span> <span class='ocrx_word' id='word_1_313' title='bbox 1030 3538 1112 3602; x_wconf 88' lang='lat' dir='ltr'><strong>etde</strong></span> <span class='ocrx_word' id='word_1_314' title='bbox 1123 3557 1188 3623; x_wconf 90' lang='lat' dir='ltr'><strong>quo</strong></span> <span class='ocrx_word' id='word_1_315' title='bbox 1200 3541 1291 3605; x_wconf 90' lang='lat' dir='ltr'><strong>nulla</strong></span> <span class='ocrx_word' id='word_1_316' title='bbox 1301 3555 1426 3608; x_wconf 86' lang='lat' dir='ltr'><strong>contro·</strong></span> 
     </span>
    </p>
   </div>
   <div class='ocr_carea' id='block_1_6' title="bbox 28 3635 1424 3951">
    <p class='ocr_par' dir='ltr' id='par_1_7' title="bbox 28 3635 1424 3951">
     <span class='ocr_line' id='line_1_31' title="bbox 28 3635 1424 3735; baseline 0.009 -28"><span class='ocrx_word' id='word_1_317' title='bbox 28 3635 29 3658; x_wconf 62' lang='lat'>¹</span> <span class='ocrx_word' id='word_1_318' title='bbox 126 3647 346 3729; x_wconf 77' lang='lat' dir='ltr'><strong>tersiasnbsit,</strong></span> <span class='ocrx_word' id='word_1_319' title='bbox 356 3648 724 3732; x_wconf 81' lang='lat' dir='ltr'><strong>impotentiaevitiocse</strong></span> <span class='ocrx_word' id='word_1_320' title='bbox 733 3659 890 3730; x_wconf 83' lang='lat' dir='ltr'><strong>tanquam</strong></span> <span class='ocrx_word' id='word_1_321' title='bbox 899 3647 1186 3732; x_wconf 87' lang='lat' dir='ltr'><strong>conjugeshabere,</strong></span> <span class='ocrx_word' id='word_1_322' title='bbox 1194 3669 1258 3715; x_wconf 93' lang='lat' dir='ltr'><strong>non</strong></span> <span class='ocrx_word' id='word_1_323' title='bbox 1266 3665 1424 3735; x_wconf 82' lang='lat' dir='ltr'><strong>tanquam</strong></span> 
     </span>
     <span class='ocr_line' id='line_1_32' title="bbox 28 3753 1424 3858; baseline 0.004 -40"><span class='ocrx_word' id='word_1_324' title='bbox 28 3851 29 3858; x_wconf 6' lang='grc' dir='ltr'>ἵ</span> <span class='ocrx_word' id='word_1_325' title='bbox 127 3753 250 3822; x_wconf 79' lang='lat' dir='ltr'><strong>fratrent</strong></span> <span class='ocrx_word' id='word_1_326' title='bbox 260 3769 293 3821; x_wconf 90' lang='lat' dir='ltr'><strong>et</strong></span> <span class='ocrx_word' id='word_1_327' title='bbox 301 3775 449 3836; x_wconf 85' lang='lat' dir='ltr'><strong>sororem,</strong></span> <span class='ocrx_word' id='word_1_328' title='bbox 459 3770 494 3822; x_wconf 92' lang='lat' dir='ltr'><strong>ut</strong></span> <span class='ocrx_word' id='word_1_329' title='bbox 502 3756 642 3822; x_wconf 81' lang='lat' dir='ltr'><strong>formula</strong></span> <span class='ocrx_word' id='word_1_330' title='bbox 653 3767 725 3822; x_wconf 86' lang='lat' dir='ltr'><strong>utar</strong></span> <span class='ocrx_word' id='word_1_331' title='bbox 733 3756 934 3840; x_wconf 85' lang='lat' dir='ltr'><strong>laudaticap.</strong></span> <span class='ocrx_word' id='word_1_332' title='bbox 944 3754 985 3837; x_wconf 85' lang='grc'><strong>4.,</strong></span> <span class='ocrx_word' id='word_1_333' title='bbox 994 3769 1027 3821; x_wconf 89' lang='lat' dir='ltr'><strong>et</strong></span> <span class='ocrx_word' id='word_1_334' title='bbox 1035 3759 1064 3822; x_wconf 84' lang='lat'><strong>5.</strong></span> <span class='ocrx_word' id='word_1_335' title='bbox 1086 3845 1089 3850; x_wconf 20' lang='grc' dir='ltr'>Ι</span> <span class='ocrx_word' id='word_1_336' title='bbox 1107 3757 1151 3822; x_wconf 88' lang='lat' dir='ltr'><strong>At</strong></span> <span class='ocrx_word' id='word_1_337' title='bbox 1159 3759 1186 3822; x_wconf 86' lang='lat' dir='ltr'><strong>si</strong></span> <span class='ocrx_word' id='word_1_338' title='bbox 1198 3761 1424 3825; x_wconf 86' lang='lat' dir='ltr'><strong>contrahentes</strong></span> 
     </span>
     <span class='ocr_line' id='line_1_33' title="bbox 28 3863 1423 3951; baseline 0.01 -29"><span class='ocrx_word' id='word_1_339' title='bbox 28 3875 29 3922; x_wconf 74' lang='lat'>1</span> <span class='ocrx_word' id='word_1_340' title='bbox 128 3863 330 3948; x_wconf 84' lang='lat' dir='ltr'><strong>impotentiae</strong></span> <span class='ocrx_word' id='word_1_341' title='bbox 350 3867 402 3932; x_wconf 81' lang='lat' dir='ltr'><strong>vel</strong></span> <span class='ocrx_word' id='word_1_342' title='bbox 419 3881 513 3947; x_wconf 79' lang='lat' dir='ltr'><strong>suae,¹</strong></span> <span class='ocrx_word' id='word_1_343' title='bbox 523 3867 575 3932; x_wconf 83' lang='lat' dir='ltr'><strong>vel</strong></span> <span class='ocrx_word' id='word_1_344' title='bbox 589 3868 744 3932; x_wconf 79' lang='lat' dir='ltr'><strong>consonis</strong></span> <span class='ocrx_word' id='word_1_345' title='bbox 759 3867 894 3930; x_wconf 88' lang='lat' dir='ltr'><strong>minime</strong></span> <span class='ocrx_word' id='word_1_346' title='bbox 904 3867 1024 3934; x_wconf 88' lang='lat' dir='ltr'><strong>conscii</strong></span> <span class='ocrx_word' id='word_1_347' title='bbox 1041 3869 1170 3951; x_wconf 88' lang='lat' dir='ltr'><strong>nuptias</strong></span> <span class='ocrx_word' id='word_1_348' title='bbox 1184 3868 1423 3936; x_wconf 72' lang='lat' dir='ltr'><strong>celebraverint</strong></span> 
     </span>
    </p>
   </div>
   <div class='ocr_carea' id='block_1_7' title="bbox 28 3973 1424 4059">
    <p class='ocr_par' dir='ltr' id='par_1_8' title="bbox 28 3973 1424 4059">
     <span class='ocr_line' id='line_1_34' title="bbox 28 3973 1424 4059; baseline -0.004 -13"><span class='ocrx_word' id='word_1_349' title='bbox 28 4043 29 4046; x_wconf 74' lang='grc'>,</span> <span class='ocrx_word' id='word_1_350' title='bbox 128 3973 372 4058; x_wconf 77' lang='lat' dir='ltr'><strong>deindecooscii</strong></span> <span class='ocrx_word' id='word_1_351' title='bbox 382 3973 458 4040; x_wconf 81' lang='lat' dir='ltr'><strong>facti</strong></span> <span class='ocrx_word' id='word_1_352' title='bbox 468 3993 533 4040; x_wconf 91' lang='lat' dir='ltr'><strong>non</strong></span> <span class='ocrx_word' id='word_1_353' title='bbox 545 3975 778 4058; x_wconf 82' lang='lat' dir='ltr'><strong>adquieverint,</strong></span> <span class='ocrx_word' id='word_1_354' title='bbox 786 3995 825 4038; x_wconf 90' lang='lat' dir='ltr'><strong>ac</strong></span> <span class='ocrx_word' id='word_1_355' title='bbox 833 3975 932 4038; x_wconf 87' lang='lat' dir='ltr'><strong>velint</strong></span> <span class='ocrx_word' id='word_1_356' title='bbox 941 3975 1119 4059; x_wconf 79' lang='lat' dir='ltr'><strong>propterea</strong></span> <span class='ocrx_word' id='word_1_357' title='bbox 1134 3975 1299 4056; x_wconf 87' lang='lat' dir='ltr'><strong>divertere,</strong></span> <span class='ocrx_word' id='word_1_358' title='bbox 1310 3975 1424 4040; x_wconf 90' lang='lat' dir='ltr'><strong>sedulo</strong></span> 
     </span>
    </p>
   </div>
   <div class='ocr_carea' id='block_1_8' title="bbox 28 4079 1424 4493">
    <p class='ocr_par' dir='ltr' id='par_1_9' title="bbox 28 4079 1424 4493">
     <span class='ocr_line' id='line_1_35' title="bbox 28 4079 1422 4168; baseline 0 -24"><span class='ocrx_word' id='word_1_359' title='bbox 28 4107 29 4156; x_wconf 60' lang='lat' dir='ltr'><strong>r</strong></span> <span class='ocrx_word' id='word_1_360' title='bbox 129 4079 1422 4168; x_wconf 80' lang='lat' dir='ltr'><strong>careredebebitJndox,nealiquaexindeiransexdoloconjugurnconjngioflet,</strong></span> 
     </span>
     <span class='ocr_line' id='line_1_36' title="bbox 130 4187 1424 4272; baseline 0.002 -22"><span class='ocrx_word' id='word_1_361' title='bbox 130 4203 206 4252; x_wconf 84' lang='lat' dir='ltr'><strong>nere</strong></span> <span class='ocrx_word' id='word_1_362' title='bbox 219 4187 463 4254; x_wconf 77' lang='lat' dir='ltr'><strong>ocitedsctaret</strong></span> <span class='ocrx_word' id='word_1_363' title='bbox 477 4191 610 4269; x_wconf 86' lang='lat' dir='ltr'><strong>irritum,</strong></span> <span class='ocrx_word' id='word_1_364' title='bbox 622 4189 711 4272; x_wconf 89' lang='lat' dir='ltr'><strong>quod</strong></span> <span class='ocrx_word' id='word_1_365' title='bbox 726 4189 783 4253; x_wconf 89' lang='lat' dir='ltr'><strong>rite</strong></span> <span class='ocrx_word' id='word_1_366' title='bbox 795 4187 900 4252; x_wconf 81' lang='lat' dir='ltr'><strong>inerat</strong></span> <span class='ocrx_word' id='word_1_367' title='bbox 923 4187 1128 4262; x_wconf 74' lang='lat' dir='ltr'><strong>celebratum.</strong></span> <span class='ocrx_word' id='word_1_368' title='bbox 1171 4189 1252 4259; x_wconf 76' lang='lat' dir='ltr'><strong>Qua</strong></span> <span class='ocrx_word' id='word_1_369' title='bbox 1266 4189 1300 4252; x_wconf 91' lang='lat' dir='ltr'><strong>in</strong></span> <span class='ocrx_word' id='word_1_370' title='bbox 1316 4207 1348 4252; x_wconf 88' lang='lat' dir='ltr'><strong>re</strong></span> <span class='ocrx_word' id='word_1_371' title='bbox 1361 4188 1424 4271; x_wconf 84' lang='lat' dir='ltr'><strong>pri·</strong></span> 
     </span>
     <span class='ocr_line' id='line_1_37' title="bbox 131 4296 1424 4383; baseline 0.003 -24"><span class='ocrx_word' id='word_1_372' title='bbox 131 4311 180 4359; x_wconf 87' lang='lat' dir='ltr'><strong>too</strong></span> <span class='ocrx_word' id='word_1_373' title='bbox 192 4297 301 4364; x_wconf 77' lang='lat' dir='ltr'><strong>ludes</strong></span> <span class='ocrx_word' id='word_1_374' title='bbox 326 4299 598 4383; x_wconf 67' lang='lat' dir='ltr'><strong>investigabites</strong></span> <span class='ocrx_word' id='word_1_375' title='bbox 622 4297 829 4383; x_wconf 85' lang='lat' dir='ltr'><strong>impotentiae</strong></span> <span class='ocrx_word' id='word_1_376' title='bbox 852 4297 968 4362; x_wconf 83' lang='lat' dir='ltr'><strong>vitium</strong></span> <span class='ocrx_word' id='word_1_377' title='bbox 982 4310 1116 4382; x_wconf 87' lang='lat' dir='ltr'><strong>uterque</strong></span> <span class='ocrx_word' id='word_1_378' title='bbox 1136 4298 1259 4382; x_wconf 74' lang='lat' dir='ltr'><strong>cortina</strong></span> <span class='ocrx_word' id='word_1_379' title='bbox 1274 4296 1424 4363; x_wconf 86' lang='lat' dir='ltr'><strong>concordi</strong></span> 
     </span>
     <span class='ocr_line' id='line_1_38' title="bbox 131 4404 1424 4493; baseline 0.004 -25"><span class='ocrx_word' id='word_1_380' title='bbox 131 4407 334 4470; x_wconf 61' lang='lat' dir='ltr'><strong>connumeres</strong></span> <span class='ocrx_word' id='word_1_381' title='bbox 358 4404 528 4490; x_wconf 67' lang='lat' dir='ltr'><strong>temntm,</strong></span> <span class='ocrx_word' id='word_1_382' title='bbox 543 4417 576 4472; x_wconf 90' lang='lat' dir='ltr'><strong>et</strong></span> <span class='ocrx_word' id='word_1_383' title='bbox 599 4405 734 4472; x_wconf 82' lang='lat' dir='ltr'><strong>dissolri</strong></span> <span class='ocrx_word' id='word_1_384' title='bbox 756 4405 999 4473; x_wconf 84' lang='lat' dir='ltr'><strong>matrimonium</strong></span> <span class='ocrx_word' id='word_1_385' title='bbox 1013 4425 1055 4473; x_wconf 86' lang='lat' dir='ltr'><strong>ex</strong></span> <span class='ocrx_word' id='word_1_386' title='bbox 1077 4425 1116 4472; x_wconf 89' lang='lat' dir='ltr'><strong>eo</strong></span> <span class='ocrx_word' id='word_1_387' title='bbox 1136 4404 1299 4493; x_wconf 87' lang='lat' dir='ltr'><strong>postulent</strong></span> <span class='ocrx_word' id='word_1_388' title='bbox 1311 4417 1424 4473; x_wconf 78' lang='lat' dir='ltr'><strong>muso·</strong></span> 
     </span>
    </p>
   </div>
   <div class='ocr_carea' id='block_1_9' title="bbox 0 0 1614 4990">
    <p class='ocr_par' dir='ltr' id='par_1_10' title="bbox 0 0 1614 4990">
     <span class='ocr_line' id='line_1_39' title="bbox 0 0 1614 4990; baseline 0 0"><span class='ocrx_word' id='word_1_389' title='bbox 0 0 1614 4990; x_wconf 95' lang='lat' dir='ltr'><strong> </strong></span> 
     </span>
    </p>
   </div>
  </div>
 </body>
</html>
