3168 4982
93 560 314 607 racemosus
332 561 523 608 remanare.
536 557 712 608 roraret,
728 559 1015 622 aeonasrtsrroo,
1032 557 1101 608 vat.
1118 559 1276 608 aouruo.
1309 532 1374 605 att

91 699 131 748 no.
166 681 342 768 Respondit
355 685 725 768 Triphooitramrrptias
740 701 805 748 aon
821 683 999 766 improbari,
1025 683 1102 766 quia
1118 683 1152 746 in
1178 681 1243 746 hae
1268 683 1388 766 specia-

91 790 153 854 ratio
165 788 374 876 haereditaria
400 803 458 871 est,
481 803 513 854 et
528 791 668 874 simplex
682 791 838 872 debitum3
866 792 1009 874 alioquin
1024 793 1130 854 omnis
1145 792 1267 856 debitor
1288 811 1372 874 eam,

92 897 134 962 roi
144 899 298 982 ohiigatus
312 911 397 964 esset
421 917 463 964 ex
479 901 589 984 aliqua
605 901 736 980 ratione,
762 899 980 982 prohiberetur
995 901 1064 980 sibi,
1080 899 1211 982 filioque
1226 919 1286 964 erro
1300 921 1374 965 con·

89 1009 210 1090 jungere,
225 1008 245 1072 l.
260 1009 312 1073 67.
331 1011 352 1077 i.
368 1011 398 1072 5.
414 1007 448 1072 ff,
462 1008 503 1072 de
518 1011 580 1072 ritu
596 1027 672 1092 nup.
689 1007 763 1074 Non
779 1017 855 1072 sunt
870 1007 951 1070 hneo
962 1007 1121 1070 contraria
1136 1025 1211 1070 eum
1227 1005 1274 1087 iis,
1289 1025 1373 1088 quae

92 1116 213 1210 tradebat
226 1117 434 1182 Callistratus
455 1117 489 1182 in
506 1118 524 1181 Ι.
540 1117 591 1182 tt
609 1119 631 1186 i.
651 1118 677 1180 l.
693 1115 763 1180 eod.
780 1115 835 1194 tit,
851 1113 909 1178 aed
925 1115 1062 1197 diversa3
1085 1115 1204 1202 etenim
1220 1115 1311 1178 aliud
1326 1115 1373 1180 di-

90 1225 207 1290 oeadurri
221 1237 273 1290 est
287 1227 320 1291 iu
346 1225 484 1290 haerede
499 1225 619 1305 tutoris,
646 1225 699 1288 vet
714 1225 880 1304 ptrratoris,
905 1224 995 1288 aliud
1011 1225 1045 1288 in
1060 1224 1198 1290 haerede
1222 1223 1375 1309 pupillae,

88 1335 353 1412 reiadoteseentis,
380 1332 513 1416 quando
528 1334 581 1396 lex
598 1354 636 1396 ea
664 1333 815 1417 conjugio
831 1331 1003 1414 prohibens
1029 1349 1199 1414 personam
1221 1330 1375 1416 pupillae,

89 1443 348 1508 roladoieseentis
372 1441 590 1526 contemplata
616 1439 728 1520 fuerat,
754 1459 820 1506 non
836 1439 917 1504 alias
942 1459 1095 1524 personas
1121 1441 1162 1502 ab
1184 1439 1298 1534 eadem
1313 1458 1369 1522 pu·

87 1551 155 1632 pitin,
169 1553 219 1616 rel
233 1544 441 1616 adolescents
449 1567 591 1621 ramam
605 1549 770 1630 habentem
787 1557 821 1612 at
833 1565 899 1612 non
913 1546 1132 1630 contemplata
1146 1545 1252 1609 suerat
1266 1545 1370 1610 solam

85 1672 232 1742 pomonam
248 1651 376 1738 tutoris}
393 1657 624 1738 retentatoris,
641 1653 698 1728 sed
713 1673 863 1740 expresse
879 1657 977 1770 etiepn
998 1653 1286 1740 comprehenderat
1303 1653 1374 1738 ejus

87 1765 190 1848 liberos,
204 1753 349 1852 tinorum
362 1765 574 1834 similitudine
587 1765 630 1828 ad
644 1762 800 1828 haeredes
821 1761 1027 1826 interdictum
1043 1773 1129 1826 reeta
1143 1761 1374 1844 interpretatio·

84 1867 264 1954 abprotrahi
285 1873 397 1957 potuit.
441 1873 591 1955 Denique
605 1857 801 1954 quaesitam,
824 1889 868 1936 an
882 1870 969 1955 quod
984 1871 1025 1934 de
1047 1881 1158 1950 tutore,
1181 1881 1213 1934 et
1227 1881 1375 1935 curatore

83 1991 220 2048 statutum
235 1993 293 2063 ost,
318 1981 463 2066 idipsum
476 1981 633 2044 diseretor
647 1979 687 2047 de
702 1999 749 2058 eo,
775 1979 831 2061 qui
846 1997 904 2062 pro
920 1988 1030 2056 tutore,
1056 1986 1113 2040 aut
1127 1971 1281 2056 curatore,
1309 1985 1367 2044 aut

82 2093 263 2172 negotiorum
278 2103 408 2174 gestem
427 2111 477 2154 res
500 2089 653 2172 pupiilae,
679 2087 733 2152 vel
748 2085 960 2149 adolescentis
986 2083 1286 2164 administravisset,
1311 2085 1370 2172 qui

82 2203 173 2262 tamen
186 2216 294 2282 neque
309 2207 394 2266 tutor
407 2206 500 2276 esset,
526 2215 632 2280 neque
646 2203 784 2262 curator:
810 2194 1022 2276 Imperatores
1037 2204 1147 2288 autem
1162 2192 1238 2272 Leo,
1259 2201 1291 2254 et
1306 2190 1371 2258 An·

80 2300 202 2372 themius
216 2306 401 2384 noluerunt,
427 2304 470 2368 ad
484 2323 538 2368 eos
560 2303 710 2388 generale
734 2301 941 2368 interdictum
955 2301 1097 2381 extendi,
1127 2299 1147 2365 l.
1165 2299 1228 2368 ult.
1243 2300 1313 2366 cod.
1330 2299 1385 2394 de?

80 2409 173 2478 interd.
197 2415 340 2480 inatrim.
383 2413 474 2478 Haeo
499 2413 610 2476 omnia
637 2430 680 2476 an
696 2411 795 2476 etiam
820 2407 984 2474 hodiernis
1009 2409 1205 2493 temporibus
1227 2409 1370 2492 vigeant,

78 2521 143 2586 nihi
156 2542 220 2588 non
235 2531 286 2586 est
307 2519 453 2604 apprime
466 2529 679 2603 compertum.
722 2517 873 2586 Tantum
893 2517 970 2597 scio,
994 2513 1220 2580 recentioribus
1245 2513 1402 2598 legibus

22 2675 23 2678 ,
78 2629 256 2696 nihilfuiese
271 2629 421 2694 Romano
444 2627 508 2714 juri
522 2627 724 2710 derogatum
751 2633 918 2710 propterea
932 2641 998 2688 non
1015 2632 1132 2688 temere
1158 2619 1286 2699 diceret,
1312 2618 1370 2702 qui

76 2733 273 2816 metumtot,
286 2735 397 2799 adhue
407 2735 504 2800 bodie
515 2733 664 2800 eamdem
677 2753 748 2798 esse
762 2732 966 2818 prudentiam
977 2727 1232 2810 custodiendam,
1248 2747 1368 2816 quous·

75 2859 128 2923 que
138 2861 201 2910 nou
214 2855 351 2924 condet,
366 2843 509 2908 moribus
524 2843 624 2910 tuisse
639 2842 839 2925 abrogatam.
1357 2922 1358 2926 Ἰ

21 3017 23 3044 ;
106 2950 196 3020 Quae
211 2950 372 3016 naturalis
395 2951 474 3014 ratio
489 2961 642 3036 perpetuo
667 2951 777 3030 vetuit,
804 2970 845 3014 ne
859 2950 976 3016 mulier
989 2949 1135 3032 pluribus
1159 2949 1237 3014 viris
1251 2957 1346 3040 matr¹

74 3059 165 3121 monio
173 3060 374 3143 jungeretur,
396 3057 573 3124 scilicetne
588 3059 710 3146 ineerta
732 3057 835 3141 proles
850 3057 1088 3137 adnaseeretur,
1110 3054 1210 3120 vetuit
1225 3073 1364 3141 quoque,

73 3181 104 3228 ne
116 3167 222 3234 statim
238 3177 310 3252 post
324 3179 460 3234 mortem
474 3165 535 3232 viri
558 3165 675 3232 viduae
689 3166 821 3249 nuptias
835 3184 912 3228 oum
927 3165 1026 3230 altero
1049 3165 1115 3229 viro
1129 3165 1363 3228 contraherent.

72 3271 283 3341 Quamobrem
293 3273 463 3338 Romanae
481 3274 566 3358 teges
577 3273 685 3338 viduis
697 3273 983 3362 mrrlieribusoerta
998 3273 1105 3338 luctus
1117 3282 1261 3356 tempora
1271 3290 1362 3338 eons-

71 3377 219 3464 tituerunt,
243 3383 363 3464 quibua
377 3387 399 3448 a
413 3381 535 3465 nuptiis
560 3371 777 3463 abstinerent,=
792 3393 954 3463 caventes,
977 3393 1014 3446 ut
1028 3401 1136 3446 annus
1151 3381 1274 3464 integer
1288 3399 1363 3446 oon

21 3575 23 3580 ,
71 3485 168 3552 tinuus
181 3472 204 3556 a
218 3499 319 3556 morte
334 3489 440 3554 mariti
454 3489 694 3574 computandus
709 3490 876 3571 laberetur,
892 3501 1001 3574 utpote
1015 3509 1081 3576 quo
1095 3489 1200 3574 spatio
1213 3499 1363 3554 constare

70 3603 189 3676 poterut,¹
213 3613 257 3662 an
272 3604 400 3660 mortuo
414 3596 484 3660 viro
498 3595 587 3663 filius
612 3597 806 3682 posthumus
820 3609 1011 3680 nasceretur,
1033 3617 1077 3662 an
1092 3597 1185 3663 nulla
1206 3615 1280 3680 spes
1294 3615 1362 3660 am·
1461 3671 1464 3678 ¹

69 3695 143 3775 plius
158 3711 341 3784 superesset
362 3702 618 3786 posthumum,
634 3705 655 3770 l.
671 3706 701 3769 2.
718 3709 740 3778 t.
759 3705 775 3770 1
791 3705 825 3770 ff.
840 3707 881 3770 de
903 3705 963 3786 his,
979 3705 1036 3790 qui
1052 3716 1115 3770 not.
1135 3703 1258 3788 intem,
1272 3705 1292 3770 i.
1309 3703 1361 3772 53.

71 3803 88 3870 i.
100 3803 127 3869 3.
142 3826 223 3876 vers.
239 3831 306 3876 arua
320 3811 461 3876 audente
473 3811 544 3878 cod.
560 3811 601 3876 de
616 3809 735 3898 Epise,
751 3823 783 3878 et
794 3813 886 3895 Olea,
903 3813 923 3878 la
940 3815 978 3893 1.,
993 3823 1026 3878 et
1038 3813 1071 3880 2.
1085 3814 1155 3878 cod.
1171 3813 1212 3878 de
1227 3813 1365 3887 seeundo

69 3923 148 3994 nupt„
190 3915 279 3982 Hirro
292 3915 514 4000 proficiscitur,
538 3939 604 3986 nou
618 3939 637 3984 e
651 3939 807 3988 conversa
830 3940 931 3989 uxore
945 3921 1099 3988 deftmeta
1125 3909 1269 4008 tempora
1293 3923 1361 3988 luo-

69 4030 113 4086 tre
125 4033 231 4094 essee
251 4028 368 4094 marito
382 4030 610 4112 exspectanda,
635 4031 914 4118 quemadmodum
937 4051 1045 4117 nequo
1064 4033 1218 4101 defuneto
1238 4009 1366 4118 'sponso

68 4136 277 4218 exspectanda
301 4155 373 4204 esse
396 4149 541 4222 tempora
562 4140 605 4204 ab
618 4158 667 4220 ea,
692 4149 922 4224 quaerentum
944 4158 1073 4224 sponsa,
1098 4159 1165 4206 non
1180 4160 1263 4208 uxor
1287 4141 1359 4224 fuit;

67 4259 136 4309 eore
150 4245 261 4312 minna
284 4245 415 4314 iustum
424 4246 606 4331 parentum,
630 4259 688 4314 aut
701 4248 874 4314 libemrum
888 4236 1120 4332 impedimento
1144 4249 1264 4332 nuptiis
1278 4266 1358 4328 esse,

68 4348 124 4418 tr.
139 4365 172 4419 et
195 4355 273 4422 aa
287 4355 330 4422 de
353 4355 414 4436 his,
429 4358 487 4440 qui
509 4369 574 4424 not
599 4357 712 4424 infant.
756 4345 982 4428 Proficiseitur'
997 4371 1171 4446 praeterea,
1198 4377 1265 4442 quo
1278 4379 1358 4426 oasa

67 4465 175 4530 mulier
188 4465 289 4533 vidua
312 4477 535 4551 postmortem
548 4469 655 4535 mariti
681 4469 766 4536 titios
780 4473 911 4556 peperit,
933 4472 1030 4538 libere
1045 4472 1156 4538 statim
1177 4490 1271 4556 posse
1284 4489 1360 4548 eam

67 4571 105 4638 ad
117 4577 277 4644 emundas
291 4577 424 4664 nuptias
437 4579 617 4664 convolare,
639 4583 733 4666 quasi
749 4594 828 4648 tmro
841 4593 965 4650 eertum
978 4603 1050 4650 esse
1064 4583 1206 4670 incipiat,
1227 4585 1361 4671 posthu-
