3146 4980
287 479 335 529 nn
352 477 609 530 nrssnnurmnn
624 483 788 529 contueri
803 483 923 534 oceno
938 485 1136 534 vrucunnu.
1298 457 1362 534 35?
1403 445 1406 452 ¹

15 683 16 686 Ἴ
89 599 178 664 munis
191 612 265 684 erat,
290 613 321 666 et
335 601 435 687 digne
450 615 613 688 propterea
627 603 696 685 t'uit,
722 625 807 690 quae
821 627 864 672 ex
890 607 951 673 Dei
965 608 1138 676 clementia
1158 609 1369 694 generalibus

15 711 17 736 l
89 707 319 774 institutionibus
330 723 576 795 promoveretur.
599 714 643 776 At
656 733 757 778 causa
769 715 967 780 monasticae
982 719 1069 782 vitae
1078 719 1261 802 singulares
1271 737 1367 802 quoe·

15 813 16 848 ³
88 813 151 880 dnm
164 822 184 882 t
196 817 265 882 Deo
288 819 421 884 selectos
435 820 585 884 homiues
610 819 814 884 solummodo
829 824 963 906 respicit,
979 844 1060 908 quos
1083 835 1247 908 propterea
1260 825 1368 896 conci·

87 935 125 987 tut
136 916 256 990 interior
279 928 454 1010 singularis
469 929 585 991 mentis
612 927 790 1006 illustratio,
816 943 849 994 et
863 932 994 998 diviona
1016 933 1187 1018 impulsus.
1230 933 1294 1000 Hic
1308 954 1364 1002 au·

87 1044 140 1097 ten
152 1033 279 1100 (livinus
295 1034 454 1120 impulsus
479 1035 601 1119 duplex
616 1055 686 1099 esse
702 1049 812 1120 potest,
830 1040 981 1104 nimirum
995 1039 1186 1120 ordinarius,
1206 1060 1306 1124 quem
1319 1059 1367 1109 ro·
1440 1048 1442 1056 '

87 1141 219 1224 grrlariter
233 1145 267 1208 in
281 1163 320 1206 eo
335 1145 579 1226 praesumimus,
595 1145 795 1228 quicumque
809 1145 851 1208 ad
867 1147 1080 1210 monasticam
1105 1147 1208 1210 vitem
1220 1166 1256 1208 se
1271 1165 1367 1213 voc&

15 1303 16 1332 3
85 1249 210 1333 nisantit,
236 1271 276 1315 ac
290 1249 464 1335 profitetur,
491 1264 523 1314 et
536 1263 628 1315 extra
651 1252 799 1315 ordinem
813 1255 919 1333 datus,
945 1231 1058 1336 quiex
1082 1253 1283 1336 gravioribus
1296 1252 1386 1336 qui-¹
1436 1315 1442 1327 ,

15 1391 16 1394 ¹
84 1359 203 1424 busdam
217 1361 416 1446 argumentis
441 1359 583 1443 adparet,
609 1381 705 1442 quem
721 1363 802 1424 mira
827 1361 999 1446 quaedam,
1025 1373 1057 1426 et
1070 1373 1193 1446 praeter
1214 1371 1368 1433 naturam

15 1485 16 1488 ’
83 1461 274 1552 emergentia,¹
291 1468 401 1552 procul
415 1467 505 1531 omni
520 1467 720 1532 dubitatione
743 1467 973 1534 demonstrent.
1017 1469 1175 1562 Posterior
1188 1467 1270 1532 haec
1284 1469 1368 1532 ratio
1385 1543 1388 1550 Ι

16 1587 17 1590 ’
83 1575 204 1638 rotandi
217 1575 367 1639 homines
391 1575 550 1643 advitam
566 1577 779 1639 monasticam
794 1573 980 1656 infrequens
1003 1571 1183 1638 admodum
1197 1584 1254 1654 est,
1269 1585 1369 1658 atque

15 1729 16 1732 ,
82 1683 166 1748 instar
178 1683 334 1763 miraculi,
360 1703 459 1766 quarn
477 1693 640 1767 propterea
664 1703 814 1768 superare
827 1701 960 1748 omnem
975 1682 1090 1766 legem,
1115 1681 1301 1746 adfirmavit
1314 1682 1369 1748 ln-

15 1775 16 1782 *
81 1793 230 1856 nocentius
246 1792 306 1856 tlt
332 1793 366 1856 in
381 1812 450 1876 cap.
469 1791 517 1856 ld.
535 1791 574 1855 de
599 1811 744 1856 convers
762 1791 935 1878 conjurgat.;
963 1791 1109 1856 ubivero
1134 1791 1370 1873 deestconstet¹
1411 1846 1414 1866 ,

78 1903 182 1988 udum
196 1903 374 1984 Ecclesiae,
400 1923 465 1968 uon
481 1903 600 1983 dubito,
626 1903 706 1985 quin
722 1904 831 1966 statim
853 1903 896 1966 ad
912 1903 1154 1970 dissolutionem
1178 1903 1277 1971 etiam
1292 1921 1367 1967 con·

15 2013 16 2022 ³
79 2011 217 2074 mamati
241 2011 384 2096 conjugii
409 2009 649 2075 deveniendum
673 2011 722 2090 sit,
750 2031 815 2080 non
830 2012 962 2078 homine
985 2021 1073 2092 tunc,
1100 2011 1159 2078 sed
1175 2011 1374 2100 Deoconjffi-

15 2113 16 2124 ’
81 2115 157 2196 dnm
179 2118 385 2198 dissolvente,
411 2117 688 2200 quemadmodum
711 2117 752 2182 de
776 2119 926 2204 conjugio
949 2119 1064 2188 Sancti
1088 2101 1247 2196 Theonoe
1272 2117 1369 2198 reiort

80 2223 242 2291 &mum
255 2225 363 2313 collat.
386 2227 438 2292 tt.
453 2247 524 2310 cap
539 2225 590 2290 20.
633 2227 727 2298 Quid
740 2229 830 2294 enim
854 2235 1021 2310 repugnat,
1046 2242 1090 2304 ex
1105 2225 1152 2308 iis,
1174 2243 1260 2312 quae
1273 2234 1370 2312 entre

77 2334 206 2402 ordinem
230 2337 344 2404 divum
368 2347 524 2422 potestate
539 2335 631 2419 liunt,
657 2337 924 2404 extraordinarios
948 2337 1082 2406 effectus
1104 2335 1278 2422 patescit
1321 2337 1368 2417 At

79 2443 187 2522 quoties
202 2445 309 2528 agitur
331 2443 374 2511 dc
388 2443 497 2529 priore,
523 2463 582 2512 seu
605 2445 769 2514 ordinaria
793 2445 926 2518 divinae
951 2437 1131 2514 vocationis
1142 2446 1257 2531 speeie,
1281 2447 1367 2532 bouq

15 2563 17 2646 J
78 2547 195 2632 quidem
206 2551 367 2636 explorat
390 2553 473 2620 solet
487 2553 584 2624 variis
598 2555 752 2620 institutis
778 2555 1026 2638 probationibus,
1052 2555 1111 2622 sed
1125 2555 1271 2624 humano
1294 2567 1366 2642 tom

76 2664 135 2724 turn
148 2663 242 2726 modo
266 2662 436 2749 attingitur
458 2664 510 2745 ita,
536 2675 573 2729 nt
586 2663 827 2748 probationibus
854 2665 965 2749 positis
989 2665 1201 2752 gravissimae
1217 2665 1262 2746 ad
1275 2681 1365 2750 ⁸1¹.er

76 2782 154 2836 nnn
167 2773 368 2857 mumma
382 2769 512 2838 divinae
526 2773 701 2838 voluntatis
716 2773 889 2858 emergant,
914 2791 980 2841 nou
993 2771 1036 2848 de
1050 2769 1166 2838 wem
1180 2769 1293 2850 diviua
1307 2787 1364 2844 uo·

77 2871 186 2946 luntnte
197 2890 287 2945 ceno
309 2879 392 2944 adeo
405 2890 537 2960 constet,
564 2891 601 2944 ut
615 2879 705 2946 nulla
720 2882 854 2947 omnino
867 2899 1034 2964 superesse
1058 2897 1100 2944 ne
1114 2877 1364 2964 ortaturqu-

75 2983 140 3054 dem
162 2989 319 3062 dubitatio
333 2989 441 3072 possit.
485 2987 571 3054 Hinc
585 3000 737 3073 sequntur,
763 2990 918 3072 quoniam
943 2986 1137 3072 praecipuus
1159 2983 1291 3066 divinus
1307 3002 1362 3053 vo·

15 3113 16 3184 }
75 3089 194 3161 innodo
208 3096 344 3160 interius
368 3081 530 3164 moventis
545 3096 635 3160 testis
649 3107 698 3160 est
713 3093 766 3160 ille
781 3095 857 3179 ipse,
873 3094 931 3178 qui
942 3093 986 3158 ad
1006 3091 1194 3178 religionem
1208 3091 1364 3184 adspirat,

15 3191 16 3196 ’
73 3203 237 3288 plurimum
251 3208 354 3292 ipsine
379 3207 561 3272 testimonio
576 3207 680 3288 tribui,
695 3207 820 3290 quoties
836 3205 918 3272 tales
931 3207 1133 3291 conjecturae
1155 3214 1241 3284 suot,
1257 3213 1295 3292 nt
1308 3221 1362 3278 m

73 3315 243 3381 insimiliter
255 3315 419 3402 adpareat,
434 3315 529 3380 illum
545 3335 653 3380 revera
664 3315 775 3380 divina
790 3315 958 3383 voluntate
973 3315 1104 3398 moneri,
1121 3333 1227 3402 neque
1238 3315 1272 3380 in
1284 3333 1363 3380 con·
1383 3357 1384 3360 =

72 3427 194 3496 undum
207 3429 317 3516 gravis
340 3449 412 3493 esse
426 3427 566 3512 suspicio
581 3419 692 3512 potest,
718 3447 759 3492 ne
774 3427 853 3492 sorte
868 3427 933 3492 alia
947 3427 988 3492 de
1002 3445 1112 3508 causa,
1130 3443 1232 3510 qnam
1245 3425 1358 3496 divine

72 3531 212 3618 impulsu,
236 3517 280 3602 ad
303 3533 536 3600 Monnsterium
564 3537 707 3600 amedat
749 3537 850 3622 Qtrod
875 3536 902 3608 si
915 3536 1059 3619 suspicio
1083 3553 1144 3602 nec
1166 3535 1247 3604 levis
1263 3539 1359 3620 subn-

72 3643 166 3726 riatur,
190 3665 233 3710 ue
256 3645 335 3711 forte
361 3646 572 3711 monasticam
597 3648 696 3710 vitam
722 3657 856 3730 quaerat
880 3647 952 3710 aliis
980 3646 1021 3710 de
1049 3645 1167 3727 causis,
1195 3645 1358 3733 ordinaria

71 3749 189 3819 divinae
213 3755 389 3820 voluntatis
404 3754 582 3840 exploratio
606 3775 671 3820 non
686 3755 813 3836 suffieit,
840 3775 946 3840 neque
971 3757 1120 3848 Ecclesia
1142 3755 1289 3824 divinam
1303 3777 1367 3825 vo·

73 3859 216 3932 luntatem
231 3867 326 3930 facile
340 3868 477 3932 existere
485 3865 620 3954 judicat,
636 3870 698 3933 nisi
714 3867 754 3932 de
769 3889 808 3934 ea
822 3869 921 3954 aliter,
939 3880 971 3934 et
984 3867 1103 3936 clarius
1117 3879 1251 3942 constet.
1294 3870 1357 3948 Ita·

72 3987 127 4050 que
140 3993 212 4040 cunr
226 3977 467 4042 matrimonium
493 3987 542 4040 est
555 3989 827 4058 consummatum,
842 3979 869 4042 si
885 3979 1004 4064 conjux
1023 3979 1068 4044 ad
1081 3983 1296 4048 monasticam
1310 3981 1357 4049 vi-

73 4083 131 4139 tun
143 4081 398 4164 amplectendam
422 4091 442 4148 a
459 4081 528 4148 Deo
543 4088 662 4150 moveri
687 4087 831 4167 sedicet,
856 4107 899 4152 ex
913 4087 1082 4156 ordinariis
1097 4099 1225 4157 tentum
1242 4091 1356 4174 probae

76 4179 198 4250 tionibus
211 4189 359 4252 divinam
384 4189 582 4255 voluntatem
598 4212 662 4256 non
679 4195 757 4258 satis
782 4193 931 4258 Ecclesia
945 4197 1075 4279 colligit,
1096 4197 1184 4279 qnod
1198 4198 1356 4281 plurimas

75 4291 191 4362 subesse
205 4317 298 4383 posse
312 4319 430 4366 earrsas
444 4313 607 4386 agnoscat,
623 4301 740 4384 quibus
752 4318 874 4386 praeter
891 4279 952 4368 'liei
962 4305 1165 4372 voluntatem
1178 4308 1299 4392 conjnx
1312 4306 1358 4380 ed

75 4399 148 4467 vitae
161 4411 370 4473 mutationem
386 4409 575 4474 adducatur.
617 4411 711 4482 Quid
726 4411 865 4492 enimsi
881 4413 1008 4480 taedent
1022 4415 1114 4482 illum
1128 4427 1186 4482 eut
1201 4417 1366 4488 maritatur

71 4505 248 4597 muneram,
264 4527 322 4581 aut
334 4525 486 4601 paternae
502 4517 535 4582 in
550 4517 664 4584 liberos
679 4519 790 4586 curae?
832 4519 950 4588 Nonne
964 4525 1063 4594 etium
1077 4535 1167 4596 metu
1180 4525 1296 4598 electio
1310 4547 1361 4604 re.
