3120 4980
183 401 242 454 ,ot
259 399 316 462 tts,
332 396 395 448 QUI
412 395 567 444 ΟΙΕΙΒΤῘ
582 395 700 443 ssim(
716 393 872 442 ΙΒΝῙΝΙ
888 389 1140 440 nimum-
1275 367 1319 438 π

53 523 86 586 tir
97 522 133 584 ita
144 531 254 586 cuncta
267 519 432 604 disposuit,
458 529 495 583 ut
509 515 785 600 quemadmodum
796 518 868 598 ·qui
883 515 1009 598 propria
1033 513 1203 578 voluntate
1215 511 1319 576 delia·

53 641 169 712 querunt,
184 629 305 712 pmpria
331 627 496 692 voluntate
521 625 664 690 remedia
679 637 845 706 quaerant,
869 627 988 706 quibus
1015 623 1153 704 gratiam
1179 621 1242 686 Dei
1257 620 1319 686 eibi

52 737 196 816 conciliant,
207 737 255 800 ¹ita
269 735 324 818 qui
339 735 447 798 aliena
462 743 589 798 tantum
606 733 779 810 voluntate,
796 731 900 809 idest,
917 739 1186 814 protoparentum,
1207 743 1320 809 pecca·

52 859 111 926 runt,
124 848 177 932 ipsi
191 847 287 912 etiam
302 846 410 910 aliena
423 845 591 908 voirmtate
606 843 689 906 salvi
704 842 771 906 ficri
789 846 919 924 possint,
934 841 1012 922 quia
1026 851 1058 902 et
1072 859 1129 922 pro
1143 840 1222 922 ipsis
1236 855 1318 902 mor·

51 969 105 1020 tuus
117 971 158 1022 est
170 959 325 1036 Christus,
352 967 384 1020 et
397 956 455 1039 qui
469 957 538 1020 nati
563 967 640 1018 sunt
654 973 696 1019 ex
711 955 826 1017 vitiosa
841 955 971 1037 origine,
998 952 1122 1016 renasci
1139 951 1172 1014 in
1188 949 1318 1014 Christo

50 1062 226 1146 Redemptore
240 1073 384 1146 possunt,
400 1073 565 1145 propterea
579 1060 666 1142 quod
684 1062 737 1124 ubi
752 1059 934 1122 abundarit
948 1057 1113 1136 delictum,
1129 1057 1172 1119 ibi
1187 1073 1318 1138 supera·

50 1171 173 1236 bundarit
186 1185 216 1237 et
229 1175 341 1256 gratia„
364 1171 455 1236 Hinc·
465 1172 586 1254 passim
599 1171 711 1236 Sancti
728 1171 839 1233 Patres
850 1169 1019 1248 constanti,
1032 1189 1071 1232 ac
1094 1179 1246 1252 perpetua
1257 1177 1318 1232 tra·

48 1277 136 1342 ditione
146 1279 329 1360 docuerunt,
340 1279 494 1362 parvulos
506 1281 629 1361 proprie
640 1279 818 1342 voluntatis
829 1290 977 1360 expertes
988 1277 1192 1342 offerentium
1202 1278 1316 1342 sotru-

50 1383 410 1464 tutepossesalvari,dum
420 1385 462 1448 ad
472 1387 632 1468 baptisma
642 1385 841 1466 adseruntur,
852 1387 951 1450 immo
961 1387 1019 1448 etsi
1029 1386 1197 1450 offerentes
1207 1386 1327 1452 adhuc*

49 1491 110 1553 inea
123 1493 280 1556 voluntate
292 1491 484 1572 defficerent,
509 1493 688 1558 dummodo
711 1495 874 1578 baptisma
889 1495 946 1557 rite
965 1493 1156 1573 conferatur,
1179 1506 1210 1556 et
1220 1495 1319 1578 juxta

48 1613 154 1664 nantem
164 1601 329 1666 Ecclesiae
339 1600 391 1662 rei
401 1601 506 1683 ipsam
520 1599 687 1666 Ecclesiae
698 1603 898 1666 voluntatem
909 1600 1065 1680 sufficere,
1078 1619 1149 1666 can.
1163 1601 1192 1664 7.
1202 1599 1252 1662 33.
1263 1600 1315 1664 Μ

46 1703 524 1784 76.Π.,ει129.ιιοιοηε.ιιῑει4κ
547 1708 661 1790 Neque
671 1709 768 1789 dicas,
782 1709 922 1774 inientes
935 1728 997 1800 nort
1012 1727 1106 1791 posse
1115 1719 1248 1791 paterna
1260 1727 1315 1786 yo-

47 1812 145 1896 irrotare,
155 1830 527 1884 autextraneorumactu
536 1820 719 1902 salvariper
728 1821 936 1904 baptismum,
945 1839 987 1883 ex
997 1839 1043 1898 eo,
1053 1817 1141 1900 quod
1151 1825 1315 1900 nequeant

47 1937 153 2004 paterna,
167 1939 222 1991 aut
236 1939 467 1992 extraneorum
483 1947 583 2010 prava
598 1927 766 1992 affectione
781 1927 939 1992 damnari.
982 1927 1117 1990 Etenim
1132 1923 1276 1988 notandu
1289 1939 1314 1988 rt

45 2043 84 2108 est,
95 2035 215 2099 crimina
231 2035 341 2099 aliena
366 2054 432 2098 non
446 2035 603 2114 contrahi,
625 2047 760 2118 excepto
775 2047 907 2118 peccato
928 2033 1070 2116 originis,
1087 2033 1164 2115 quia
1178 2041 1315 2114 excepto

46 2138 144 2202 uinculo
169 2143 378 2223 voluntatem,
404 2140 491 2228 quod
516 2143 579 2208 suit
603 2144 685 2230 inter
706 2155 955 2227 protoparentes,
977 2155 1008 2207 et
1023 2141 1257 2208 descendentes
1269 2141 1315 2206 ab

44 2242 165 2322 eis,rrnde
190 2263 364 2331 peccatum
376 2251 509 2332 originis
534 2269 648 2314 omnes
673 2250 793 2330 infecit,
819 2247 1054 2314 nulium‘eliud
1078 2249 1314 2316 estvincuimn

44 2349 184 2418 voluntatis
198 2357 284 2420 inter
298 2355 382 2420 fiiios
398 2357 559 2436 Adam
573 2375 639 2440 quo
653 2357 732 2420 alter
747 2357 879 2422 alterius
895 2358 967 2425 labe
982 2357 1177 2438 inquinetur.
1213 2358 1257 2420 At
1269 2375 1313 2424 ex
1359 2399 1365 2404 -

42 2452 164 2526 beneficio
177 2465 299 2530 Christi
314 2483 427 2530 omnes
442 2467 606 2540 consecuti
622 2485 738 2530 sumus
752 2485 927 2532 commune
940 2467 1113 2532 vincutum
1128 2467 1263 2532 unitatis
1277 2467 1313 2534 fl-

41 2564 83 2646 ἀεὶ,
95 2585 142 2636 rut
156 2577 290 2642 unitatis
304 2577 339 2641 in
354 2575 463 2656 fidem,
479 2577 527 2640 uti
537 2575 680 2660 explicat
694 2555 900 2659 Augustinus
915 2578 1230 2656 indissonanter),
1246 2597 1313 2660 quo

40 2674 70 2753 it,
83 2693 111 2742 ut
123 2701 204 2748 nous
218 2685 354 2749 alterius
368 2684 535 2748 voluntate
550 2683 650 2748 iidem
666 2686 770 2768 ipsam
786 2685 924 2766 profiteri
940 2685 1050 2767 possit,
1067 2685 1094 2748 si
1111 2685 1255 2767 pmpriae
1269 2685 1312 2750 sit

38 2801 124 2867 expers
138 2793 322 2871 uoluntatis,
345 2805 378 2855 et
392 2812 447 2876 per
461 2792 549 2856 hanc
571 2793 800 2876 professionem
816 2795 980 2879 baptizari.
1024 2795 1312 2862 Piane·vinculom

38 2884 82 2952 *1⁰0
92 2899 229 2974 generale
244 2909 304 2980 est;
321 2899 408 2982 quod
424 2918 490 2964 non
505 2911 633 2966 tantum
648 2901 792 2966 devincit
807 2915 963 2985 parentes,
986 2913 1018 2966 et
1033 2903 1156 2980 liberos,
1173 2915 1230 2967 aut
1244 2923 1313 2988 per-

36 3009 108 3060 turus
118 3004 278 3088 unguine
299 3007 500 3090 conjunctas,
527 3009 584 3072 scd
601 3009 768 3074 univorsos
790 3010 938 3074 homines
952 3013 1034 3076 inter
1055 3031 1089 3075 se
1104 3015 1213 3092 sociat,
1228 3026 1261 3078 et
1275 3012 1311 3078 ii·

36 3113 81 3181 et
95 3123 316 3195 pmprereaque
331 3127 367 3178 ut
381 3117 561 3198 baptismus
576 3118 752 3186 infantium
767 3120 883 3199 valeat,
900 3140 964 3184 non
980 3123 1158 3204 requiritur,
1175 3129 1242 3190 uta
1256 3143 1311 3208 ps·

35 3215 156 3296 tentibus,
180 3233 240 3284 aut
253 3225 436 3306 conjunctis
462 3225 570 3290 infans
585 3225 745 3308 offeratur,
760 3230 880 3294 sufficit
907 3231 1057 3295 voluutas
1072 3235 1218 3300 extranei
1234 3235 1311 3300 offe·

35 3323 112 3402 tentis,
136 3341 192 3396 aut
206 3331 376 3396 Ecclesiae
402 3331 614 3415 Christianae,
629 3339 723 3421 cujus
740 3338 889 3402 voluntas
904 3349 952 3402 est
967 3340 1135 3422 generalis,
1161 3353 1194 3406 et
1207 3333 1310 3408 omni-

33 3425 76 3492 bus
88 3441 214 3517 prodest.
260 3443 338 3508 Dixi
354 3445 386 3507 in
403 3443 533 3524 adultis,
556 3449 625 3512 sive
639 3451 814 3531 capacibus
829 3451 974 3533 propriae
995 3453 1224 3534 consensionis,
1242 3455 1309 3520 iiio·

32 3551 82 3606 ttnr
97 3549 292 3616 seruantem
308 3553 433 3635 requiri,
457 3556 536 3636 quin
553 3567 662 3622 tamen
677 3555 798 3638 referat,
815 3579 859 3622 an
874 3571 949 3624 actu
974 3561 1170 3644 baptismum
1185 3576 1306 3649 petant,

31 3654 237 3738 tnaiiquando
264 3663 410 3744 petierint
436 3663 603 3730 votunute
618 3685 684 3730 non
700 3677 877 3731 retractata
920 3669 1053 3736 Etenim
1067 3674 1166 3738 etiam
1186 3674 1308 3740 valebit

31 3752 180 3870 baptimus
194 3767 376 3851 dormienti,
392 3775 580 3854 aegrotanti,
606 3775 772 3858 torpedine
785 3777 931 3859 quadarn
946 3795 1097 3865 correpte,
1112 3765 1243 3865 amenti,
1258 3785 1307 3852 su·

29 3875 125 3932 trasone
137 3872 284 3956 collatus,
300 3877 326 3942 si
342 3889 417 3942 ante
433 3898 593 3960 somnum,
610 3886 869 3968 aegrotationem,
885 3889 1071 3971 amentiam,
1096 3893 1148 3957 vel
1164 3893 1306 3964 furorem

28 3975 122 4046 pentus
135 3980 237 4048 inerit
280 3985 383 4056 Quod
406 3989 433 4051 si
450 4000 556 4054 metus
571 3992 781 4058 intercesserit
804 4000 903 4060 etiam
919 4000 1036 4081 gravis,
1062 4019 1128 4082 quo
1142 4003 1216 4085 quis
1236 4021 1306 4086 per·

28 4079 117 4150 tulsus
131 4089 285 4176 baptizari
309 4113 344 4158 ss
359 4097 507 4178 postulet,
531 4097 703 4166 definitum
729 4104 828 4169 etiam
853 4105 976 4173 scimus
1000 4107 1162 4193 baptisma
1182 4111 1302 4200 valere3

28 4195 200 4274 quamquam
213 4201 303 4266 enim
326 4219 392 4268 non
407 4223 521 4268 omnes
543 4205 678 4272 effectus
699 4209 819 4276 habeat
833 4211 895 4278 hoc
917 4217 1174 4299 Sacramentum,
1190 4219 1231 4284 ob
1246 4221 1304 4288 mi·

30 4301 76 4355 nur
88 4295 272 4385 dispositum
296 4311 502 4394 suscipientis
517 4313 674 4397 animum,
696 4319 731 4383 vi
745 4329 854 4386 tamen
869 4343 931 4390 sua
953 4319 1133 4410 baptiam'us
1146 4329 1311 4411 consistit,¹

29 4395 220 4480 ⁸¹²⁸ttctcreru
246 4415 365 4484 Christi
380 4420 502 4486 interea
527 4423 724 4510 imprimens,
749 4439 820 4496 turn
841 4429 975 4500 demum
1001 4434 1111 4500 anima
1133 4436 1307 4512 t'crimins
