3120 4980
155 524 614 728 uuus
677 525 1187 724 PRIMA
1262 546 1339 790 j
1475 677 1486 695 .

347 884 485 1023 DE
517 897 1036 1021 CRIMINIBUS.

181 1263 815 1540 uuuuuu
867 1259 1131 1495 uu

124 1709 226 1810 uu
257 1649 745 1810 uuunuruuuc
775 1691 1295 1800 cuuuuuuuuu

603 2024 756 2096 CAPUT
777 2023 804 2090 1.

540 2220 634 2296 Quid
661 2221 707 2286 oli
735 2203 880 2285 crr'rueu·¹

75 2463 331 2686 Fucinum*
359 2613 520 2684 Quare
543 2613 630 2682 dctus
644 2629 773 2680 umores
786 2612 851 2679 cluo
866 2619 1031 2678 terrenam
1054 2609 1176 2677 scilicet
1190 2593 1284 2676 cusor‘·
1297 2609 1356 2676 aar·

73 2725 218 2809 usquead
230 2731 453 2809 eoeriemptum
467 2721 543 2803 Del,
558 2721 723 2790 coelestem
736 2719 811 2788 cero
825 2741 919 2786 curer
934 2719 1003 2786 Dei
1016 2740 1120 2806 usque
1134 2719 1180 2786 ool
1193 2729 1356 2806 emunnp·

72 2837 132 2898 lum
142 2836 209 2900 ssi:
222 2833 343 2898 Peocis
366 2833 413 2896 ita
427 2833 462 2896 in
476 2829 555 2896 libro
571 2831 620 2896 14.
634 2829 677 2896 de
691 2832 830 2896 Ciuitate
844 2829 906 2894 Dei
921 2841 990 2916 cop.
1016 2829 1067 2893 28
1083 2827 1271 2892 delictorum
1285 2846 1353 2892 om·

70 2939 147 3006 nium
159 2943 324 3026 originem
340 2958 466 3021 misses,
480 2949 513 3004 et
527 2951 678 3006 nclerem
691 2940 797 3024 ipsam
812 2939 969 3024 expressit
982 2939 1197 3022 Augustinus,
1212 2937 1352 3021 philoso-

69 3051 149 3135 phico
173 3073 253 3118 senc
267 3054 398 3118 ratione.
440 3045 609 3136 Siquidem
623 3050 821 3134 Philosophi,
845 3069 918 3116 meo
928 3051 1057 3136 judicio,
1084 3050 1227 3114 saniores
1248 3059 1352 3116 lotum

69 3173 187 3231 nemius
207 3165 271 3250 jus,
288 3165 387 3230 imino
400 3175 433 3227 et
458 3163 610 3228 universe
620 3165 703 3247 jura,
726 3181 811 3246 quae
825 3162 868 3226 ed
893 3163 1040 3227 naturale
1065 3161 1189 3246 adjecta
1211 3171 1295 3242 suut,
1318 3161 1352 3228 in

68 3283 140 3334 recle
153 3269 270 3336 amoris
284 3269 484 3334 ordinatione
498 3269 741 3350 constituerunt,
766 3289 833 3352 quo
847 3269 912 3350 fiat,
930 3281 964 3334 ul
979 3271 1128 3353 primum,
1144 3261 1176 3332 οἳ
1190 3281 1266 3352 pree
1281 3287 1352 3333 ccc·

69 3379 130 3443 teris
153 3381 328 3464 diligamus
354 3379 471 3457 Deum,
498 3377 582 3441 infre
606 3377 692 3441 huuc
717 3377 922 3444 dilectionem
947 3379 1054 3442 locum
1081 3379 1196 3443 demus
1221 3379 1353 3463 reliquis

67 3491 223 3570 umoribus,
239 3489 273 3553 iu
288 3488 473 3552 societatem
487 3487 635 3570 primum,
658 3485 775 3549 deinde
790 3485 824 3549 iu
839 3486 1060 3568 nosmetipsos,
1083 3485 1223 3568 denique
1239 3486 1273 3548 iu
1288 3485 1353 3550 sin·

67 3597 146 3678 gulos
160 3609 294 3663 naturae
308 3607 435 3661 nostrae
450 3605 613 3658 consortes
629 3599 684 3678 pro
698 3593 795 3658 monio
809 3595 1043 3657 universorum.
1086 3591 1172 3656 Hinc
1187 3593 1352 3656 civitatem

67 3706 233 3787 coelestem,
256 3717 288 3770 et
302 3715 449 3770 sanctum
464 3723 537 3768 eom
553 3703 643 3784 dixit,
660 3723 744 3786 quse
758 3699 896 3766 coeleret
911 3719 953 3764 ex
968 3698 1162 3778 horninibus,
1178 3701 1235 3780 qni
1249 3697 1353 3762 divini

67 3815 171 3880 umoris
194 3815 306 3880 ardore
320 3809 470 3879 concitati
496 3811 746 3877 sollicitudinem
770 3813 821 3875 sui
836 3831 902 3876 non
917 3811 979 3875 nisi
1005 3809 1151 3874 inferiore
1170 3809 1241 3873 loco
1254 3807 1352 3872 hebe-

67 3935 131 4004 rent,
146 3925 259 4008 inquo
282 3924 428 3988 consistit
441 3933 548 3986 rectus
570 3923 648 3985 ordo
662 3921 806 4004 emcndi3
832 3919 996 3985 civitatem
1011 3931 1121 3984 autem
1138 3932 1303 3998 terrenam,
1319 3928 1352 3982 et

67 4025 129 4093 labe
142 4031 321 4096 confectum
345 4031 529 4114 appellavit,
556 4029 640 4113 qu'ee
655 4029 794 4094 coeleret
808 4046 850 4094 ex
864 4028 1059 4108 hominibus,
1086 4029 1143 4112 qui
1157 4029 1295 4092 nimium
1310 4027 1352 4090 si·

67 4136 93 4202 bi
106 4141 305 4226 indulgentes
320 4143 428 4207 Deum
444 4133 629 4221 tenuerent,
646 4143 680 4206 in
695 4159 760 4226 quo
776 4143 893 4206 amoris
908 4139 986 4206 ordo
1001 4143 1154 4221 turbetur,
1171 4151 1267 4221 etque
1282 4159 1352 4222 per·

65 4249 195 4314 vertitur.
237 4247 438 4316 Nimis'forte
464 4247 614 4313 subtilius
631 4248 729 4314 elicui
755 4229 914 4313 videbitur
938 4247 1020 4312 haec
1045 4247 1232 4327 observatio,
1254 4249 1352 4330 juria

63 4368 153 4434 quern
167 4368 335 4440 peccatum
355 4355 545 4421 definiretur
558 4373 649 4420 arnor
663 4357 861 4439 quicumque
885 4354 1096 4436 inordinatim
1117 4373 1216 4436 quere
1230 4355 1351 4420 clarius

63 4463 169 4534 iterum
181 4487 257 4535 cum
280 4471 465 4554 Augustino
490 4469 524 4534 in
538 4465 610 4536 libr.
623 4467 675 4533 22.
692 4458 810 4532 'contro
824 4468 987 4618 Ραιιῗξιιω
999 4481 1071 4616 Ἡ).
1086 4465 1137 4616 ἳέ.
1156 4465 1264 4530 dicem
1278 4483 1350 4550 pec·

267 4565 272 4576 ·
895 4553 901 4580 ’
930 4571 989 4615 our.
1059 4589 1109 4613 .-
1135 4599 1141 4614 .
