3146 4980
172 347 237 414 106
519 371 762 450 msesnsanso
783 375 955 438 suenrus,
970 377 1049 424 ens.
1065 356 1125 427 111.

172 507 273 574 quam
286 508 326 555 eo
340 489 475 560 ulterius
498 493 683 576 conmudat,
709 507 746 562 ut
759 496 952 582 persuadere
966 498 1054 578 relit,
1065 498 1120 566 bis
1134 497 1237 568 veluti
1253 499 1484 571 10000ωο0111

171 597 339 668 moesiae
362 598 544 680 doctrinam
558 601 736 668 stabilitam
759 603 937 668 claudaris
963 601 1174 672 Pontificibus
1190 605 1344 673 Maximis
1363 606 1484 688 101000,

169 703 264 770 tacite
279 705 430 772 adsentiri
457 725 523 772 non
538 727 722 792 possumus
749 711 910 793 siquidem
925 731 989 776 non
1006 713 1203 796 ignoramus,
1218 713 1302 806 sicut
1315 715 1350 778 in
1364 716 1483 800 conju·

169 815 223 904 qlo
237 828 461 884 consommsto
486 811 554 884 rrna
568 818 606 884 tn
630 823 805 904 conjugum
820 841 902 902 euro,
929 823 975 886 ita
989 823 1023 888 in
1038 823 1186 908 conjugio
1200 834 1270 888 rato
1284 843 1390 890 unum
1404 823 1481 892 lieri

167 927 380 994 consensione
404 931 580 1014 conjugum
594 931 752 1014 anirnum3
780 951 845 1014 quo
860 935 1025 1016 supposito
1042 935 1117 1018 jure
1130 934 1379 1020 postulabimus,
1397 955 1482 1020 quo·

168 1039 266 1106 modo
281 1039 350 1104 fieri
363 1041 472 1124 possit,
500 1052 537 1104 ut
552 1059 640 1106 unns
655 1041 761 1108 iactus
783 1045 914 1108 animus
928 1046 1030 1128 possit
1052 1064 1124 1108 essa
1140 1045 1232 1126 intra,
1253 1057 1285 1110 et
1299 1056 1392 1110 extra
1405 1047 1481 1116 nto

169 1150 357 1230 canentem,
385 1149 518 1233 quondo
543 1147 729 1232 admittunt,
758 1154 949 1240 conjugium
974 1141 1085 1222 ntum
1106 1155 1254 1240 religiosa
1277 1157 1482 1242 pmiesaiono

167 1255 312 1341 dissolve
338 1258 445 1322 sinon
460 1258 648 1342 percipiunt,
673 1263 837 1343 quomodo
849 1281 918 1328 una
932 1263 1018 1328 saeta
1040 1283 1116 1330 caro
1130 1265 1222 1348 intre,
1247 1276 1280 1331 et
1295 1257 1389 1342 extra
1404 1267 1482 1334 Mo·

166 1367 345 1432 neoterium
358 1385 429 1431 esse
443 1367 554 1452 possit.
597 1364 671 1434 Non
686 1387 858 1466 persequor
874 1371 1009 1440 ulterius
1024 1373 1096 1455 hoc,
1120 1383 1154 1438 et
1168 1373 1289 1438 similia
1301 1393 1482 1460 argumen-

167 1485 209 1556 te,
233 1475 344 1542 statim
369 1477 457 1545 enirn
482 1477 586 1544 multe
609 1489 816 1563 emergerent,
842 1481 960 1564 quibus
986 1491 1114 1564 tempus
1128 1491 1227 1546 terere
1248 1483 1403 1550 inanibus
1418 1487 1477 1552 tri·

69 1648 74 1656 ,
161 1581 215 1648 cis
230 1581 361 1647 videret

155 1683 159 1690 ’
208 1691 324 1774 Itaque
338 1691 489 1758 solidiore
512 1692 696 1780 aperiamus
711 1693 923 1777 gravissimae
947 1691 1111 1760 doctrinae
1126 1693 1352 1762 lnudnmcnte.
1396 1698 1480 1764 Juss

165 1801 278 1867 divino
292 1801 516 1867 indissolubile
540 1803 727 1886 conjugium
741 1813 799 1886 est3
826 1804 928 1887 major
941 1803 1040 1866 etiam
1065 1811 1136 1867 tum
1161 1801 1299 1868 accessit
1322 1803 1480 1888 conjugio

168 1911 313 1993 tinnitos,
329 1931 407 1978 oum
421 1890 654 1995 inlilrengelio
669 1911 702 1977 in
718 1913 943 1998 conjunctione
957 1913 1028 1993 riri,
1042 1922 1074 1978 et
1085 1913 1197 1980 uxoris
1210 1911 1317 1997 ligura
1330 1912 1394 1982 fuit
1406 1933 1480 2000 pro·
1550 1919 1553 1926 “

167 2018 272 2104 posits
286 2017 522 2102 conjunctionis
537 2018 667 2101 Christi,
691 2031 723 2084 et
738 2019 912 2102 Ecclesiae,
931 2021 1017 2105 quod
1034 2039 1113 2086 sane
1127 2021 1334 2106 potissimum
1347 2021 1384 2088 in
1398 2042 1479 2090 000-

161 2127 253 2212 jugio
278 2139 347 2192 rato
372 2127 514 2210 adparet.
557 2126 644 2194 Hinc
658 2129 764 2214 ajebat
788 2129 937 2194 Christus
964 2127 1135 2194 Dominus:
1167 2129 1269 2204 Quod
1284 2126 1382 2198 Deae
1403 2155 1480 2200 ωη-

160 2238 289 2323 junxit,
314 2237 409 2304 bomo
422 2258 488 2302 non
501 2245 640 2322 soporat.
684 2238 800 2308 Quum
814 2237 911 2320 igitur
935 2247 1143 2322 praeceptum
1160 2247 1220 2319 ast,
1245 2258 1288 2305 ne
1312 2237 1415 2321 homo
1428 2259 1479 2308 aa·

163 2339 314 2428 jungerer
338 2346 526 2428 conjunctos
551 2351 573 2410 a
596 2342 678 2424 Deo,
704 2347 871 2428 perspicue
898 2344 1030 2426 inuitur,
1058 2343 1291 2428 sejunctionem
1316 2344 1497 2431 ejusmodi,

153 2449 241 2540 ‚Deo
257 2449 419 2530 macerari,
442 2447 719 2536 quemadmodum
743 2449 927 2544 obsecravit
941 2449 1151 2516 Innocentius
1165 2447 1225 2514 111„
1250 2451 1285 2522 in
1299 2469 1372 2534 cap
1387 2451 1420 2514 2.
1435 2450 1478 2516 de

166 2559 315 2626 translat
342 2557 494 2644 Episcop.
537 2556 629 2624 Deus
643 2570 753 2626 autem
780 2557 895 2624 nullibi
910 2557 1007 2622 verbo
1032 2569 1244 2624 sustentatus
1258 2567 1317 2640 est,
1342 2579 1378 2623 se
1393 2578 1479 2648 nun·

168 2683 270 2750 quam
295 2665 446 2750 conjugia
460 2665 615 2749 legitima,
642 2675 675 2728 et
697 2670 767 2732 ese
793 2663 893 2729 semel
910 2665 1025 2748 juncte
1045 2663 1294 2746 damtunam
1310 2663 1424 2730 immo
1444 2675 1479 2732 et

169 2787 295 2844 constat
310 2775 488 2860 aliquando
513 2775 655 2842 voluisse
669 2773 861 2859 disjungere,
884 2773 1091 2858 quandoper
1114 2773 1304 2860 Apostolum
1330 2773 1479 2842 Paulum

170 2888 313 2972 pennnit
327 2885 450 2952 infideli
476 2885 642 2950 accedenti
657 2884 701 2948 ari
714 2883 934 2951 christianam
948 2881 1047 2950 iidem
1062 2881 1212 2970 conjugio
1234 2883 1269 2950 in
1283 2883 1478 2952 imideliteto

129 3057 142 3086 ,
169 3008 332 3064 contracto
357 2997 494 3078 liberari.
515 2997 572 3061 ubi
585 2993 819 3079 suscipiendae,
845 2991 898 3058 vel
914 3013 1023 3058 recens
1049 3005 1218 3078 susceptae
1240 2993 1319 3060 fidoi
1343 2996 1426 3062 ratio
1440 2995 1477 3062 id

170 3107 357 3194 postularet.
398 3103 622 3177 Quamobrem
636 3105 662 3168 si
678 3103 867 3168 alterutrum
881 3103 1053 3184 conjugem
1068 3099 1159 3166 Deus
1174 3101 1217 3166 ad
1233 3101 1414 3169 ineundam
1428 3103 1477 3170 si·

171 3231 239 3282 tam
253 3215 468 3280 monasticam
493 3223 594 3294 vocet,
619 3213 691 3278 Deo
699 3211 825 3296 jubenti
839 3211 898 3274 erit
922 3209 1222 3293 obtemperandum
1248 3219 1349 3304 etque
1365 3213 1477 3297 corrq‘u·

173 3329 264 3415 glum
280 3341 358 3395 tuno
372 3325 568 3392 dissolutum
593 3344 659 3390 non
673 3325 747 3403 alia,
761 3341 862 3406 quam
877 3320 989 3386 divina
1004 3323 1192 3388 auctoritate
1216 3324 1374 3391 recissum
1388 3323 1478 3390 rida-

175 3433 235 3514 trir,
251 3445 288 3498 ut
302 3433 346 3498 ait
372 3431 556 3498 Alexander
570 3433 629 3498 111.
645 3431 678 3496 iu
693 3450 764 3514 cop.
780 3429 837 3496 ult.
852 3429 893 3492 de
914 3447 1058 3494 corruere.
1080 3433 1206 3516 conjug.
1222 3433 1256 3496 in
1268 3433 1301 3498 ¹1.
1314 3433 1477 3500 collectic-

174 3563 217 3610 ue
232 3540 470 3606 Decretaliurn..
503 3541 600 3604 Porro
614 3537 726 3602 diviua
741 3537 891 3602 voluntas
905 3547 964 3598 aut
977 3536 1137 3619 generalis
1152 3547 1209 3617 est,
1225 3557 1310 3620 quoe
1324 3539 1357 3602 in
1375 3539 1477 3606 sacris

176 3647 476 3730 literiscxprimitur
501 3646 706 3730 generalibus
719 3645 886 3727 propositis
911 3644 1175 3732 institutionibus,
1197 3645 1477 3728 quemadmodum

175 3756 240 3836 illu,
256 3775 322 3838 qna
347 3739 499 3818 traditum
514 3754 645 3834 scimus,
671 3753 822 3836 conjugia
837 3751 1018 3816 infidelium
1032 3750 1209 3832 aliquando
1231 3751 1393 3834 baptismo
1408 3769 1475 3816 sus·

176 3873 269 3944 cepto
293 3857 439 3938 rescindi,
467 3871 523 3924 aut
548 3859 729 3942 singularis,
753 3875 838 3942 quae
852 3861 951 3942 vulgo
966 3859 1096 3922 divinae
1122 3857 1339 3940 inspirationis
1354 3871 1476 3928 conum

177 3957 343 4034 bominem
357 3969 547 4034 illustrantis
561 3968 692 4032 nomino
707 3969 895 4052 appelletur.
938 3967 977 4030 In
992 3967 1055 4030 bec
1070 3967 1175 4050 speeie
1197 3965 1477 4034 dissolvendarum

176 4075 398 4158 conjugiorum
413 4073 574 4143 ineundae
588 4077 785 4139 monasticae
800 4079 1010 4154 vitecosum,
1026 4075 1176 4156 generale
1196 4071 1253 4138 Dei
1269 4087 1476 4160 praeceptum

177 4201 243 4246 non
256 4184 425 4263 habemus,
451 4183 726 4266 quemadmodum
741 4185 902 4248 babemus
927 4185 967 4248 de
982 4184 1189 4248 dissolvendo
1213 4187 1364 4270 conjugio
1378 4204 1477 4253 causa

176 4289 253 4357 briei
278 4293 491 4374 Christianam
518 4291 677 4375 siquidem
704 4293 906 4356 Christianae
932 4293 1007 4358 fidei
1037 4311 1136 4357 cansa
1166 4293 1476 4378 praeterquamquod

177 4401 325 4466 omnium
340 4402 494 4483 maxima,
509 4412 542 4467 et
554 4402 747 4486 gravissima
761 4403 912 4466 cuntibus
926 4403 1024 4467 etism
1039 4404 1172 4468 omnino
1191 4401 1382 4484 bominibus
1396 4423 1476 4470 com·
