3210 4990
192 405 241 449 na
267 405 326 466 ns,
349 405 412 454 aur
437 405 584 460 1111111111
605 405 807 458 constatura
830 403 1308 458 counaannmuaeuauur.
1370 393 1429 458 161

118 527 288 592 Gratiani.
331 528 436 594 Immo
450 547 557 611 neque
569 547 629 614 ego
645 539 731 612 puto,
743 527 876 592 dissolvi
897 529 1085 612 eonjugium
1099 548 1202 610 posse,
1218 532 1434 612 quotieseum

117 656 193 719 que
220 638 427 719 impotentiae
453 640 569 702 uitium
593 637 766 722 praecessit
788 635 921 718 quidem
944 639 1082 721 conjugii
1112 643 1433 722 consummationem,

120 744 280 810 nondum
297 757 403 820 tamen
419 746 500 810 illud
514 747 643 818 suberat
663 758 802 828 tempore
825 757 1018 824 eontraotus,
1033 747 1190 831 quiajam
1206 749 1247 811 ab
1262 749 1359 830 initio,
1376 769 1436 817 sau

119 865 274 936 tempore
289 857 483 937 nuptiarum,
500 873 613 920 verum
639 833 701 920 luit
722 855 964 920 matrimonium
985 856 1175 936 constitisse
1192 860 1436 926 matrimonium

118 974 251 1040 autem,
269 963 355 1044 quod
369 963 469 1026 semol
479 963 550 1045 juro
564 961 714 1040 constitit,
730 981 772 1023 11,
784 959 825 1024 de
835 977 938 1026 eausa
949 961 1083 1024 dissolri
1097 981 1163 1028 non
1179 973 1291 1044 potest.
1335 967 1437 1030 Juvat

117 1071 169 1134 ad
186 1071 278 1134 hane
288 1091 355 1134 rem
369 1071 513 1155 adjicere,
529 1072 653 1153 quoties
668 1070 710 1133 de
731 1069 1000 1152 Hermaphrodito
1022 1079 1151 1150 agatur,
1177 1089 1262 1148 eum,
1277 1072 1332 1151 qui
1349 1072 1382 1134 in
1397 1091 1436 1136 eo

119 1179 305 1263 praevalet,
321 1199 436 1244 sexum
452 1179 574 1244 attendi
589 1189 741 1260 oportere,
756 1177 777 1240 l.
796 1179 844 1254 ll).
860 1177 892 1242 ff.
908 1177 949 1240 de
965 1188 1051 1242 statu
1066 1179 1162 1256 hum,
1185 1189 1282 1259 atque
1299 1181 1353 1244 ubi
1379 1200 1437 1264 par

118 1287 169 1350 sit
187 1286 357 1367 utriusque
371 1305 470 1350 sexus
482 1288 570 1365 ratio,
587 1286 639 1350 vel
653 1289 710 1368 qui
726 1285 919 1372 praevaleat,
943 1286 1113 1363 dubitetur,
1129 1286 1172 1350 ad
1187 1305 1264 1352 eum
1278 1291 1436 1370 pertinere

117 1395 258 1476 eligere,
273 1405 309 1456 ut
323 1406 487 1476 propterea
503 1405 572 1458 tum
586 1395 720 1474 demum
731 1395 778 1457 ad
794 1395 1036 1458 matrimonium
1050 1393 1308 1458 contrahendum
1324 1396 1365 1458 sit
1378 1397 1435 1459 ad-

121 1503 319 1582 mittendus,
340 1505 473 1588 quando
491 1525 608 1570 sexum
633 1505 773 1589 elegerit,
799 1523 902 1588 eoque
925 1505 1025 1568 eleeto
1035 1505 1250 1588 juraverit‘se
1265 1525 1437 1589 nunquam

121 1612 228 1678 aliter
239 1612 428 1679 electurum.
472 1637 474 1642 ·

639 1927 643 1936 ι
668 1839 902 1906 11111111.

194 2029 198 2034 ⁵
301 2061 357 2128 De
369 2061 581 2150 tinniturum
600 2065 879 2150 nupttoeirritoe
897 2087 943 2130 aa·
954 2065 1082 2148 dasena
1097 2087 1272 2132 eumenem

675 2197 898 2264 deaurantur.
1075 2175 1079 2184 ¹

129 2443 294 2691 QUEM
306 2584 349 2650 ad
364 2585 606 2652 matrimonium
619 2586 879 2653 contrahendum
895 2599 1018 2654 natura
1031 2589 1203 2672 praecipue
1216 2593 1356 2673 postulet
1369 2595 1439 2660 1111

126 2715 177 2758 mr
193 2697 447 2776 consensionem,
470 2716 512 2760 ex
536 2717 603 2779 qua
627 2698 779 2782 conjugia
797 2697 970 2764 hominum
985 2703 1005 2762 d
1020 2699 1187 2762 brutorum
1207 2703 1439 2784 conjunctioni·
1469 2701 1476 2714 ’

125 2809 196 2874 bue
218 2805 472 2890 distinguuntur,
496 2807 573 2874 hino
596 2809 801 2892 perspicuum
827 2809 873 2888 m,
896 2829 960 2886 eos,
986 2809 1042 2892 qui
1064 2811 1245 2874 consentire
1271 2833 1340 2877 non
1367 2799 1440 2898 poa-

125 2930 218 2996 tnmt,
244 2937 305 2982 nec
328 2937 422 3002 posse
447 2905 653 2995 matrimonia
681 2920 878 2985 contrahere
922 2921 1147 2990 Quamobrem
1175 2911 1273 2986 nemo
1293 2911 1480 3008 ¹dubitat,⁸

124 3027 210 3110 quin
236 3045 303 3092 non
330 3027 487 3092 subsistat
513 3028 756 3094 matrimonium
782 3027 955 3108 esuriero,
985 3029 1039 3095 vel
1067 3041 1196 3096 amento
1224 3005 1455 3118 contractum·
1472 3017 1495 3110 J

123 3135 266 3220 111124
282 3139 324 3203 du
347 3137 496 3218 sponsal,
522 3137 585 3202 aiei
604 3137 724 3203 initum
746 3148 942 3222 proponatur
967 3147 1115 3220 tempore,
1141 3151 1178 3204 ut
1203 3154 1329 3223 vocant,
1356 3145 1435 3220 luei-
1466 3163 1470 3172 '

125 3249 160 3312 di
178 3247 430 3330 internamque
455 3267 634 3316 eousenaua
658 3259 690 3312 et
704 3249 825 3328 haberi,
848 3259 880 3312 et
902 3247 1048 3332 dignosci
1064 3261 1183 3332 potest„
1220 3253 1305 3320 Muti
1320 3265 1351 3319 et
1367 3271 1435 3324 sur·
1529 3305 1537 3320 .

124 3353 170 3433 di,
196 3355 297 3418 etiam
322 3355 350 3420 si
377 3365 512 3436 utroque
538 3357 617 3420 vitio
640 3377 707 3423 una
731 3357 884 3436 labarent,
910 3362 932 3422 a
953 3358 1182 3424 contrahendis
1203 3365 1360 3448 conjugiis
1375 3372 1435 3436 mi.
1541 3359 1543 3364 '

125 3465 217 3527 nime
246 3473 405 3542 areentur,
435 3479 506 3544 cup.
542 3463 593 3526 23.
627 3463 670 3528 de
698 3465 849 3548 sponsal,
879 3465 990 3530 adhue
1018 3463 1109 3530 enim
1145 3482 1317 3550 supersunt
1352 3475 1431 3557 ipsis

125 3573 223 3654 signa
235 3582 332 3650 certa,
348 3553 391 3636 ex
411 3571 531 3653 quibus
557 3592 633 3638 vera
658 3576 854 3640 matrimonii
876 3575 1088 3658 ¹contrahendi
1103 3577 1262 3642 uoluntas
1276 3581 1430 3653 eliciatur.

124 3681 242 3766 louge
266 3679 396 3746 divorsa
417 3691 467 3744 eet
488 3701 590 3748 causa
613 3681 708 3762 illino,
734 3685 791 3764 qui
813 3684 1062 3748 1111111111
1077 3685 1250 3766 surduaet
1265 3701 1384 3773 miuus,
1400 3707 1436 3759 et

124 3787 383 3869 maurienna
400 3788 452 3852 hio
466 3791 555 3854 enim
570 3808 647 3856 cum
661 3811 844 3873 numquam
866 3793 1028 3878 pemipere
1052 3795 1196 3876 potuerit,
1212 3813 1375 3878 quaenam
1390 3805 1433 3868 sit

127 3897 260 3962 ineundi
276 3897 418 3980 coniugii
441 3910 566 3978 natura,
593 3900 711 3966 frustra
732 3902 768 3966 in
793 3903 980 3986 eonjugium
995 3906 1282 3990 ootraentireposae
1297 3911 1432 3996 surgere
1507 3905 1511 3920 '

126 4019 186 4069 tur.
232 4005 388 4088 Prodigus
412 4007 446 4076 111
471 4007 582 4077 multia
600 4009 745 4098 nasibus,
772 4009 901 4078 furiosis
925 4011 981 4077 uel
1000 4014 1184 4080 amentibus
1206 4021 1430 4103 aequiparans

127 4113 227 4180 luisse
242 4135 310 4180 non
324 4115 444 4209 ignoro.
472 4164 474 4173 ,
488 4115 528 4181 Id
542 4127 651 4184 tamen
668 4137 782 4186 verum
795 4119 969 4188 dumtaxat
981 4123 1076 4188 estin
1084 4124 1362 4196 adiniatratione
1377 4135 1432 4198 bo-

127 4245 242 4292 norum
257 4245 326 4308 qua
347 4238 510 4312 praeterea
529 4227 647 4297 dieitur
671 4229 720 4297 eis
739 4229 887 4298 interdioi
913 4229 1072 4297 Praeterit
1096 4236 1293 4300 autumnitate.
1336 4239 1446 4310 Qun-¹

128 4333 328 4404 rnobremad
343 4336 549 4404 matrimonia
570 4337 802 4418 contrahenda.
809 4339 1124 4424 juraratlntittentur,
1148 4339 1222 4406 lieet
1236 4342 1327 4423 iulia,
1342 4365 1435 4427 quaer

125 4443 341 4528 munerea
354 4443 440 4512 dotia
453 4443 724 4531 eonaututipnem,
746 4446 1032 4596 velrdonatiogem
1057 4453 1355 4596 pirlriptealnuptian,
1372 4475 1429 4520 cup

120 4589 124 4600 .
382 4549 387 4560 ·
469 4577 473 4590 ·
984 4552 1042 4596 on.
1117 4569 1167 4595 .-
1212 4581 1219 4597 .
