3168 4982
164 399 227 475 198,
515 423 757 471 uissennsmo
780 381 935 487 ausura,
958 425 1033 470 ose
1056 403 1111 470 lv.

160 549 192 606 ct
206 540 365 624 adfinitas
378 543 608 627 intelligatur?
653 545 721 610 Sea
734 548 770 610 ln
780 568 816 611 re
830 548 933 612 dulia
947 547 1313 627 cantuaniensem
1328 554 1384 626 est,
1399 545 1465 610 lv·

157 654 304 736 jucamur·
328 655 459 738 nuptiis
484 658 655 722 abstinere.
698 658 823 721 Revera
837 659 864 720 si
888 659 1064 722 adfinitatis
1073 661 1129 743 jus
1159 661 1303 741 seqnitur
1317 658 1464 723 indolem

159 763 449 844 consanguinitatis
474 783 516 828 ex
532 785 577 843 eo,
602 764 689 846 qnod
705 765 753 826 vir
774 777 806 828 ct
821 783 903 830 uxor
919 786 985 830 una
1007 785 1081 832 caro
1096 769 1168 845 siut,
1191 787 1249 832 cur
1263 787 1328 832 non
1344 767 1461 830 adfini-

159 879 209 932 tas
223 891 266 936 ex
280 871 392 936 illicita
416 873 533 958 copula
548 873 777 956 proficiscatur,
801 875 934 956 quando
956 869 1222 960 consanguinitas
1247 878 1398 942 intereos
1413 878 1462 940 in-

158 970 297 1059 tercedit,
313 982 369 1062 qui
395 1001 437 1046 ex
451 1001 657 1064 quacumque
683 984 781 1052 etiam
796 982 908 1046 illicita
932 985 1156 1068 conjunctione
1176 983 1368 1068 gignuntur?
1382 999 1467 1046 cum

157 1089 266 1154 adhuc
281 1091 315 1156 in
330 1091 450 1156 illicitis
476 1094 769 1178 conjunctionibus,
782 1094 810 1157 si
824 1113 891 1158 non
901 1095 981 1178 jure,
1007 1095 1122 1161 saltem
1137 1094 1222 1160 lacto
1236 1097 1285 1158 vir
1299 1105 1330 1158 et
1345 1093 1464 1158 mulier

116 1237 117 1244 κ
158 1216 227 1264 una
240 1217 314 1260 caro
330 1198 418 1278 liant,
445 1199 725 1281 quemadmodum
737 1221 780 1264 ex
804 1201 922 1266 illicitis
938 1205 1060 1286 nuptiis
1081 1203 1247 1284 procreari,
1260 1203 1287 1266 si
1302 1221 1367 1265 non
1378 1202 1463 1284 jure,

158 1309 275 1374 saltem
289 1309 374 1374 lacto
389 1310 543 1377 eumdem
557 1311 750 1394 sanguinem
771 1311 1013 1378 derivaverunt.
1050 1314 1147 1378 Hanc
1160 1315 1201 1376 ob
1217 1333 1352 1376 causam
1366 1313 1467 1377 Pour-

158 1423 276 1504 ponius
286 1421 355 1504 jam
371 1441 469 1504 supra
485 1422 637 1486 laudatus
652 1423 687 1486 in
701 1422 721 1486 l.
737 1424 766 1486 2.
786 1425 807 1490 i.
823 1423 852 1486 3.
870 1423 901 1486 ff.
914 1423 955 1488 de
969 1425 1158 1489 concubinis
1169 1425 1214 1488 ita
1229 1425 1396 1488 scribebat:
1419 1423 1466 1489 st

158 1553 224 1617 qua
239 1533 277 1596 in
289 1533 425 1620 patroni
430 1533 508 1616 suit
522 1533 749 1611 concubinatu,
775 1533 893 1596 Marde
907 1533 1022 1618 institi
1036 1556 1104 1598 esse
1123 1535 1235 1620 coepit,
1250 1536 1301 1598 nel
1315 1537 1352 1597 in
1366 1555 1467 1618 nepo-

85 1655 89 1668 ·
158 1639 227 1716 tiis,
242 1639 293 1700 vel
315 1647 522 1704 contrarius
546 1647 631 1723 puto
643 1659 716 1704 eum
740 1642 960 1724 rectesacere:
977 1643 1058 1727 quia
1071 1663 1175 1727 prope
1188 1644 1323 1726 aesario
1340 1651 1389 1706 est
1402 1644 1465 1707 llu-

153 1746 302 1830 jusmodi
317 1747 506 1832 conjunctio,
519 1755 551 1812 et
564 1747 636 1811 idco
646 1747 988 1834 lujusrnorlisacinus
997 1751 1236 1836 prohibendum
1246 1761 1302 1816 est.
1346 1753 1464 1832 Neque
1477 1736 1480 1742 ¹

157 1855 210 1918 his
222 1865 385 1942 ¹repugnat
399 1853 602 1919 Modestinus
618 1855 652 1920 ia
666 1856 685 1920 l.
701 1856 731 1920 4.
749 1859 770 1924 l.
786 1857 821 1920 8.
832 1856 864 1920 ff.
880 1857 921 1920 de
932 1857 1063 1940 gradib,
1079 1869 1111 1920 et
1126 1857 1234 1938 adfin,
1252 1857 1304 1922 ubi
1318 1855 1471 1936 traditur,

157 1985 260 2049 neque
275 1965 513 2046 cognationalis,
539 1985 641 2050 neqrce
656 1965 864 2048 adfinitatem
878 1987 947 2029 esse
968 1987 1074 2050 posse,
1088 1967 1157 2028 nisi
1181 1967 1321 2048 nuptiae
1334 1985 1400 2028 non
1414 1965 1471 2026 in·

157 2075 315 2144 terdictae
340 2072 500 2152 siut-boc
515 2071 603 2134 enim
629 2073 764 2154 pertinet
788 2091 855 2136 non
878 2072 920 2136 ad
939 2075 1014 2157 jura
1028 2073 1261 2156 corrjugiorum,
1284 2069 1342 2132 sed
1357 2069 1469 2151 potius

157 2181 404 2261 haereditatum,
430 2181 713 2262 legitimarumquc
739 2182 991 2256 successionum,
1019 2181 1137 2263 quibus
1153 2180 1243 2244 loctn
1269 2199 1336 2242 non
1356 2177 1401 2257 fit,
1417 2177 1476 2241 ni·

158 2291 185 2359 si
200 2275 242 2356 ex
267 2309 306 2354 ea
331 2289 632 2374 consanguinitatis,
658 2299 760 2370 atque
781 2287 960 2380 adfinitatis
983 2291 1097 2373 specie,
1128 2289 1181 2352 cui
1206 2288 1370 2370 legitimae
1384 2305 1475 2369 nup-

157 2400 222 2466 tiae
236 2417 372 2462 causam
397 2396 551 2476 dederint,
569 2397 589 2460 l.
604 2397 634 2460 4.
651 2394 685 2459 ff.
700 2395 787 2460 unde
798 2397 936 2480 cognatu
953 2416 1018 2479 quo
1046 2397 1160 2462 eodem
1176 2395 1209 2460 in
1225 2413 1324 2458 sensu
1339 2390 1472 2458 Modes-

158 2509 246 2576 tinus
262 2508 330 2591 ipse
356 2507 389 2570 in
407 2507 429 2576 i.
447 2507 495 2570 11.
511 2505 656 2591 ejusdem
679 2504 806 2588 regist
830 2505 995 2584 scribebat,
1021 2505 1126 2588 capite
1149 2501 1329 2567 diminutos
1341 2513 1373 2564 et
1392 2518 1472 2584 cog·

158 2620 305 2686 nationes
321 2635 443 2694 ornnes,
459 2625 491 2680 et
515 2613 709 2695 adfinitates,
725 2635 807 2698 quas
822 2625 917 2680 antea
940 2613 1133 2692 habuerunt,
1148 2613 1302 2678 amittere.
1345 2611 1398 2674 An
1412 2628 1472 2672 ve·

158 2739 241 2796 teres
256 2745 397 2790 canones
421 2725 506 2788 hanc
531 2743 573 2788 ex
589 2723 699 2786 illicito
723 2723 811 2788 coitu
832 2721 1088 2805 proficiscentem
1113 2719 1316 2786 adfinitatem
1340 2719 1476 2782 adton-

160 2837 236 2902 dem
251 2833 381 2919 gradus,
396 2834 439 2898 ad
465 2833 597 2898 totidem
612 2833 711 2896 etiarn
736 2820 855 2914 genera
876 2829 1090 2910 extenderint,
1115 2839 1194 2912 quot
1209 2841 1294 2908 sum,
1311 2827 1362 2891 vel
1375 2837 1475 2892 erant

160 2952 307 3024 respectu
330 2940 512 3004 adfinitatis
534 2961 576 3004 ex
598 2919 694 3023 justis
723 2941 845 3023 nuptiis
870 2939 1111 3022 proficiscentis,
1138 2939 1257 3021 ignoro,
1283 2956 1361 3002 cum
1385 2935 1478 3002 inihi?

161 3057 325 3128 comperta
352 3066 418 3110 non
433 3047 498 3110 sint
523 3046 635 3130 aliqua
649 3047 777 3111 decreta
802 3049 836 3112 iu
850 3049 914 3111 hac
929 3058 1018 3130 parte
1044 3045 1224 3129 specialiter
1239 3046 1334 3109 edita.
1378 3045 1477 3110 Tan·

161 3169 233 3228 tum
247 3155 321 3235 scio,
338 3157 372 3218 in
396 3175 465 3240 cap.
482 3155 511 3220 t.
528 3155 561 3218 8.
574 3155 613 3234 9.,
629 3165 662 3218 et
676 3155 734 3218 ult,
751 3155 795 3220 dc
817 3175 862 3236 eo,
879 3157 936 3236 qui
961 3173 1096 3236 cognov.
1123 3173 1211 3218 cons.
1227 3171 1282 3218 nx.
1310 3171 1398 3230 suae,
1413 3149 1473 3214 fie-

158 3265 189 3358 Ιτί
214 3263 414 3326 mentionem
428 3263 469 3326 de
494 3274 596 3326 matre
622 3265 674 3328 vel
699 3265 777 3345 filia,
804 3265 845 3328 de
871 3283 975 3328 sorore
999 3262 1051 3326 vel
1076 3261 1181 3326 fratre.
1225 3260 1477 3324 Consuetudine

163 3391 239 3436 vero
261 3371 400 3436 inficiari
415 3393 480 3436 non
505 3393 647 3456 possum,
664 3375 802 3438 similem
827 3382 987 3453 receptam
1010 3371 1109 3437 luisse
1134 3369 1348 3452 disciplinam,
1364 3369 1475 3432 donec

164 3501 319 3564 expressa
342 3483 412 3564 lege
426 3485 639 3546 constitutum
654 3481 716 3546 luit
737 3483 771 3546 in
791 3480 985 3544 Tridentino
1012 3478 1156 3544 Concilio
1171 3499 1248 3541 sess.
1274 3478 1329 3540 ut.-
1341 3477 1382 3540 dc
1397 3476 1478 3540 liet

165 3593 347 3680 matrimon.
363 3615 432 3677 cap.
449 3594 487 3674 t,
515 3595 599 3658 utin
615 3595 718 3676 primo
743 3603 879 3678 tantum,
895 3601 925 3656 et
951 3591 1094 3656 secundo
1117 3591 1220 3673 gradu
1235 3589 1413 3654 adfinitatis
1428 3609 1475 3657 ex

165 3684 278 3766 illicito
302 3705 389 3768 coitu
414 3703 645 3787 proficiscentis
671 3701 914 3766 matrimonium
938 3698 1196 3764 contrahendum
1221 3697 1423 3780 impediatur,
1440 3709 1478 3762 et

166 3822 366 3880 contractum
392 3813 516 3876 irritum
543 3811 709 3874 habeatur.
753 3809 901 3874 Alterum
929 3806 1172 3883 consectarium,
1204 3823 1269 3884 qno
1291 3802 1336 3881 fit,
1364 3802 1479 3866 atad-

167 3921 277 3986 fiuitas
302 3923 534 4005 superveniens
549 3920 680 4002 nuptias
705 3917 784 3982 olim
808 3927 989 3980 contractas
1014 3917 1147 3980 minime
1173 3913 1338 3993 dissolvat,
1363 3931 1405 3975 ex
1420 3931 1478 3976 eo-

167 4023 243 4100 dem
267 4031 422 4114 principio
437 4031 535 4092 etiam
561 4027 716 4110 profluere
741 4045 833 4110 posse
858 4024 995 4106 videtum
1019 4043 1096 4086 cum
1121 4023 1208 4086 enim
1223 4021 1257 4084 in
1278 4019 1478 4100 consangui-

167 4141 268 4204 nitate
283 4159 452 4223 nuuquam
479 4139 616 4216 evenire,
633 4148 691 4202 aut
705 4137 785 4218 fingi
804 4153 908 4198 ¹casus
924 4133 1030 4216 possit,
1046 4151 1110 4214 quo
1135 4139 1297 4193 contracto
1322 4126 1481 4210 conjugio

167 4251 385 4333 superveniat,
409 4261 441 4310 et
454 4267 627 4329 nunquam
654 4255 818 4330 propterea
833 4241 980 4336 eveniat,
996 4251 1033 4304 ut
1056 4235 1337 4319 consanguinitate
1366 4229 1482 4296 matri-

168 4361 317 4426 monium
339 4361 410 4444 jam
433 4361 490 4434 rite
514 4371 716 4422 contractum
741 4357 920 4433 dirimatur,
946 4351 1059 4434 regula
1084 4348 1208 4433 prodiit,
1234 4357 1271 4410 ut
1285 4343 1481 4428 conjugium

169 4485 236 4534 non
259 4468 455 4544 dissolvatur
478 4465 657 4534 adfinitate·
671 4465 926 4551 superveniente,
952 4481 1022 4546 cap.
1044 4461 1086 4542 2,
1099 4471 1131 4522 et
1144 4459 1174 4524 6.
1200 4456 1241 4520 de
1255 4473 1302 4536 eo,
1328 4452 1385 4536 qui
1399 4469 1487 4536 cog«
