3120 4980
199 383 241 449 96
441 400 531 452 eres
549 383 676 460 narni,
695 398 938 446 etesenranro
954 397 1127 459 stennon,
1144 399 1220 446 cer.
1237 378 1280 446 11.

199 543 240 586 ac
256 521 425 606 praecipue
449 521 564 584 Olerioi
580 519 800 584 &civitatibus
826 521 1027 603 pellerentur,
1043 521 1066 585 l.
1090 522 1150 600 31,
1166 532 1199 589 et
1219 521 1269 586 32.
1285 521 1355 584 cod.
1375 517 1483 586 'l'beod
1552 593 1553 600 ,

200 632 278 710 eod,
294 642 326 694 et
341 631 482 713 pressius
505 632 536 694 in
554 630 573 692 Ι.
589 630 639 693 at.
656 631 732 696 anni
749 629 819 693 398.
836 625 905 691 cini.
929 629 1093 692 Theodos.
1109 628 1179 692 eod
1223 629 1352 692 Clarius
1368 632 1399 692 in
1414 630 1430 692 l.
1444 627 1483 693 3b
1552 613 1553 616 Ἴ

198 741 270 806 cod.
286 733 414 804 Theod.
441 741 510 803 eod.
527 741 573 802 tit.
590 739 666 802 anni
694 737 766 802 399.
781 739 942 816 statuitur,
968 749 1002 800 nt
1018 737 1234 804 Eunomianis
1256 750 1289 801 et
1302 757 1379 804 curo
1395 737 1485 802 lintre
1552 799 1553 830 3

198 847 318 911 mierris
333 847 374 910 sit
389 848 571 910 testamenti
588 846 694 926 sactirn
718 847 900 932 abstineant
916 857 1025 908 antem
1041 845 1140 909 iidem
1161 851 1183 911 a
1197 845 1333 928 publicis
1349 847 1483 926 coetibus,

197 967 231 1018 et
245 955 272 1018 si
287 955 434 1038 publicos
448 965 559 1018 coetus
574 955 706 1035 egerint,
722 954 890 1016 Antistites
906 953 1035 1031 amissis
1046 953 1140 1014 bonis
1155 951 1370 1032 deportentur,
1385 965 1415 1014 et
1426 950 1485 1016 luu-

197 1063 231 1127 di
257 1083 421 1147 possessor
447 1061 561 1128 ultimo
586 1061 744 1144 supplicio
769 1059 1006 1148 feriatur,ipse
1032 1061 1192 1142 possessio
1207 1059 1287 1124 lisco
1313 1061 1485 1126 vindicetur.

198 1175 294 1253 Anno
308 1172 380 1234 410.
397 1172 512 1234 iterum
536 1182 670 1234 cautum
686 1179 734 1232 est
749 1175 768 1232 a
795 1151 982 1232 Theodosio
1004 1165 1135 1230 Juuiore
1151 1166 1184 1228 in
1200 1165 1296 1244 1.49.,
1319 1176 1353 1227 et
1366 1167 1416 1230 50.
1428 1163 1484 1228 ood.
1552 1163 1553 1174 ’

197 1277 363 1342 Theodos.
380 1276 449 1340 eod.
467 1278 522 1356 tir,
539 1287 574 1340 ut
590 1277 789 1340 Eunornieni
806 1293 911 1356 neque
926 1287 1057 1357 possent
1071 1285 1263 1336 testamenta
1278 1272 1422 1351 condere,
1436 1291 1484 1336 nec

196 1401 310 1464 capere
327 1393 526 1462 testamento,
543 1383 643 1446 imnro
658 1403 718 1446 nec
734 1401 826 1464 posse
843 1383 981 1476 invicem
997 1383 1058 1445 sibi
1074 1381 1203 1458 donare,
1219 1400 1279 1443 nec
1301 1401 1342 1444 ex
1358 1381 1484 1444 donatio·

153 1556 154 1560 ,
195 1491 294 1552 nibus
310 1490 491 1572 quidquam
503 1491 680 1572 adquirere,
696 1491 846 1552 onrrribrrs
863 1489 1007 1552 lucris-in
1025 1489 1141 1554 liscum
1157 1490 1295 1570 collatis;
1322 1491 1406 1571 quod
1422 1492 1445 1554 si
1458 1489 1485 1552 in

195 1599 320 1664 haeresi
336 1598 556 1676 decessissent,
584 1597 744 1682 adjectum
759 1609 814 1674 est,
842 1610 877 1660 ut
894 1599 936 1660 ab
962 1599 1114 1660 intestato
1137 1595 1345 1660 succederent
1368 1595 1484 1678 legitimi

195 1705 357 1788 haeredes,
373 1708 492 1790 quibus
519 1706 751 1782 deficientibus,
767 1706 813 1788 ad¹
826 1706 941 1768 liscurn
957 1706 1140 1770 haereditas
1163 1705 1397 1786 devolveretur;
1412 1701 1485 1786 quod

194 1829 226 1880 et
241 1817 446 1882 confirmavit
460 1835 547 1880 anno
571 1816 643 1878 415.
661 1815 748 1878 idern
763 1814 972 1878 Theodosius
997 1815 1111 1878 Junior
1126 1815 1159 1878 in
1176 1815 1195 1876 l.
1212 1817 1261 1876 5&
1285 1813 1355 1878 cod.
1371 1811 1484 1876 'l'lreod

193 1926 263 1990 cod.
279 1927 325 1988 tit.
370 1927 516 1990 Fuerunt
542 1935 656 2005 quarto
671 1923 802 1987 saeculo
824 1923 975 1986 haeretici
990 1923 1124 2004 quidam
1146 1924 1222 1989 dicti
1238 1922 1483 1994 ‘ttascnrtrocrne

129 2081 159 2094 ..
192 2031 249 2113 'qui
275 2031 554 2113 superstitionibus
577 2030 773 2110 quibusdam
801 2031 882 2094 inter
911 2031 1074 2118 orandnrn
1098 2031 1277 2106 utebantur,
1307 2029 1483 2112 dequibus

193 2141 320 2223 scripsit
346 2141 553 2224 Epiphanius
568 2141 691 2204 haeresi
707 2140 758 2202 te.
802 2140 970 2204 Adversus
986 2141 1063 2206 istos
1088 2160 1176 2204 enno
1201 2140 1273 2206 383.
1291 2141 1483 2210 Theodosius

193 2253 336 2335 Magnus
350 2253 473 2331 statuit,
490 2269 531 2316 ne
557 2251 786 2315 conventicula
801 2251 924 2330 inirent,
940 2252 1019 2332 quin
1035 2263 1143 2314 tamen
1167 2253 1275 2316 astris
1285 2251 1413 2316 sedibus
1428 2269 1483 2314 nro

190 2373 351 2437 verentur,
366 2361 445 2444 quia
471 2359 528 2423 vix
544 2361 663 2438 turbas,
676 2358 917 2441 seditionesque
940 2359 1155 2436 concitabant,
1171 2357 1199 2446 l.
1218 2359 1266 2422 lli.
1282 2357 1353 2420 cod
1369 2352 1482 2420 Tbeod

184 2473 227 2538 de
244 2472 362 2534 haeret.
407 2469 533 2532 Eodem
550 2479 665 2550 quarto
682 2465 812 2530 saeculo
826 2467 983 2532 adversus
999 2468 1246 2550 Apollinaristas
1263 2478 1415 2537 statutnrn
1430 2465 1484 2530 lnit

185 2580 228 2642 ab
246 2575 383 2642 Arcadio
399 2576 593 2656 Imperatore
609 2574 642 2636 io
660 2573 678 2636 l.
695 2573 745 2636 33.
761 2573 831 2636 cod.
847 2573 975 2638 Tbood.
991 2575 1061 2638 eod.
1077 2577 1122 2637 tit.
1140 2575 1216 2638 anni
1232 2575 1319 2651 39⁷,
1336 2587 1481 2637 uteorum

184 2681 341 2760 doctores,
355 2683 409 2764 qni
424 2681 580 2744 nimirum
595 2681 707 2744 urbem
723 2681 1115 2764 constantinopolitanam
1128 2683 1310 2760 turbabant,
1326 2681 1367 2750 ab
1380 2679 1481 2746 cadero

187 2789 264 2853 urbe
280 2787 490 2864 discederent,
517 2787 561 2849 ita
577 2797 613 2848 nt
626 2786 655 2848 si
683 2787 833 2876 privatim
849 2789 882 2855 in
900 2790 976 2854 orbe
998 2789 1226 2855 conventicula
1246 2787 1403 2866 fecissent,
1420 2790 1481 2850 loce

187 2898 257 2979 ipsa
273 2909 385 2960 coetus
400 2896 566 2961 destinata·
577 2895 654 2960 fisco
671 2897 920 2964 vindicarentur.
957 2897 1085 2962 Similia
1099 2897 1263 2977 quaedam
1282 2908 1402 2960 statuta
1415 2905 1481 2958 sunt

184 3025 272 3069 enno
299 3005 370 3068 415.
397 3011 419 3069 e
443 3004 629 3068 Theodosio
654 3005 788 3068 Juniore
813 3005 971 3070 adversus
997 3004 1213 3070 Montanistes
1239 3004 1271 3066 io
1300 3003 1319 3066 l.
1350 3003 1398 3068 57.
1418 2999 1478 3064 cod.

187 3110 314 3174 Theod.
330 3112 399 3174 eon.
417 3113 471 3192 tir,
500 3112 554 3176 ubi
570 3122 704 3176 cautum
719 3125 779 3192 est,
803 3112 1019 3202 deportandos
1044 3132 1115 3176 esse
1130 3131 1240 3182 eorum
1265 3113 1411 3190 Clericus,
1430 3108 1478 3192 qui

183 3223 410 3286 conventicula
425 3223 685 3300 celebravissent,
710 3223 801 3288 bonis
817 3224 949 3304 quidem
966 3225 1162 3306 privatorum
1185 3223 1478 3302 relictisrrnicuiqne

183 3327 323 3406 domino,
341 3341 468 3392 tanturn
477 3327 638 3392 devolutis
648 3328 689 3390 ad
705 3305 883 3394 Ecclesiam
897 3331 974 3394 locis
991 3332 1091 3395 sacris
1104 3349 1170 3400 nun
1181 3349 1258 3395 curn
1273 3325 1476 3397 darerttsrctt-

71 3437 78 3444 '
183 3440 290 3521 gionis
316 3459 417 3502 carisa
431 3438 567 3502 collatis,
610 3435 778 3502 Adversus
795 3439 1001 3504 Nestorianos
1027 3458 1114 3504 anno
1129 3439 1200 3504 435.
1228 3438 1437 3510 Theodosius,
1450 3442 1476 3493 et

185 3547 444 3624 Valentinianus,
462 3557 651 3624 statuerunt,
669 3567 709 3610 ne
723 3547 949 3610 conventicula
965 3545 1114 3624 lacerent,
1138 3563 1195 3608 sou
1211 3555 1322 3630 coetus
1336 3541 1474 3624 publicos,

143 3685 146 3692 ·
185 3657 308 3720 indicta
323 3656 480 3718 aduersus
504 3655 723 3720 inobedientes
739 3675 842 3736 poena
869 3655 1097 3738 publicationis
1122 3653 1288 3730 bonoruur,
1313 3651 1332 3714 l.
1348 3650 1396 3715 od
1416 3642 1474 3707 cud-

185 3763 312 3830 Theoti.
337 3761 377 3824 de
403 3761 520 3824 haeret.
549 3761 567 3824 l.
594 3763 622 3825 b.
650 3761 718 3825 cod.
746 3761 861 3826 Jrrstin.
889 3761 960 3825 eod.
982 3759 1027 3822 tit
1073 3756 1334 3833 Valentinianus,
1359 3767 1390 3818 et
1404 3752 1475 3816 nar-

185 3869 293 3934 tiauus
308 3888 394 3930 anuo
409 3869 480 3933 457.
496 3870 529 3934 in
546 3869 565 3931 l.
582 3871 611 3932 8.
630 3869 700 3932 cod.
717 3869 735 3930 J
740 3871 834 3932 nstin.
850 3868 920 3932 eod.
937 3867 1093 3934 adversus
1120 3865 1348 3948 Eutychianos
1371 3873 1473 3924 statue·

184 3989 269 4054 runt,
288 3989 321 4040 ιιι
336 3975 506 4060 nequirent
521 3978 661 4045 Clericus
677 3975 823 4042 ordinare
841 3977 891 4040 vel
907 3979 1032 4054 bebere,
1060 3989 1125 4040 tam
1141 3973 1371 4048 ordinantibus,
1386 3981 1472 4052 quant

184 4091 340 4170 ordinatis
356 4108 492 4172 poenam
508 4090 594 4156 exilii
611 4109 687 4152 cum
703 4090 858 4166 bonorum
875 4089 1048 4152 arrrissioue
1062 4087 1242 4152 indicentes
1264 4083 1343 4146 fisco
1366 4081 1474 4152 dornos,

185 4197 218 4260 in
234 4197 353 4276 quibus
367 4206 477 4260 coetus
503 4195 745 4273 celebrarentur,
771 4192 999 4274 conventicula
1023 4191 1259 4256 celebrantibus
1280 4187 1397 4252 indicta
1411 4199 1474 4264 poe·

188 4323 231 4366 na
247 4301 390 4378 fustium,
417 4299 445 4362 si
460 4301 542 4364 viles
557 4311 671 4379 essent,
688 4300 715 4365 si
731 4299 865 4378 honesti,
892 4318 997 4380 poena
1011 4296 1209 4386 pecuniaria,
1224 4296 1323 4356 irnnro
1338 4303 1368 4354 et
1383 4301 1474 4372 poena

187 4407 293 4472 ultirni
308 4407 459 4492 supplicii
474 4407 520 4486 iis,
536 4405 592 4489 qui
609 4407 767 4469 baeresim
781 4403 977 4468 docuissent.
1019 4403 1204 4484 Asperiores
1218 4419 1306 4482 sane,
1329 4415 1366 4460 ac
1379 4389 1474 4456 durio·
