3168 4982
103 403 108 414 ’
217 413 281 484 2⁸6
574 437 818 488 utssuautrrc
832 441 991 504 aursus,
1012 443 1090 488 otu.
1112 421 1205 490 tn..

215 561 285 641 bus,
300 569 360 623 aut
372 557 464 622 tiull'a
479 562 611 626 omuino
626 573 701 640 erat,
727 573 786 625 aut
799 563 979 628 admodum
991 633 995 644 ,
1006 564 1089 628 levis
1101 561 1224 630 moesi
1239 569 1353 646 melna
1381 565 1519 634 aeone

214 691 279 758 que
293 672 519 756 praesumptio.
562 673 671 736 Prima
685 673 831 756 exceptio
855 685 932 754 erat,
955 676 984 738 si
1008 675 1126 740 nector
1149 675 1333 758 provinciae
1353 677 1520 759 spernatis

213 767 291 860 eum
306 767 493 870 provinciali
507 773 728 864 contraxisset,
751 770 931 866 antequam
944 785 988 848 ad
1006 781 1210 868 monacisca
1220 787 1522 856 administrandam

213 895 388 975 accederet3
403 893 524 956 etenim
539 891 636 954 libere
649 885 856 974 praehabitus
870 887 1081 976 sponsalitius
1100 893 1287 963 constectus
1300 913 1435 963 onrncnr'
1446 919 1518 964 sus·

214 1005 374 1091 udonem
384 1013 502 1081 metus,
521 1013 561 1065 ct
573 1003 762 1084 nuptiarum
777 1003 852 1066 inde
877 1005 987 1068 minus
1013 999 1109 1070 libere
1123 1015 1360 1084 commutarem
1386 1027 1519 1074 autore

212 1113 276 1190 bct,
293 1111 312 1174 l.
327 1109 378 1174 38.
396 1096 417 1176 i}
435 1111 462 1172 l.
478 1105 510 1170 ff.
526 1106 567 1170 dc
582 1109 649 1172 ritu·
659 1108 798 1189 uttptiar.
820 1125 826 1132 ·
842 1103 997 1173 Secunde
1009 1105 1158 1194 exceptio
1172 1123 1247 1192 erat,
1266 1115 1432 1180 siRector'
1449 1135 1521 1199 pro

213 1221 338 1286 vinciae
352 1218 516 1302 sponsalia
529 1225 661 1284 tanturn
674 1218 708 1280 in
719 1211 885 1299 prodineia
898 1222 1121 1300 contraxisset,
1135 1233 1169 1285 ct
1183 1223 1429 1295 matrimonium
1443 1245 1519 1292 eon-

212 1329 407 1396 trabcudum
434 1329 467 1390 in
482 1333 610 1410 tempus
636 1325 747 1390 finitae
772 1325 1274 1397 administrationts'contolisset.
1317 1333 1415 1404 Quid
1429 1336 1526 1400 erun

211 1417 329 1504 obesse
339 1415 460 1522 poterat
472 1421 593 1518 nuptiis
608 1437 683 1500 inde
694 1435 911 1502 celebratiseo
924 1434 1072 1519 tempora
1088 1456 1154 1521 quo
1163 1439 1278 1506 nuilus
1289 1437 1395 1507 mettre
1410 1444 1522 1508 inesse

211 1559 341 1633 poterat,
366 1557 399 1610 et
421 1545 532 1630 puella
546 1531 892 1608 tibereeonsenrtebrr't
917 1543 1002 1609 1.Βὸ
1018 1541 1051 1607 tr.
1074 1543 1117 1608 de
1130 1546 1192 1610 ritu
1217 1529 1358 1629 nuptterss
1401 1549 1520 1614 Tertio

210 1657 357 1740 exceptio
370 1663 445 1734 erat,
463 1638 489 1717 si
505 1671 587 1716 exer
601 1643 808 1734 pmrineiatts
820 1653 920 1716 diaeta
934 1651 966 1716 in
982 1653 1157 1735 provincia,
1172 1654 1271 1720 libere
1282 1654 1406 1720 aarum
1420 1658 1521 1724 &rica

209 1755 486 1834 administratione
497 1765 530 1826 in
544 1763 695 1845 conjugio
711 1761 833 1842 pridem
842 1763 1109 1826 inito‘oonslstsre
1122 1779 1158 1827 se
1172 1763 1256 1827 velle
1268 1763 1518 1847 profitentium

208 1875 324 1945 deod.
340 1873 380 1937 de
394 1859 493 1955 nupt,
505 1871 599 1953 quusi
609 1869 761 1954 professio
771 1853 830 1937 illa
839 1871 1044 1951 subsequens
1059 1872 1331 1954 uxorisdeolarct,
1346 1875 1426 1940 ottrrr
1436 1875 1520 1940 trus

209 2005 243 2050 re
256 1984 390 2048 omnine
399 1974 646 2044 matrimonium¹
658 1977 758 2042 luisse
769 1979 979 2060 eontreotbm3
995 1999 1063 2061 qua
1072 1992 1183 2046 temen
1197 1983 1231 2046 io
1243 1983 1426 2065 patesco
1439 1991 1526 2052 conv

208 2075 373 2160 firmatum
385 2101 487 2165 vetus,
498 2087 554 2152 sed
564 2084 666 2151 ueluti
676 2083 1053 2152 novrtmm'atrlrnouium
1061 2087 1248 2170 hebebatur,
1261 2090 1282 2153 l.
1292 2091 1385 2156 obii.
1393 2092 1439 2156 de
1452 2094 1521 2160 rito

207 2201 355 2284 nuptias,
371 2199 391 2262 l.
407 2199 436 2262 6.
449 2195 519 2259 cod.
534 2193 575 2258 de
586 2193 718 2278 nuptiis.
747 2190 876 2292 Quarta
890 2195 1037 2275 exceptio
1051 2203 1127 2274 erat,
1139 2195 1168 2258 ai
1180 2193 1222 2258 de
1233 2213 1272 2259 co
1282 2203 1440 2278 ageretur,
1458 2197 1527 2279 qui·

207 2305 344 2390 patriam
355 2298 554 2386 provinciam
566 2297 813 2381 administraret,
827 2300 906 2382 quie
917 2300 1076 2382 imprimis
1084 2301 1186 2366 bomo
1195 2311 1343 2383 pretextu
1356 2301 1520 2372 admoto

206 2416 353 2482 madonis
367 2413 533 2496 cogendus
547 2421 615 2476 erat
628 2409 672 2474 ad
686 2407 908 2493 quaerendam
917 2409 978 2474 sibi
992 2419 1087 2474 extra
1100 2411 1237 2493 patriam
1253 2428 1349 2478 suam
1364 2431 1518 2496 uxorem,

206 2533 328 2589 etcum
350 2523 467 2605 ignotis
488 2519 627 2599 familiis,
648 2535 687 2583 ao
708 2519 853 2602 personis
872 2518 1146 2584 necessitudinem
1168 2519 1356 2604 ineundam3
1379 2521 1518 2604 deinde,

206 2631 284 2715 quia
298 2632 332 2695 in
346 2651 394 2710 co,
410 2630 466 2711 qui
481 2629 516 2694 in
532 2621 639 2711 patria
651 2645 713 2690 sua
725 2621 869 2691 officium
883 2627 1020 2710 gerebat,
1036 2637 1128 2692 tante
1137 2647 1204 2694 non
1219 2627 1389 2696 ridebatur
1403 2632 1519 2700 inesse

205 2735 382 2801 incutiendi
396 2735 522 2798 terroris
532 2733 761 2816 praesumptio,
776 2733 835 2796 scd
846 2735 953 2816 potius
964 2734 1079 2798 lenitas
1090 2737 1254 2817 quaedam
1262 2739 1365 2804 animi
1375 2741 1409 2804 iu
1421 2761 1519 2824 suos,

145 2913 148 2919 ,
204 2855 237 2908 et
248 2843 472 2922 mansuetudo,
490 2843 509 2905 l.
525 2843 576 2906 63.
592 2841 623 2905 ff.
640 2841 682 2904 de
696 2845 759 2904 ritu
773 2839 911 2924 nuptias.
948 2845 1129 2914 Quamturu
1143 2857 1211 2910 erat
1224 2847 1266 2911 ds
1280 2847 1365 2928 filiis,
1380 2859 1413 2914 et
1427 2851 1520 2916 filie·

203 2954 265 3016 bus
279 2951 432 3030 Rectoris,
454 2937 498 3018 an
512 2969 642 3033 qnoque
663 2949 813 3033 exemplo
827 2953 925 3034 patris
940 2953 1064 3017 eisdem
1078 2955 1321 3022 interdiceretur
1334 2963 1519 3029 manubiis

203 3077 280 3124 cum
293 3059 542 3141 provincialibus
558 3058 718 3120 ineundis.
763 3055 808 3121 Et
822 3060 954 3139 quando
970 3071 1037 3123 tota
1050 3061 1131 3124 ratio
1145 3062 1304 3132 interdicti
1310 3067 1424 3150 posite
1439 3067 1519 3134 fne-

202 3177 253 3232 rct
266 3167 300 3230 in
315 3168 406 3250 gravi
416 3177 523 3232 metue
538 3165 806 3248 praesumptione,
822 3166 1041 3247 recipiendum
1055 3167 1125 3248 suit,
1140 3169 1255 3234 eadem
1271 3171 1343 3255 lege
1357 3175 1518 3256 probibe-

202 3277 237 3356 ri,
252 3295 293 3338 ne
308 3275 366 3338 filii
381 3275 524 3339 Rectoris
549 3275 676 3356 puellas
690 3273 904 3356 provinciales
919 3274 1083 3357 ducerent3
1110 3297 1175 3342 non
1193 3291 1300 3346 temen
1315 3303 1519 3366 econverso

199 3403 242 3451 ne
257 3383 343 3446 filiae
358 3383 502 3446 Raetoris
517 3403 537 3444 a
551 3381 628 3444 viris
644 3381 895 3464 provincialibus
918 3379 1119 3463 ducerentur,
1134 3387 1212 3465 quia
1226 3385 1355 3452 facilius
1369 3407 1525 3472 putem„

200 3493 349 3558 mebatur
362 3501 468 3556 matus
483 3473 682 3556 incussusin
700 3487 827 3572 puellas
841 3489 1054 3570 provinciales
1069 3489 1177 3556 afiliis
1192 3493 1371 3562 Rectotnm
1380 3497 1524 3570 uocem.

199 3601 267 3679 das,
283 3619 384 3683 quam
408 3601 442 3662 in
459 3601 542 3662 viros
557 3598 772 3680 provinciales
795 3597 880 3660 filias
894 3597 1069 3664 Rectorem
1084 3599 1245 3681 ducturos,
1268 3601 1355 3668 tea
1375 3608 1397 3674 i.
1412 3605 1458 3685 2.,
1476 3624 1516 3674 et

199 3711 220 3774 l.
236 3712 285 3775 et.
301 3709 334 3772 ff.
349 3709 390 3771 de
405 3711 465 3772 ritu
482 3707 620 3790 nuptiar.
664 3707 716 3769 nb
731 3705 792 3768 hoc
807 3705 992 3770 discrimine
1006 3711 1136 3774 recessit
1150 3709 1217 3774 Leo
1233 3711 1411 3794 Imperator
1424 3715 1517 3782 Phi-

199 3819 353 3900 losophus
368 3818 402 3880 iu
423 3834 485 3880 sua
500 3815 582 3879 Nor.
609 3803 670 3893 28,
694 3813 750 3876 ubi
764 3811 851 3878 idem
866 3813 1070 3880 interdictum
1096 3814 1139 3880 ad
1156 3815 1241 3880 filias
1264 3817 1362 3882 etiam
1384 3817 1515 3884 Recto-

198 3941 272 3987 rum
297 3921 451 3998 extendit,
475 3937 542 4002 qua
557 3931 664 3984 tamen
690 3919 727 3983 in*
747 3939 783 3983 re
798 3937 914 4003 parum
936 3921 1093 3986 sollicitus
1119 3921 1181 3988 suit
1204 3923 1246 3986 de
1270 3925 1513 4008 investigando

198 4029 309 4112 spiritu
325 4017 470 4089 veterum
481 4027 500 4091 J
504 4025 789 4104 urceoosultcrum,
811 4027 967 4106 quonum
981 4029 1102 4118 statuit,
1118 4027 1191 4094 ideo
1207 4029 1347 4096 eundem
1360 4033 1394 4096 iu
1410 4031 1512 4118 filiis,

197 4155 236 4202 ec
251 4139 285 4202 in
299 4135 429 4200 filiabus
454 4137 628 4202 Raetorum
653 4135 861 4218 disciplinam
886 4135 999 4202 debere
1024 4139 1154 4218 serven,
1179 4140 1269 4222 quod
1290 4143 1414 4208 minora
1429 4163 1512 4214 neu

196 4249 310 4314 deceat
322 4247 455 4312 concedi
470 4247 638 4332 privilegia
652 4245 815 4328 masculis,
830 4265 930 4329 quam
941 4243 1078 4328 feminis,
1094 4247 1249 4332 allegans
1265 4256 1513 4334 peruastato·

196 4357 327 4421 uberius
341 4357 445 4420 curari
469 4350 633 4439 publicam
657 4354 842 4420 entitatem.
885 4353 1059 4426 antcrum
1082 4355 1166 4422 haee
1190 4357 1367 4442 disciplim
1378 4363 1512 4448 viguit,
1572 4393 1573 4406 ,

195 4447 298 4524 donec
312 4461 463 4526 Rectorer
477 4461 717 4545 provinciarum
732 4461 914 4528 maximam
928 4471 1177 4544 potestatemot
1190 4465 1360 4550 imperium
1375 4467 1408 4536 ‘ur
1423 4487 1510 4557 pre-
