3210 4990
150 405 198 452 rur
222 409 284 469 rrs,
306 408 371 459 nor
395 409 544 454 narona
564 409 766 456 conruerunt
789 407 1036 456 couraarraan
1058 408 1266 458 nannenus.
1327 388 1387 456 149

92 531 333 614 remoignoraa
357 533 445 596 unde
471 531 567 612 fieret,
594 541 632 596 ut
656 551 712 615 per
733 532 958 616 coniugiorum
982 531 1205 616 stipulationes
1228 533 1326 598 etiam
1347 534 1390 598 ab

90 631 307 719 impuperibus
320 637 423 702 metas
448 640 596 723 publicae
621 640 845 724 tranquillitati
871 640 1049 704 remedium
1072 643 1238 724 quoddam
1254 641 1396 712 adferre.

91 755 144 824 tnr,
160 765 364 830 quamquam
386 747 450 814 dici
473 760 588 833 posset,
603 768 673 812 non
698 769 737 812 ea
762 749 886 832 proprie
911 748 1011 812 fuisse
1026 750 1184 832 conjugia,
1200 749 1259 812 sed
1274 749 1396 814 firmio·

89 877 133 920 res
146 856 312 938 quasdam
326 857 597 941 desponsationes,
624 864 645 924 a
668 857 786 939 quibus
812 876 877 920 non
903 855 998 918 facile
1024 854 1250 920 concederetur
1265 857 1394 920 recede·

88 987 124 1030 re.
168 968 345 1032 Caeterum
369 966 451 1030 haec
475 967 629 1050 exceptio,
656 967 889 1050 cujuscumque
915 967 1104 1030 auctoritate
1126 966 1283 1050 prodierit,
1300 987 1392 1050 regu-

89 1071 150 1136 lam
180 1071 291 1137 firmat
315 1075 430 1156 potius,
456 1093 556 1156 quarn
580 1086 719 1158 enervet,
746 1075 956 1156 quamobrem
980 1075 1172 1158 generaliter
1194 1077 1391 1142 concluden-

88 1180 163 1246 dum
177 1183 246 1262 erit,
262 1183 361 1246 sacris
386 1179 484 1247 etiam
508 1184 687 1248 canonibus
712 1185 914 1266 pubertatem
929 1203 999 1248 esse
1015 1186 1048 1248 in
1063 1186 1292 1250 contrahendis
1308 1207 1392 1270 nup·
1483 1219 1491 1238 ·

90 1291 137 1354 tiis
158 1291 430 1374 exspectandum.
474 1292 539 1356 Sed
562 1293 635 1356 heic
658 1293 805 1372 quaestio
833 1294 969 1376 emergit
998 1293 1224 1378 vulgatissima
1252 1315 1391 1378 praeser-

90 1395 141 1458 tim
157 1396 249 1479 apud
274 1409 407 1484 veteres,
432 1405 453 1464 a
478 1419 543 1480 quo
569 1411 709 1482 ternpore
732 1411 764 1464 et
789 1403 925 1465 masculi
950 1404 1094 1485 puberes,
1121 1419 1153 1468 et
1178 1403 1318 1470 feminae
1345 1409 1391 1472 vi-

89 1501 258 1584 ripotentes
282 1503 439 1568 dicendae
464 1506 537 1568 sint.
581 1507 679 1588 Apud
702 1507 823 1588 priscos
851 1507 1015 1572 Romanos
1038 1510 1058 1572 J
1063 1511 1281 1602 ureconsultqs
1307 1514 1391 1576 acris

88 1627 249 1680 exarserat
273 1619 489 1680 controversia
514 1619 548 1682 iu
574 1618 694 1682 scholis
718 1620 958 1696 Cassianarum,
981 1632 1012 1682 et
1035 1621 1327 1704 Proculejanorum:
1344 1625 1392 1688 ni·

89 1723 203 1788 mirum
219 1723 422 1808 Proculejani
448 1745 489 1788 ex
514 1726 618 1804 annis,
646 1727 794 1790 Cassiani
819 1748 861 1790 ex
886 1730 1025 1810 corporis
1049 1729 1163 1794 habitu
1189 1733 1391 1814 pubertatem

87 1831 325 1912 existimabant,
352 1833 399 1896 uti
422 1843 556 1898 testatur
582 1834 743 1917 Ulpianus
773 1837 807 1900 in
832 1836 1020 1919 fragmentis
1045 1839 1089 1904 tit.
1118 1841 1166 1904 11.
1194 1844 1214 1908 i.
1239 1843 1289 1906 28.
1314 1845 1393 1908 Visa

88 1944 227 2024 primum
241 1939 304 2006 tuit
319 1953 427 2026 turpes
441 1944 613 2028 disciplina
629 1944 863 2010 Cassianorum
878 1959 1024 2028 respectu
1045 1947 1251 2031 feminarum,
1273 1955 1391 2034 quibus

87 2049 218 2130 proinde
242 2060 330 2112 certa
353 2049 566 2115 determinata
586 2048 648 2114 fuit
670 2061 768 2130 aetas,
784 2053 937 2116 nimirum
952 2073 1111 2120 annorum
1127 2055 1308 2139 duodecim,
1325 2081 1391 2142 qua

88 2161 247 2243 completa
275 2159 478 2222 crederentur
508 2160 723 2240 viripotentes.
773 2161 997 2230 Quamobrem
1025 2163 1224 2247 Papinianus
1253 2169 1328 2230 licet
1357 2170 1402 2242 in¹

87 2267 320 2330 Cassianorurn
335 2265 447 2329 schola
469 2267 642 2347 institutus,
668 2285 734 2330 non
760 2267 922 2332 duvitavit
945 2269 1125 2352 adfirmare,
1151 2286 1287 2342 tutorem
1303 2277 1390 2361 puel·

86 2375 132 2440 lae
145 2395 239 2440 essse
260 2375 415 2455 desinere,
442 2376 470 2438 st
496 2375 604 2458 puella
628 2375 857 2454 duodecimum
882 2397 1006 2442 annum
1032 2379 1239 2461 implevisset,
1263 2382 1282 2446 l.
1300 2385 1349 2448 13.
1367 2387 1404 2474 §.A

83 2481 110 2544 2.
138 2483 171 2546 ff.
204 2483 248 2546 de
274 2492 423 2550 resonet
447 2495 582 2548 curator.
608 2481 701 2548 datis.
745 2487 784 2549 In
809 2485 960 2552 eamdem
985 2488 1179 2553 sententiam
1205 2490 1263 2554 ivit
1290 2493 1392 2559 Cons-

84 2595 239 2672 tantinus,
264 2603 419 2674 statuens,
442 2591 581 2656 feminas
604 2605 730 2676 propter
759 2596 1000 2659 verecumdiam
1029 2597 1135 2660 coetui
1163 2599 1294 2680 publico
1323 2619 1390 2666 non

84 2721 150 2768 esse
166 2701 380 2780 exhibendas,
407 2703 427 2764 l
453 2703 482 2764 2.
504 2701 573 2764 cod.
600 2702 640 2766 de
665 2703 726 2782 his,
752 2704 810 2785 qui
825 2705 957 2768 veniam
971 2705 1094 2768 aetatis.
1137 2707 1182 2770 Et
1192 2709 1318 2791 jamdiu
1334 2731 1391 2776 an·
1504 2703 1507 2711 ⁴

85 2823 111 2876 tc
125 2833 188 2876 sua
211 2822 358 2894 tempora
382 2811 416 2874 id
438 2813 588 2892 viguisse,
616 2821 749 2876 testatur
774 2813 979 2876 Justinianns
1005 2813 1039 2879 in
1065 2815 1084 2878 l.
1109 2816 1138 2878 3.
1164 2816 1232 2878 cod.
1257 2818 1390 2900 quando

84 2931 211 3000 tutores,
228 2930 261 2982 et
283 2920 382 3002 princ
410 2920 507 2984 instit.
533 2919 620 3002 quib.
647 2920 733 2984 mod.
749 2931 807 2984 tut.
824 2919 943 2986 buitur.
986 2923 1079 3005 Sunt,
1095 2925 1152 3006 qui
1167 2939 1292 3008 putant,
1310 2939 1387 2994 tem·

85 3030 213 3110 poribus
242 3027 384 3110 Ulpiani,
407 3039 470 3096 aut
496 3027 612 3092 saltem
640 3028 738 3112 paulo
767 3041 886 3112 postea,
916 3030 1066 3098 videlieet
1095 3037 1290 3118 temporibus
1313 3039 1396 3118 Dio<

85 3135 220 3218 oleriani,
250 3147 283 3200 et
312 3137 519 3222 lldaximiani,
550 3137 834 3222 Proculejanorurn
863 3141 1021 3204 sententia
1049 3161 1126 3225 prae
1156 3146 1389 3217 Cassianorum

86 3243 234 3325 opinione
250 3243 377 3325 publice
400 3243 500 3308 luisse
523 3224 695 3328 receptum,
721 3247 821 3310 immo
846 3257 878 3310 et
902 3247 1026 3332 legibus
1049 3251 1283 3334 confirmatam,
1299 3269 1332 3322 et
1345 3259 1392 3326 ad

87 3371 157 3416 eam
168 3371 241 3417 rem
255 3350 420 3434 pmierunt
434 3353 567 3436 Ulpiani
582 3353 761 3422 doctrinam
775 3357 818 3420 in.
842 3356 861 3418 l.
876 3357 906 3420 2.
922 3357 954 3420 ii
971 3357 1011 3422 de
1033 3360 1122 3443 vulg.
1137 3373 1168 3426 et
1183 3365 1281 3446 pupil.
1298 3369 1390 3435 snbs-

89 3466 137 3546 tit,
152 3465 210 3530 ubi
227 3464 353 3546 legitur,
370 3475 516 3550 parentes
530 3483 588 3548 pro
602 3461 708 3536 liberis
734 3465 954 3547 impnperibus
977 3485 1070 3549 posse
1091 3467 1195 3532 facere
1218 3480 1388 3545 testamen-

88 3583 159 3652 tum,
175 3575 279 3640 danae
291 3573 488 3638 massutior
502 3573 749 3658 prrctrtordeaim
760 3594 864 3640 aanor
871 3577 1078 3658 perveniunt,
1084 3578 1240 3660 feminae
1250 3583 1296 3646 aa
1309 3585 1388 3650 doo-

86 3680 202 3762 decint,·
217 3680 295 3744 item
310 3679 475 3762 proferunt
487 3679 677 3762 rescriptum
699 3679 890 3761 Diocletani,
916 3692 948 3744 et
972 3678 1167 3749 Maximiani
1182 3685 1217 3749 in
1234 3686 1252 3750 l.
1268 3688 1298 3752 4.
1315 3690 1385 3756 cod.

86 3795 138 3874 qui
152 3800 281 3854 testam.
296 3789 357 3855 sac.
373 3791 430 3854 ubi
445 3789 617 3854 definitum
640 3799 696 3868 est,
723 3790 869 3854 enervari
890 3783 956 3852 non
972 3809 1065 3872 posse
1080 3801 1309 3862 testamentum
1323 3797 1388 3862 sac·

88 3905 154 3962 tum
181 3904 204 3964 a
229 3897 385 3976 masculo,
413 3897 469 3980 qui
507 3908 660 3982 quartum
685 3897 850 3972 decimum
875 3900 988 3962 aetatis
1011 3919 1137 3964 annum
1166 3905 1386 3988 complevisse,
1460 3960 1464 3969 .

88 4024 121 4068 eo
135 4017 316 4090 praetextu,
331 4006 420 4088 quod
435 4005 575 4072 necdum
591 4008 692 4090 pubes
717 4007 875 4072 existeret.
919 4009 992 4092 Ego
1007 4020 1116 4076 tamen
1131 4031 1249 4095 vereor,
1265 4034 1306 4078 ne
1330 4016 1388 4096 qni

89 4109 119 4174 iu
131 4113 219 4179 hanc
235 4112 479 4176 descenderunt
486 4113 678 4197 opinionem,
694 4119 716 4178 a
729 4135 883 4198 germana
905 4117 1127 4190 Romanorum
1139 4120 1249 4206 legum
1264 4134 1390 4192 senten·

90 4219 130 4282 lia
117 4187 306 4303 paulisper
320 4219 501 4286 deflectant.
545 4223 701 4290 Etenim
692 4223 849 4308 imprimis
864 4223 1021 4290 adversus
1044 4226 1178 4310 Ulpiani
1198 4247 1388 4294 monumen·

12 4365 13 4380 ι
90 4339 152 4395 tum
167 4352 229 4416 ego
244 4351 373 4416 oppono
387 4344 635 4398 monumentum
649 4333 754 4415 Pauli,
769 4335 826 4417 qui
837 4355 916 4398 sane
926 4347 994 4400 erat
1004 4337 1168 4420 Ulpiano'
1160 4339 1221 4422 rpsi
1236 4357 1392 4417 coaevus,

12 4443 13 4468 ³
89 4441 232 4511 Meminit
256 4453 370 4510 autern
393 4444 515 4512 Paulus
541 4447 576 4512 in
600 4445 621 4510 l.
647 4445 746 4514 32.ff.
770 4446 811 4511 de
824 4447 1011 4530 minoribus,
1041 4449 1214 4532 adspectus
1236 4435 1388 4537 corporis,
1417 4529 1423 4540 ¹
