3250 4976
169 375 236 451 3³5
273 459 274 462 ¹
395 397 486 448 ΡΗ·
501 399 677 454 'tcum
696 395 1195 458 oissaarnaroaaacnmsea
1209 376 1248 444 E·

170 524 266 604 ciero,
279 537 354 589 con.
370 523 400 588 0-
418 521 492 592 disc
504 513 698 602 saccas.
709 523 865 608 junctos.
881 539 971 590 tertias.v
982 523 1043 590 01.
1057 531 1185 606 quun·
1200 520 1238 600 4,
1252 525 1323 605 cap
1337 519 1380 598 Β.
1393 518 1474 584 αἱ.
1544 579 1547 586 .

166 635 280 722 jimoto
304 631 335 698 i
362 633 403 698 da
419 633 567 707 ,cohabit
595 631 718 711 Cierio,
744 641 776 694 et
790 632 915 696 muilier.
940 633 1108 700 ‘Ournon
1132 643 1166 694 et
1180 630 1298 695 similia
1322 627 1476 693 samia

170 741 270 804 etiam
285 737 326 803 de
348 739 449 820 iaicis,
462 741 493 804 si
506 739 588 804 'forte
612 752 686 806 ante
701 741 904 818 seutentiam,
920 759 977 804 seu
1003 753 1078 805 ante
1094 741 1263 824 probatum
1288 737 1423 817 cumen,
1444 749 1478 802 et

170 853 212 916 ob
234 851 338 916 seiam
363 851 508 917 criminis
532 853 749 936 suspicionem
773 839 1045 918 excommunicati
1059 849 1237 916 'arcaniora
1258 849 1390 915 'Eurus
1414 851 1476 934 ipsi

67 1036 75 1050 ,
171 963 234 1028 hoc
250 981 348 1028 sensu
364 961 647 1042 excommunicati,
662 975 696 1028 at
710 976 857 1030 arceatur
871 963 992 1028 interea
1007 965 1051 1028 ub
1063 963 1281 1042 Eucharistia,
1303 965 1355 1026 vei
1370 969 1392 1027 a
1407 962 1481 1046 qni·

173 1071 311 1136 busdam
337 1071 498 1136 nobiiibus
517 1071 722 1134 Christianae
747 1069 988 1135 communionis
1006 1071 1143 1156 juribus,
1169 1069 1314 1154 adquae
1341 1089 1407 1134 non
1423 1069 1494 1142 ιὰ,

171 1183 352 1262 mittuntur,
378 1203 443 1248 nou
460 1182 566 1248 scium
591 1183 647 1265 qui
670 1181 712 1246 rei
728 1193 813 1260 sunt,
840 1182 898 1246 sed
912 1184 1010 1246 etiam
1036 1167 1092 1264 qui
1108 1189 1171 1247 ndu
1198 1193 1276 1246 sum
1297 1181 1493 1246 undecum'

171 1309 236 1374 que
250 1287 356 1374 digni,
377 1309 415 1354 ac
430 1289 562 1374 probati,
589 1304 753 1376 propterea
778 1291 866 1374 qnod
883 1293 915 1354 in
931 1291 994 1354 hac
1010 1303 1098 1374 parte
1124 1293 1279 1355 consistat
1294 1290 1392 1356 decor
1408 1275 1478 1374 nui·

172 1395 251 1461 dant
265 1393 392 1462 debitus
415 1397 564 1482 dignitati
580 1415 752 1462 sacrorum.
796 1393 998 1480 Exemplum
1014 1407 1063 1462 est
1088 1399 1211 1462 iu'cau.
1237 1395 1288 1462 23.
1304 1387 1397 1461 caus.
1418 1397 1476 1462 32.

172 1503 295 1596 qtraest.
312 1511 344 1574 5·
1091 1528 1094 1532 ·

214 1619 316 1682 Sexta
329 1617 440 1702 regula
451 1629 509 1682 est:
519 1619 788 1702 quotiescumque
800 1617 915 1683 Gierici
928 1609 1080 1684 dicamur
1089 1621 1375 1700 excommunicari,
1389 1615 1477 1685 dein·

173 1727 214 1792 de
228 1739 412 1812 corrtempta
438 1729 772 1794 excommunicatione
795 1727 948 1792 dicuntur
963 1727 1055 1814 dejici
1081 1725 1122 1793 de
1137 1728 1249 1812 gradu
1262 1746 1330 1808 sno,
1358 1727 1478 1794 nornen

172 1837 253 1902 iilud
266 1840 611 1904 excommunicationis
622 1841 663 1902 de
675 1833 885 1920 suspensione
898 1837 1093 1920 inteiiigitur,
1112 1837 1156 1901 uti
1166 1839 1198 1901 iu
1210 1842 1286 1902 cani
1299 1841 1326 1902 l.
1338 1837 1410 1902 dist.
1423 1837 1476 1903 34.

172 1947 303 2012 Etenim
321 1949 352 2012 iu
368 1943 612 2014 coercitionibus
629 1965 709 2013 suus
724 1949 1011 2032 ord0,‘gradusque
1026 1961 1179 2028 servatur,
1196 1969 1235 2012 ao
1250 1947 1291 2012 de
1306 1951 1431 2014 minore
1445 1951 1477 2014 in

173 2061 325 2145 majorem
342 2059 529 2144 proceditur,
556 2071 588 2125 et
613 2055 889 2144 quemadmodum
906 2061 938 2124 in
964 2059 1098 2124 Clericis
1115 2061 1271 2143 depositio
1286 2061 1417 2144 gravior
1429 2071 1479 2126 est

173 2173 393 2253 suspensione,
409 2171 454 2234 ita
469 2189 544 2234 vera
560 2171 854 2234 excommunicatio
869 2171 996 2252 gravior
1010 2171 1058 2234 est
1072 2169 1277 2254 depositione.

107 2271 110 2280 ’
214 2279 361 2364 Septima
377 2279 496 2363 regula,
512 2277 690 2363 etquidem
706 2279 860 2361 superiori
876 2279 1023 2360 proxima
1038 2287 1105 2340 θεῖτ’
1121 2277 1147 2340 si
1164 2289 1280 2359 agatur
1294 2263 1338 2342 dc
1350 2295 1479 2343 excom

174 2387 394 2476 municatione
419 2385 540 2450 indicta
555 2385 587 2448 in
605 2383 755 2463 Oicricos,
782 2383 834 2447 vei
848 2383 1038 2467 Episcopus,
1054 2383 1323 2467 distinguendum
1348 2385 1419 2449 erit:
1435 2403 1478 2448 ao

173 2495 215 2559 sit
229 2495 296 2558 lata
322 2505 393 2578 post
407 2493 654 2577 suspensionem
678 2497 698 2560 e
714 2495 812 2580 sacris
828 2494 932 2575 rebus3
961 2505 1030 2556 tum
1045 2510 1121 2555 reru
1147 2477 1220 2556 tuiis
1243 2499 1310 2572 erit,
1334 2515 1373 2556 ac
1389 2495 1417 2557 si
1433 2495 1478 2558 in·

172 2603 261 2670 dicta
274 2615 358 2669 essct
374 2605 406 2670 in
421 2605 530 2684 laicos
548 2623 589 2667 an
607 2603 647 2668 sit
663 2599 784 2668 indicta
799 2615 873 2666 ante
886 2603 1142 2686 suspensionem
1158 2615 1229 2666 tum
1245 2607 1321 2696 iero
1334 2604 1394 2667 crit
1409 2620 1478 2667 sua

171 2713 294 2796 pensio,
321 2711 366 2775 uti
393 2711 425 2775 in
442 2730 515 2776 can·
542 2712 570 2777 8.
587 2729 629 2776 ex
645 2713 847 2796 apostolicis,
873 2725 947 2775 can.
964 2711 1014 2775 29.
1031 2729 1119 2774 oarrs.
1146 2713 1175 2776 ⁷.
1193 2723 1317 2794 quaest.
1341 2715 1379 2790 t.‚
1404 2731 1476 2778 cau.

175 2811 246 2885 109.
263 2841 350 2885 caus
369 2823 415 2886 11.
432 2835 556 2906 quaest.
569 2827 612 2902 3.,
628 2843 701 2887 can.
718 2823 767 2887 24.
784 2805 871 2885 caus.
890 2821 939 2884 12.
956 2833 1081 2904 quaest.
1098 2821 1128 2884 2.
1146 2803 1216 2884 cau.
1233 2821 1296 2899 35,
1321 2833 1352 2884 et
1367 2821 1419 2887 40.
1437 2821 1477 2886 de

173 2946 316 2994 consecr.
333 2929 408 2994 dist·
426 2933 454 2994 1.
499 2929 645 2996 Facilius
660 2931 692 2994 id
707 2929 918 2994 demonstrari
935 2924 1044 3012 'potest
1059 2946 1100 2991 ex
1116 2947 1187 2992 cen.
1201 2931 1233 2994 9.
1255 2929 1327 2994 dist.
1341 2927 1404 3004 23,
1422 2929 1477 2992 ubi

174 3035 319 3102 Clericus
336 3037 452 3102 dicitnr
466 3039 628 3122 subjacere
643 3037 970 3102 excommunicationi
993 3031 1239 3120 debitae'qnasi
1255 3027 1478 3101 encommuni-

173 3147 258 3209 catio
273 3145 380 3210 debita
395 3145 519 3210 Cierico
533 3148 573 3209 sit
589 3147 767 3229 suspensio.
811 3142 947 3210 Mirifice
962 3147 1059 3207 etiam
1077 3143 1109 3206 id
1124 3141 1303 3206 ostenditur
1326 3163 1368 3206 ex
1384 3155 1478 3207 cario

100 3237 104 3247 ¹
174 3275 215 3320 ne
229 3253 281 3318 24.
308 3251 381 3319 dist.
399 3257 458 3336 63,
486 3269 518 3318 et
531 3257 701 3319 canone-7.
718 3275 806 3318 caus
836 3257 1021 3337 liquasse
1047 3255 1086 3333 3,
1105 3253 1158 3318 ubi
1182 3253 1331 3316 Clericus
1349 3271 1478 3316 excom

173 3362 360 3426 manicatus
376 3361 491 3425 dicitur
506 3381 571 3426 non
587 3380 678 3445 posse
694 3362 797 3426 fecero
813 3363 1015 3427 obiationem.
1039 3373 1070 3426 'et
1085 3363 1212 3439 simiira,
1233 3365 1288 3444 qui
1307 3380 1387 3424 saue
1402 3373 1477 3425 sunt
1518 3357 1526 3366 '

173 3469 374 3535 characteres
391 3491 483 3533 verse
500 3473 685 3554 proprieque
708 3473 811 3534 dictae
827 3470 1055 3554 suspensionis
1102 3473 1260 3555 Exceptio
1276 3485 1325 3534 est
1343 3475 1375 3536 in
1389 3475 1475 3536 hanc

173 3580 391 3658 rem,'quoties
406 3579 512 3662 agitur
536 3579 576 3642 de
591 3581 724 3643 crimina
738 3581 914 3660 haereseos,
931 3591 1040 3662 utpote
1055 3579 1140 3663 quod
1165 3595 1281 3644 natura
1297 3583 1349 3645 sni
1366 3599 1475 3664 quern·
1493 3663 1497 3670 ἡ

174 3685 315 3766 cumque
331 3707 421 3750 return
436 3685 580 3750 excludit
594 3693 612 3750 n
630 3699 695 3750 tota
709 3690 939 3750 conrinrurioue
955 3687 1148 3767 Christiana,
1174 3698 1205 3750 et
1220 3687 1252 3751 iu
1270 3709 1336 3770 quo
1350 3711 1476 3753 excom

176 3799 353 3862 municatio
369 3799 400 3861 in
417 3809 483 3861 tota
506 3801 556 3862 sui
573 3799 788 3880 anipiitudiuc
803 3799 960 3879 indicitur,
986 3795 1056 3865 cau.
1075 3801 1131 3862 uit.
1159 3787 1233 3865 dist.
1248 3801 1300 3864 30.
1347 3803 1418 3865 Huc
1435 3816 1475 3866 ta-

173 3923 248 3970 men
265 3907 298 3968 in
312 3905 392 3983 ioco,
420 3906 466 3968 uti
482 3907 513 3968 in
531 3907 697 3985 similibus,
724 3909 831 3989 grauis
847 3905 1021 3969 difficultas
1046 3907 1188 3989 curergit,
1215 3907 1350 3989 quando
1369 3909 1475 3971 adhuc

2 4013 3 4044 ³
104 4063 106 4068 .
173 4001 402 4099 inquirendum
428 4030 579 4101 superest,
606 4019 772 4098 ‹produum
788 4021 1148 4101 gcnus‘suspcnsionis·
1164 4023 1273 4082 vorriut
1290 4022 1422 4083 nomine
1439 4023 1476 4082 is

177 4128 239 4189 tius
254 4125 605 4204 excommunicationis,
634 4139 797 4208 propterca
813 4127 899 4208 quod
917 4129 995 4190 varii
1011 4135 1081 4189 esse
1103 4137 1237 4208 possunt
1253 4127 1476 4210 suspensionis

176 4227 305 4317 gradus.
349 4235 582 4316 inquirendum
598 4237 656 4298 erit
682 4255 713 4298 m
730 4254 863 4299 cutrsam
879 4217 1029 4313 criminis,
1056 4247 1165 4299 contra
1183 4237 1270 4318 quod
1289 4255 1475 4301 excommu-

176 4344 295 4409 nicatio
311 4345 432 4408 inflicta
447 4360 502 4411 est.
547 4348 581 4411 Si
597 4347 637 4410 dc
654 4347 814 4429 Episcopo
840 4361 963 4431 agatur,
990 4347 1177 4436 videndum,
1204 4369 1247 4411 an
1266 4345 1422 4413 daiictnm
1437 4349 1474 4414 si-

178 4461 247 4518 tum
261 4457 302 4518 su
317 4454 349 4518 iu
366 4454 564 4539 negiigcutia
587 4473 691 4520 rorum
707 4459 964 4542 provinciaiirmn
988 4471 1019 4522 et
1034 4473 1111 4524 tuuc
1126 4459 1297 4543 suspensio
1317 4459 1376 4523 erit
1392 4459 1424 4523 in
1437 4477 1474 4520 ca
