3276 4984
179 353 201 418 4
725 377 939 428 sosarmo.

177 511 323 586 riantur,
341 525 398 570 uec
412 503 452 568 de
463 503 667 588 populorum
681 513 814 570 tantum
840 505 1014 572 Romanae
1032 507 1278 598 Civitatisjure
1291 512 1482 595 viventium,

178 620 236 704 qni
251 618 382 700 legibus
403 613 592 688 Quiritium
606 616 756 694 subsunt,
771 617 831 680 sed
853 617 893 681 de
914 621 1150 686 universarum
1168 625 1325 712 genitium
1339 627 1479 711 nuptiis,

177 728 348 812 agendum
364 735 420 790 est.
472 723 566 798 Quid
590 725 742 805 enimsi
769 726 915 806 Etbuici,
943 729 1101 794 ,bodaeive
1127 735 1291 817 conjuges,
1317 735 1368 798 vel
1392 743 1479 800 uter·

176 861 245 925 qiu,
261 839 312 900 nel
326 835 514 901 eorumdem
529 837 687 899 alteruter
711 843 942 900 convertantur
967 839 1012 902 ad
1040 838 1296 927 Cbristifidem?
1340 843 1478 908 Nonnne

176 959 206 1012 et
220 949 356 1012 illorum
370 947 536 1034 conjugiis
549 925 715 1030 apudnos
721 947 948 1031 judicandum
962 956 1010 1010 est
1021 951 1297 1033 arremadmodum
1311 955 1383 1016 suis
1398 962 1475 1016 teno-

173 1063 311 1146 poribus
317 1059 487 1146 judicavit
503 1059 685 1142 Apostolus
695 1059 831 1140 Paulus
845 1059 882 1122 in
897 1061 990 1142 epist.
1019 1062 1045 1124 1.
1071 1063 1116 1125 ad
1134 1062 1323 1128 Corinthios
1347 1085 1418 1149 cap.
1435 1065 1475 1142 5,

174 1181 204 1234 et
219 1173 307 1248 alibi,
324 1193 362 1234 ac
376 1170 607 1233 recentioribus
621 1150 762 1230 saearclis
768 1169 1008 1251 judicaverunt
1029 1169 1217 1254 Gregorius
1243 1171 1287 1235 II.
1303 1177 1391 1237 inter
1406 1195 1474 1238 cae-

99 1281 100 1284 '
174 1295 258 1348 teras
273 1280 449 1364 Pontifices
466 1279 645 1358 Manimos,
668 1278 854 1361 Gregorius
869 1279 943 1358 ΙΙΙ,
962 1280 1161 1360 Zacharias,
1178 1284 1259 1346 dcem
1274 1284 1319 1347 ad
1333 1283 1473 1368 Bonifa-

173 1397 261 1458 cium
286 1394 494 1477 Episcopum
519 1401 549 1454 ct
573 1393 747 1455 martirem
772 1391 812 1455 de
841 1395 951 1456 caiisis
977 1397 1208 1480 aorijugiorum
1231 1400 1472 1481 emergentibus

172 1505 266 1588 apud
286 1503 471 1566 Germanos
487 1501 559 1563 tnui
569 1501 827 1584 prim-umfidem
842 1500 1070 1566 Christianam
1079 1505 1468 1586 amplexosscripserunl,

167 1631 290 1675 necnon
305 1610 514 1673 Innocentius
530 1607 593 1678 III.
610 1609 647 1670 in
661 1629 731 1690 cap.
749 1609 777 1669 7.
794 1616 825 1670 et
846 1607 874 1670 8.
902 1608 941 1670 de
966 1610 1136 1672 divortiis?
1186 1609 1287 1687 Quid,
1303 1611 1334 1672 si
1348 1611 1388 1674 de
1402 1609 1467 1674 dis·

164 1724 423 1808 pensationibus,
440 1721 557 1807 quibus
572 1721 660 1783 alias
674 1720 782 1798 irrita,
808 1721 997 1804 injustaque
1021 1723 1210 1805 conjungia,
1218 1721 1413 1808 flantjusta
1428 1741 1472 1787 aa·

166 1835 329 1918 legitima,
346 1833 385 1896 ab
401 1855 443 1910 eo,
460 1831 505 1894 ad
519 1851 615 1916 quem
627 1831 779 1914 pertinet,
795 1830 1016 1913 impetrandis
1027 1835 1172 1912 agatur?
1196 1830 1310 1896 Nonne
1325 1834 1361 1895 in
1376 1851 1463 1895 coros·

163 1949 260 2026 pecta
274 1940 425 2004 babendo
439 1947 535 2003 errent
549 1945 580 2001 et
593 1939 774 2016 naturalia,
791 1946 822 2001 et
836 1939 950 2002 divina
957 1941 1051 2022 jura,
1068 1948 1099 2001 et
1109 1947 1304 2004 secernenda
1319 1941 1464 2006 eademi

160 2050 318 2136 positivis
329 2047 472 2133 legibus·
484 2057 522 2112 ut
533 2049 664 2134 quando
672 2049 750 2112 istis
751 2048 896 2132 facilius
910 2047 1101 2130 derogatur,
1115 2050 1176 2112 illa
1190 2051 1383 2114 inconcussa
1393 2073 1461 2115 mo-

161 2171 268 2234 ueant,
286 2183 451 2247 qrcoiisqne
466 2159 562 2224 aliud
575 2183 641 2224 non
654 2159 796 2222 suadeat
810 2161 898 2220 rec'ta
913 2165 944 2218 et
958 2155 1073 2236 divini,
1090 2166 1120 2220 et
1128 2161 1296 2224 naturalis
1301 2162 1397 2244 juris
1410 2161 1459 2224 in·

160 2271 370 2352 terpretatur?
420 2269 518 2341 Quod
531 2271 562 2332 si
577 2291 616 2332 ea
629 2268 737 2331 noulta
761 2267 881 2330 saltem
902 2267 1093 2348 generatim
1114 2287 1363 2346 commemorem,
1376 2291 1461 2354 qriae

159 2381 362 2463 acorcjugiis
374 2379 525 2463 pendent,
550 2379 665 2463 qncalia
687 2385 773 2452 nont,
789 2375 870 2460 quid
894 2376 932 2437 in
956 2375 1181 2440 matrimoniis
1205 2377 1360 2443 debeatur
1375 2379 1456 2456 Deo,

157 2498 188 2551 et
209 2488 349 2572 provido
373 2488 442 2571 eju
467 2487 600 2563 oirncnli,
625 2494 655 2548 et
679 2485 928 2548 clementissimo
944 2485 1021 2568 ajus
1038 2483 1247 2549 Sacramenti
1261 2489 1455 2563 institutori,

156 2599 237 2684 qnid
248 2599 448 2683 posteritate,
465 2621 502 2662 ac
514 2595 735 2682 perpetuitati
749 2595 890 2657 bremani
902 2595 1046 2676 generis,
1064 2595 1145 2678 quid
1156 2597 1357 2678 parentibus,
1374 2595 1456 2679 prid

154 2707 274 2779 liberis,
291 2706 372 2790 qnid
386 2705 583 2790 carnicgibus
597 2707 634 2767 in
649 2705 752 2767 uicem
776 2704 863 2766 inter
888 2723 930 2780 se,
956 2703 1037 2788 quid
1051 2705 1111 2766 toti
1127 2704 1294 2787 familiae,
1311 2705 1391 2788 qnid
1405 2725 1453 2768 so-

151 2813 261 2876 cietati
278 2813 465 2891 uniuersae,-
480 2813 564 2876 milu‘
579 2833 659 2875 sane
673 2811 783 2875 uideor
797 2811 913 2890 moritu,
930 2819 960 2875 et
984 2833 1114 2895 magna
1140 2814 1314 2897 complecti,
1330 2816 1367 2876 in
1382 2815 1452 2898 qni—

151 2923 212 2984 bus
226 2923 402 3004 multiplea
418 2943 483 3006 qua
496 2921 628 3004 publici,
646 2943 713 3006 qna
726 2922 853 3002 privati
860 2923 962 3006 juris,
987 2943 1053 3007 qna
1062 2943 1183 3000 sacrae,
1209 2945 1274 3007 qna
1285 2926 1452 3006 profanae

148 3033 347 3115 disciplinae
360 3033 485 3116 peritia
509 3040 670 3094 uersatur.
719 3029 976 3113 Consiguandae
1002 3051 1126 3115 qaaqrre
1150 3034 1357 3095 suntvariae
1371 3040 1448 3096 tem

143 3147 391 3223 parcimoniam
417 3141 496 3201 item
522 3139 672 3220 babendo
689 3137 820 3200 diversa
846 3138 997 3214 locorum,
1018 3137 1331 3222 provinciarumque
1352 3137 1447 3216 ratio,

145 3253 197 3316 ael
212 3254 251 3316 ab
269 3255 345 3336 ipsa
356 3255 532 3337 primaeva
553 3251 724 3313 bominum
746 3250 936 3333 propagine
958 3247 1002 3311 ad
1013 3257 1216 3332 postremam
1230 3271 1340 3335 usque,
1357 3259 1388 3316 et
1401 3273 1449 3316 sa·

144 3381 221 3424 ram
236 3369 376 3422 aetatem
391 3358 610 3437 traducunto,-
636 3358 765 3442 quanda
791 3355 886 3419 aliud
900 3357 1023 3419 scimus
1048 3357 1254 3420 observatam
1268 3359 1382 3439 fuisse
1405 3359 1445 3424 ab

134 3471 332 3536 'bominibus
348 3477 528 3532 actussuos
550 3467 595 3530 ad
608 3467 793 3550 simplicem
817 3473 958 3528 naturae
984 3465 1091 3547 legem
1116 3467 1334 3550 erigentibus,
1350 3471 1447 3534 aliud

143 3577 237 3641 electo
254 3576 456 3662 ludaeorum
467 3573 591 3659 popula
612 3573 847 3655 singularibus
858 3573 1046 3656 praeceptis
1061 3575 1212 3638 instituto
1228 3585 1249 3638 a
1266 3577 1337 3641 Deo
1351 3599 1443 3642 man·

142 3691 275 3768 clatum·
290 3688 385 3752 aliud
400 3689 436 3750 in
452 3687 646 3769 Evangelia
667 3685 759 3749 novis
782 3685 959 3764 indictum·
972 3685 1081 3750 moilla
1095 3687 1233 3772 denique
1247 3690 1301 3753 bis
1316 3691 1443 3774 adjecta

141 3808 200 3864 ant
216 3799 346 3882 legibus
359 3799 501 3882 publicis
514 3793 724 3880 populorum,
741 3803 800 3857 aut
815 3795 945 3877 legibus
958 3797 1179 3860 sanctissimis
1202 3799 1440 3866 Ecclesiarnm.

141 3909 220 3972 Dua
236 3909 352 3972 ecindc
374 3907 475 3969 relicti
499 3904 699 3966 consectaria
719 3903 983 3986 proficiscuntur.
1027 3905 1188 3969 Primam
1202 3915 1258 3984 est,
1275 3911 1441 3974 tractatio·

138 4010 211 4084 nom
227 4023 327 4083 istam
344 4019 517 4080 scoriarum
543 4013 799 4096 disciplinarum
825 4013 1011 4090 cultoribus,
1036 4023 1112 4078 utut
1136 4015 1232 4096 lange
1256 4017 1439 4084 dissimilia

137 4131 380 4210 ingenerasna
406 4125 475 4186 siut
500 4123 633 4185 illorum
658 4123 781 4200 studia,
808 4121 992 4186 babendum
1017 4143 1084 4186 csse
1109 4129 1321 4205 comnounem,
1348 4129 1440 4198 elad

133 4242 207 4304 eam
220 4237 409 4319 Plcilosofos
425 4257 532 4319 aeqrte,
549 4257 586 4297 ac
606 4233 793 4318 Tl'beologas,
798 4237 892 4319 juris
911 4233 1066 4299 Caesarei
1081 4257 1188 4320 aeque,
1206 4259 1243 4302 ac
1262 4237 1436 4305 Canonnm

130 4351 423 4418 ecclesiasticorum
438 4349 645 4433 boterpretes,
649 4349 744 4433 juris
755 4349 881 4432 publici
907 4370 1014 4433 aeque,
1032 4371 1070 4413 ac
1081 4351 1211 4434 privati
1223 4356 1347 4436 peritos
1357 4377 1435 4438 pos·

130 4487 165 4529 se
180 4459 327 4526 accedere
333 4463 414 4546 jure
428 4481 500 4524 suo:
517 4459 669 4539 alteriun,
693 4459 779 4544 qocod
794 4467 814 4522 a
832 4461 946 4543 priore
967 4482 1093 4546 parum
1108 4461 1218 4544 distat,
1234 4485 1268 4528 eo
1279 4465 1425 4550 pertinet
1441 4457 1444 4466 ’
