3250 4976
232 403 278 450 ne
291 403 519 474 euronotum,
543 401 1025 464 euertuneeuoecanscnre
1041 399 1290 454 rneeecnnce.
1349 377 1417 461 323

151 527 337 614 Insctperr'n
362 527 507 611 censuris
521 527 606 593 letae
631 527 1019 606 sententieeohservetur,
1043 537 1080 600 nt
1094 527 1122 590 si
1144 526 1216 606 quis
1232 525 1429 619 ignorantum

109 639 290 704 invincibili
306 638 436 722 luberet,
463 643 490 700 is
505 638 547 703 sit
562 643 581 702 ri
597 645 734 702 censere
751 637 939 719 generaliter
962 636 1229 722 indictaprorsus
1248 636 1430 714 nutrituris,

108 747 232 831 conob
249 765 339 810 caris.
353 747 382 808 9.
397 757 522 826 quaest.
540 746 577 822 1.,
604 763 677 808 cau.
694 746 765 808 117.
780 744 820 814 dc
835 763 974 822 corisocr,
991 744 1063 808 dist.
1080 745 1121 821 4.,
1142 761 1214 825 cap.
1230 744 1263 806 9ἢ
1276 742 1318 809 de
1332 745 1431 813 Cleo..

111 849 271 931 excomm,
288 856 433 932 ministr,
449 874 519 944 eep.
535 854 564 918 4.
580 854 620 916 de
635 865 772 930 sentent.
788 871 957 930 excomm,
972 873 1042 936 cap.
1059 853 1088 914 2.
1104 852 1144 917 de
1159 855 1322 927 coristitnt.
1335 853 1371 930 in
1385 855 1433 930 u:

111 969 218 1034 Imtno
233 967 292 1030 etsi
309 966 382 1028 talis
407 966 447 1028 sit
464 967 651 1048 ignorantia,
679 978 736 1028 ent
750 966 851 1028 animi
867 963 1001 1043 effectio,
1027 977 1061 1026 ut
1075 979 1208 1028 excrrset
1223 973 1242 1030 o
1258 967 1417 1046 gravitate

109 1076 262 1152 crimmis,
279 1074 447 1138 excusabit
472 1074 570 1136 etiarn
586 1078 606 1136 εἱ
621 1091 765 1148 censura,
787 1083 900 1154 utpote
915 1089 1000 1152 quae
1018 1089 1080 1132 nou
1104 1083 1169 1133 turn
1186 1073 1218 1134 iu
1235 1074 1354 1136 crimen
1372 1077 1417 1156 ip-

109 1199 196 1258 snut,
222 1199 321 1262 quem
339 1179 542 1242 inminentis
565 1179 757 1260 gravitatem
785 1179 907 1241 inflicta
935 1177 1082 1257 creditur,
1098 1199 1171 1243 cerr.
1197 1182 1226 1246 8.
1249 1200 1337 1244 cans.
1366 1185 1415 1246 ll.

110 1303 235 1372 quaest.
252 1289 280 1350 3.
325 1287 425 1358 Quod
441 1301 551 1352 autem
577 1288 640 1350 dici
656 1287 745 1365 solet,
774 1279 987 1370 ignorantiam
1008 1291 1091 1372 juris
1108 1292 1230 1353 nemini
1257 1291 1416 1373 prodesse,
1449 1357 1452 1363 ,

110 1399 145 1464 in
161 1399 312 1462 civilibus
328 1410 463 1475 tautum,
492 1417 556 1460 uon
573 1399 605 1460 in
624 1397 845 1459 criminalibus
873 1398 1008 1478 negotiis
1025 1399 1131 1462 locum
1146 1401 1251 1478 hebet,
1279 1421 1418 1482 praeser-

111 1505 172 1569 tim
189 1525 263 1567 vero
280 1505 333 1568 nbi
358 1505 398 1568 de
415 1507 525 1588 poenis
541 1506 654 1588 egitur,
680 1522 763 1586 quac
778 1507 900 1584 crimen
926 1508 1066 1589 expient,
1094 1496 1129 1572 et¹
1140 1511 1324 1591 crneudntrt3
1341 1531 1418 1576 cum

109 1617 234 1680 crimen
251 1615 313 1678 dici
330 1634 395 1678 uon
413 1616 517 1695 possit,
534 1613 620 1696 quod
637 1615 817 1678 admittitur
832 1615 873 1677 ab
889 1634 933 1694 eo,
950 1617 1004 1696 qui
1024 1617 1127 1696 legem
1144 1617 1277 1698 ignorat.
1311 1618 1418 1698 Atque

112 1729 147 1794 id
162 1727 244 1792 adeo
260 1747 372 1790 vorum
390 1741 475 1807 puto,
490 1735 538 1791 'nt
552 1727 649 1788 etiem
666 1728 691 1790 si
707 1727 781 1808 quis
806 1726 955 1788 conscius
973 1725 1051 1808 legis
1066 1727 1187 1807 crimen
1209 1715 1416 1822 prohibentia,

111 1845 237 1926 ignoret
252 1855 361 1904 tamen
377 1839 603 1903 inuincibiliter
615 1839 732 1920 legem,
755 1857 841 1919 (puae
854 1857 1026 1904 censuram
1048 1837 1238 1920 generaliter
1254 1837 1358 1918 infert,
1372 1839 1419 1906 ni-

111 1956 292 2022 bilominus
308 1954 465 2036 ignoratio
480 1951 745 2032 legiscensuram
761 1949 1005 2014 inserentis-neu
1020 1951 1153 2031 uiridem
1165 1957 1189 2015 e
1203 1953 1434 2030 crimineseds

112 2070 288 2132 decimum
303 2049 413 2124 reddet
428 2062 618 2139 immunem
642 2059 761 2122 etenim
777 2059 868 2122 eliud
883 2069 931 2122 est
945 2057 1133 2141 delinquere
1148 2061 1181 2122 in
1198 2059 1311 2141 legem,
1334 2079 1421 2142 quoe

110 2174 236 2238 crimen
251 2171 405 2254 probibet,
421 2169 512 2232 elitrd
526 2168 712 2250 delinquere
728 2167 762 2230 iu
775 2167 999 2248 legem-quoe
1012 2185 1186 2230 certantem
1202 2167 1305 2230 infert.
1349 2169 1419 2238 ldrti

111 2279 274 2360 delinquit
301 2279 334 2340 iu
351 2277 475 2359 lugeto,¹
490 2296 574 2358 quae
589 2278 714 2340 crimen
727 2276 894 2358 probiben.
908 2275 1096 2340 inobediens
1111 2276 1244 2356 quidem
1267 2289 1323 2356 est,
1340 2299 1436 2344 non-¹

111 2387 522 2460 dnm-tomencontnmox,
544 2383 652 2464 *quatis
669 2395 737 2446 tum
754 2382 1098 2464 deruumeppellutur,
1117 2403 1194 2448 curn
1211 2384 1370 2466 delinqurt
1384 2385 1419 2452 iu
1497 2382 1502 2390 ’

113 2496 230 2576 legem,
257 2514 342 2575 <ptrue
364 2513 537 2556 censuram
554 2494 675 2572 indiclt3
703 2505 736 2555 at
751 2501 907 2558 consume
933 2493 1121 2584 pierumque
1149 2494 1295 2560 mutatur
1315 2499 1346 2560 in
1363 2515 1419 2563 eos

110 2618 252 2681 tanturn,
277 2603 334 2686 qui
348 2617 559 2668 contumaces
584 2603 738 2666 existunt.
784 2603 871 2666 Hinc
887 2601 981 2666 focile
995 2603 1164 2686 colligitur,
1191 2625 1255 2668 non
1271 2606 1420 2692 sufficere

113 2715 158 2778 ad
173 2711 381 2779 eredendum·
402 2731 576 2778 censuram
602 2712 743 2794 allegere
767 2724 825 2774 eut
850 2724 974 2780 metum
999 2723 1178 2794 utcumque
1203 2733 1344 2795 gravent,
1362 2724 1420 2779 dut

112 2843 225 2891 minue
250 2823 464 2888 deliberatum
488 2822 590 2886 animi
606 2833 740 2906 motum,
766 2834 823 2885 eut
845 2821 1050 2888 oscitantium
1077 2824 1142 2886 veri
1158 2823 1224 2886 doli
1246 2837 1419 2906 expertem,

111 2947 172 3000 aut
186 2933 340 3014 supinam
365 2931 524 3013 praecepti
541 2930 745 3008 oblivionem,
768 2949 852 3011 qttee
867 2938 888 2996 e
902 2933 993 3013 gravi
1010 2933 1207 3015 negligentia
1228 2953 1293 2998 non
1310 2934 1421 2998 dietin-

113 3043 234 3125 guum,
262 3041 343 3104 hoec
358 3041 445 3104 enim
461 3039 571 3102 omnia
596 3039 715 3120 quibus
741 3039 898 3104 ornnibos,
919 3040 1097 3104 incaeduus
1122 3060 1185 3104 uon
1211 3042 1425 3108 absolvente
1492 3071 1496 3079 ·

113 3155 187 3236 lege
202 3163 370 3236 peceatum
385 3151 580 3234 probibente,
595 3163 630 3212 et
644 3151 765 3230 peccati
781 3149 910 3212 lethalis
924 3149 1033 3212 edbnc
1051 3169 1140 3212 reum
1155 3149 1286 3228 faciunt,
1310 3153 1342 3215 iu
1357 3153 1423 3217 illis

113 3259 277 3324 universis
292 3277 398 3340 neque
410 3257 585 3322 absolvunt
610 3263 631 3322 ri
647 3259 716 3338 lego
731 3275 901 3320 censuram
918 3257 1091 3339 inferente,
1106 3279 1178 3322 ceu.
1195 3261 1245 3324 ld.
1272 3261 1344 3325 dist.
1360 3264 1421 3350 73,

106 3388 188 3452 cap.
202 3370 233 3432 5.
249 3365 290 3430 de
305 3367 365 3444 bis,
387 3386 474 3449 qrroe
488 3367 528 3444 vi,
546 3377 693 3429 uretusve
718 3385 820 3430 ceum
836 3367 929 3446 lium,
954 3389 1026 3451 cop.
1041 3371 1071 3432 4.
1085 3367 1128 3433 'de
1153 3383 1233 3436 sent.
1261 3393 1436 3438 excomm..

21 3551 29 3560 ,
110 3473 401 3556 Exceptio-iulio,
425 3473 483 3554 qui
507 3473 703 3556 delinquunt
727 3495 769 3538 ex
786 3477 925 3540 naturali
949 3477 1134 3542 infirmitate
1155 3480 1280 3564 judicii,
1307 3484 1421 3563 <proles

103 3595 192 3650 erent
202 3573 399 3664 impuberes,
425 3584 674 3666 quornm'uetati
694 3582 756 3646 lere
781 3586 959 3667 ignoscitur
970 3589 1003 3650 ia
1030 3589 1093 3651 boe
1115 3603 1211 3673 perte.
1259 3593 1336 3656 Diui
1345 3595 1422 3681 fere

108 3693 248 3776 ignosci,
276 3705 313 3758 ut
324 3691 524 3771 adnotarem,
551 3691 821 3774 aliudreceptum
848 3697 967 3758 esseio
992 3699 1197 3778 percussione
1224 3698 1421 3768 Olerieoruot

106 3802 155 3866 eb
172 3802 339 3884 impubere
354 3799 428 3864 dolo
444 3798 538 3880 fecto,
552 3802 646 3884 enjus
662 3803 877 3868 concamium
892 3804 1073 3886 impuberes
1087 3812 1422 3876 excommunicationi

104 3909 280 3992 subiacere
303 3905 456 3970 declarati
470 3918 557 3988 sunt,
581 3928 652 3990 cap.
668 3911 718 3974 58.
735 3911 776 3974 de
790 3925 870 3977 sent.
899 3933 1069 3995 excomm,
1090 3937 1292 4002 quemquern
1308 3923 1341 3986 in
1357 3923 1426 3989 bec.

102 4014 223 4094 specie
236 4012 334 4076 etiem
358 4012 499 4096 adparet,
524 4035 640 4098 pueros
656 4020 767 4091 miuus
782 4024 897 4104 puniri3
921 4025 1040 4090 etenim
1055 4046 1132 4092 cum
1147 4027 1268 4112 duplex
1289 4032 1331 4094 sit
1347 4047 1421 4115 pero

99 4121 344 4188 Laterencnsis
369 4125 504 4188 cunonis
519 4126 552 4188 in
568 4145 639 4192 een.
663 4129 714 4192 29.
730 4149 819 4194 caus.
848 4133 895 4196 17.
912 4145 1035 4214 quaest
1051 4135 1091 4212 4.,
1118 4135 1222 4217 prime
1249 4155 1421 4202 censuram

100 4249 263 4298 excomm
269 4233 462 4297 uuicationis
474 4235 602 4317 indicet,
620 4237 722 4303 altera
732 4241 966 4309 absolutionem
981 4241 1326 4311 excommunicationis
1340 4250 1437 4314 Pone

100 4341 193 4408 tifici
209 4341 358 4408 Maximo
385 4357 534 4423 reservat,
562 4347 743 4428 impuberes
769 4352 1139 4417 excommunicationem
1166 4353 1300 4436 quidem
1315 4357 1420 4422 incuo

98 4465 198 4535 runt,
214 4451 273 4514 scd
287 4453 329 4518 ab
354 4453 527 4519 Ordinario
540 4467 677 4538 possunt
702 4455 938 4523 absolutionem
961 4459 1142 4544 impetrare
1164 4475 1356 4548 argumento
1368 4481 1436 4533 cuv
