3216 4988
634 409 638 418 ’
682 437 728 484 nn
760 437 890 483 usnnrs.
1380 414 1445 476 2⁵9

133 561 193 645 qui
209 573 326 632 cartas,
340 563 497 644 pecuniae
512 581 658 626 summas
684 561 771 624 nacti
787 571 870 638 sunt,
896 577 952 622 eas
973 554 1132 632 eredendo
1155 557 1217 620 sub
1234 556 1338 618 usuris
1362 554 1443 616 dum

130 673 200 734 otio
215 682 350 754 torpent,
375 671 479 750 abiis,
495 671 552 750 qui
566 669 720 746 laborant,
742 667 865 732 fructus
882 669 1068 750 percipiunt,
1085 687 1149 732 non
1166 667 1206 730 de
1222 667 1285 730 alia
1309 687 1341 730 re
1357 667 1441 731 solli-

130 779 197 856 eiti,
214 797 313 860 quam
330 779 371 840 de
385 775 555 858 exigendo,
582 775 761 858 etquidem
777 795 850 838 eam
867 778 1024 858 pecuniae
1039 777 1264 856 quantitatem,
1291 795 1384 856 quae,
1402 777 1440 838 si-

131 901 190 950 6111
207 889 249 951 61)
264 889 355 950 initio
369 899 503 970 paetum
519 897 574 965 est,
591 897 677 949 certa
693 898 844 969 perpetuo
860 899 977 966 manet,
1004 887 1073 949 sine
1090 889 1157 949 ulla
1172 887 1395 965 diminutione,
1411 900 1443 952 et

132 997 205 1060 sine
221 997 288 1060 ullo
315 998 407 1058 sortis
424 995 575 1078 periculo.
619 995 704 1056 Istae
720 994 860 1056 rationes
875 993 1014 1073 fuerunt,
1038 993 1158 1074 quibus
1179 994 1377 1074 experientia
1391 1013 1443 1056 ae·

131 1108 270 1172 cedente
285 1107 468 1170 didicerunt
482 1117 514 1168 et
529 1105 728 1186 Philosophi,
744 1117 776 1166 61
791 1105 1020 1187 legumlatores
1039 1116 1163 1166 tantam
1180 1105 1265 1171 luem
1283 1105 1442 1182 detestari,

130 1227 165 1278 et
180 1213 289 1294 quoad
305 1213 373 1275 fieri
388 1221 503 1294 posset,
519 1219 539 1274 e
554 1210 734 1292 Republica
748 1211 925 1289 eliminare,
943 1211 989 1273 uti
1006 1211 1124 1273 deduci
1150 1221 1254 1292 potest
1268 1231 1309 1272 err
1326 1211 1442 1274 Novel-

132 1327 165 1389 la
182 1325 360 1390 Justiniani
375 1325 426 1386 32.
444 1325 477 1386 ln
493 1323 656 1405 principio,
680 1339 722 1383 ex
737 1322 756 1384 J
760 1322 825 1384 ulio
833 1323 979 1384 Caesare
995 1323 1064 1385 libr.
1087 1322 1116 1384 3.
1133 1321 1173 1384 de
1191 1321 1273 1386 bello
1288 1322 1384 1399 cirili,
1400 1341 1442 1384 ex

132 1431 309 1494 Plutarcho
334 1431 368 1492 in
382 1429 627 1510 quaestionibus
643 1447 749 1492 rerum
765 1431 971 1508 Graecarum,
999 1430 1078 1492 etin
1096 1430 1244 1508 eroullo,
1263 1449 1305 1492 ex
1322 1432 1442 1494 Aristo-

130 1539 195 1602 tele
210 1539 244 1600 in
260 1537 329 1599 libr.
345 1536 374 1598 4.
390 1536 615 1620 aethnicorum
630 1553 701 1616 cap.
719 1537 755 1614 1.,
773 1547 878 1616 atque,
895 1547 931 1597 ut
945 1535 1027 1596 alios
1049 1535 1131 1598 bene
1146 1535 1266 1598 multos
1284 1537 1439 1616 omittam,

128 1668 173 1710 ex
189 1645 315 1710 Seneca
331 1647 363 1706 in
387 1645 457 1706 libr.
473 1647 502 1708 7.
521 1643 562 1706 de
577 1641 741 1706 benefieiis
765 1643 810 1706 ita
826 1643 993 1718 scribente:
1029 1645 1123 1715 Quid
1127 1647 1260 1727 foenus,
1276 1653 1307 1706 et
1325 1645 1441 1710 Celen-

127 1759 276 1836 derium,
304 1766 335 1821 et
349 1751 463 1836 uisura,
490 1757 558 1818 nisi
573 1757 740 1819 ltumunoe
765 1757 962 1839 cupiditatis
988 1762 1081 1818 eolre
1104 1763 1265 1820 neutrum
1289 1760 1440 1841 quaesita

129 1867 287 1930 nomino?
331 1865 452 1928 Divino
467 1875 628 1948 praeterea
639 1867 719 1948 jure,
746 1885 804 1928 seu
818 1865 943 1943 veteris,
961 1883 1018 1930 seu
1035 1869 1111 1928 novi
1138 1867 1318 1928 testamenti
1337 1867 1443 1948 probi·

128 1975 215 2038 bitas
232 1995 346 2038 usuras
372 1995 442 2037 esse
458 1985 593 2037 testatur
618 1973 804 2036 Alexander
829 1973 888 2036 ΙΙΙ.
905 1975 938 2036 16
953 1994 1023 2057 oap.
1039 1976 1069 2037 4,
1095 1977 1135 2038 (16
1151 1977 1257 2038 usuris
1283 1977 1341 2058 qui
1359 1997 1437 2040 sane

128 2083 271 2165 respexit
286 2083 328 2146 ad
344 2103 415 2166 cap.
440 2085 492 2148 25.
511 2085 645 2148 Levitiei
662 2103 743 2146 vers.
759 2083 820 2162 36,
838 2083 880 2144 ad
903 2095 1003 2165 eaput
1018 2084 1068 2146 23.
1096 2085 1341 2148 Deuteronomii
1352 2105 1437 2150 ,vers

130 2195 190 2272 19,
208 2191 250 2254 ad
266 2191 434 2256 Psalmum
464 2191 512 2253 lt.
530 2211 611 2252 vers.
630 2193 664 2272 Ι5.
693 2191 735 2252 ad
752 2191 921 2254 Psalmum
948 2189 995 2254 54
1015 2205 1099 2253 vers:
1116 2191 1173 2270 la,
1203 2191 1245 2254 ad
1268 2192 1437 2256 Psalmum

124 2297 180 2358 71.
208 2315 289 2358 vers.
319 2297 446 2380 lt.,ad
472 2308 570 2379 eaput
596 2297 648 2360 18.
674 2297 859 2378 Eaequielis
885 2317 967 2360 vers.
994 2301 1052 2377 13,
1077 2299 1119 2360 ad
1138 2309 1238 2380 caput
1261 2303 1289 2364 5.
1316 2281 1382 2362 libr.
1408 2301 1438 2364 2.

126 2407 256 2470 Esdrae
270 2427 353 2470 vers.
380 2389 418 2486 7.,
435 2417 466 2470 61
481 2407 523 2469 ad
549 2419 648 2489 eaput
673 2409 702 2470 b.
719 2407 829 2470 Lucae
856 2427 935 2472 vers.
955 2409 1005 2472 32.
1022 2421 1053 2471 et
1079 2411 1298 2490 sequentibus.
1344 2411 1437 2480 uuio

122 2513 373 2596 adjiciamjuris
398 2513 606 2575 ecclesiastici
633 2525 846 2577 monumenta
871 2515 1003 2596 perenni
1030 2515 1225 2579 Sanctorum
1251 2513 1386 2580 Pat'rum
1403 2518 1436 2580 in

123 2637 245 2698 uuam,
271 2618 487 2701 eamdemque
513 2639 638 2701 semper
667 2623 860 2686 sententiam
887 2623 1075 2687 coeuntium
1101 2623 1438 2705 traditione.firmata,

125 2735 164 2786 ut
188 2727 415 2806 demonstrem,
442 2747 558 2789 usuras
574 2727 686 2790 eodem
708 2731 780 2811 jure
803 2729 967 2794 damnari?
1012 2731 1070 2794 Vel
1096 2751 1181 2794 unus
1204 2732 1282 2795 liber
1303 2735 1437 2798 Ambro-

120 2833 165 2894 sii
181 2831 223 2894 de
249 2833 595 2914 Tabia-quaestionem
623 2835 808 2900 universam
830 2839 1010 2903 conficeret.
1056 2839 1155 2904 Plura
1177 2861 1308 2924 quoque
1322 2855 1435 2909 extant

121 2935 215 3016 apud
241 2937 434 3001 Gratianum
461 2939 494 3000 in
520 2959 621 3003 causa
651 2943 698 3006 14.
722 2959 846 3024 quaest.
877 2947 916 3025 3,
943 2957 974 3010 et
1001 2948 1033 3016 ln
1059 2957 1123 3010 toto
1149 2951 1241 3012 titulo
1265 2951 1305 3014 da
1329 2957 1435 3018 usuris

120 3043 212 3124 apud
240 3043 429 3126 Gregorintn
455 3047 525 3126 IX,
553 3049 639 3130 apud
667 3049 872 3117 Bonifaoium
900 3056 997 3134 lllll,
1027 3059 1060 3118 in
1087 3057 1299 3122 recentiorum
1320 3061 1434 3123 661166-

120 3153 249 3216 tionum
266 3163 420 3216 auctores.
455 3156 596 3218 Nomine
611 3159 716 3221 civilis
738 3163 819 3242 juris
835 3179 898 3223 non
916 3165 1021 3228 solum
1045 3165 1190 3247 intelligo
1205 3167 1432 3232 saluberrimas

121 3261 353 3323 recentioribus
369 3263 506 3325 saeculis
519 3264 624 3326 editas
639 3271 659 3328 6
675 3267 868 3332 Christianis
884 3271 1088 3352 Principibus
1103 3271 1198 3354 leges,
1214 3275 1329 3356 quales
1345 3277 1434 3358 apud

120 3391 181 3435 nos
198 3371 360 3434 habentur
385 3373 418 3434 in
435 3373 503 3436 libr.
520 3373 549 3436 4.
568 3375 613 3438 tit.
643 3377 779 3460 34166.
799 3379 847 3442 14.
873 3381 1048 3464 Regiorum
1062 3385 1359 3466 constitutionum,
1376 3402 1433 3452 6111
1455 3427 1457 3432 -

117 3479 237 3560 quales
252 3481 458 3542 continentur
483 3482 516 3544 in
533 3483 780 3568 Capitularrbus'
791 3489 1000 3568 Francorum,
1024 3495 1144 3572 quibus
1160 3496 1266 3557 media
1281 3508 1370 3560 aetas
1388 3519 1431 3560 re-

89 3587 265 3666 ·gebatur,
292 3597 322 3649 et
338 3607 422 3668 quae
439 3591 560 3670 passim
585 3588 801 3657 fdeneratitias
826 3609 991 3679 pactiones
1013 3599 1224 3683 detestantun
1249 3605 1305 3666 sed
1322 3607 1431 3686 ipsum

118 3707 215 3756 vetus
227 3695 282 3777 jus
305 3695 537 3776 Romanorum,
564 3701 666 3779 quale¹
676 3705 763 3784 apud
782 3725 839 3766 nos
867 3719 1013 3788 superest
1027 3729 1068 3770 err
1085 3713 1103 3773 J
1109 3714 1289 3777 ustinlanea
1311 3715 1433 3780 Collec-

117 3803 214 3880 tione,
231 3805 265 3864 in
281 3823 347 3884 quo
362 3805 444 3866 nihil
460 3817 556 3887 extat,
574 3811 661 3889 quod
678 3815 859 3876 usurariam
877 3820 1123 3897 praestationem
1140 3825 1329 3904 probaverit.

159 3911 199 3972 In
215 3910 279 3972 hoe
294 3929 373 3972 sane
389 3913 618 3998 Romanojure
635 3921 756 3998 passim
768 3923 951 4003 judicatum
968 3935 1024 4003 est,
1048 3939 1081 3988 ut
1099 3932 1238 3992 multum
1256 3933 1381 4012 laboris,
1398 3949 1429 3998 et

114 4017 297 4080 industriae
312 4019 558 4102 impenderetur,
585 4027 746 4106 siquidem
764 4034 886 4112 patroni
912 4053 1084 4100 usurarum
1113 4041 1145 4102 in
1161 4042 1274 4104 eodem
1292 4055 1425 4124 putave-

114 4141 199 4207 runt,
217 4131 361 4192 invenire
377 4152 411 4193 se
427 4153 519 4214 posse
535 4147 642 4199 tutum
658 4139 817 4220 opinionis
839 4163 917 4204 suae
933 4150 1138 4227 praesidium.
1182 4153 1251 4222 uui
1269 4153 1425 4220 adversus

114 4255 232 4298 usuras
248 4251 396 4319 pugnant
421 4243 453 4304 in
470 4255 644 4324 conspectu
661 4245 770 4327 legum
797 4247 1028 4332 Romanorum,
1056 4257 1088 4319 ln
1110 4279 1215 4322 varias
1239 4276 1342 4343 pianes
1359 4266 1423 4328 dis-

113 4345 204 4405 tracti
222 4359 307 4407 sunt.
352 4347 498 4410 Fuerunt
520 4353 662 4432 quidam,
690 4358 745 4434 qui
762 4358 967 4438 adnotarunt,
994 4365 1109 4448 injure
1126 4368 1281 4450 Romano,
1307 4375 1332 4434 si
1356 4393 1420 4438 non

110 4455 247 4517 omnino
262 4455 303 4518 ob
329 4457 563 4540 improbitatem
581 4481 753 4530 avarorum
780 4469 950 4538 hominnm
968 4475 1065 4540 deleri
1084 4499 1209 4562 usurae,
1236 4501 1419 4570 potuerunt,

1592 4495 1594 4566 l

1591 4621 1594 4703 l
