<?xml version="1.0" encoding="UTF-8"?>
<!DOCTYPE html PUBLIC "-//W3C//DTD XHTML 1.0 Transitional//EN"
    "http://www.w3.org/TR/xhtml1/DTD/xhtml1-transitional.dtd">
<html xmlns="http://www.w3.org/1999/xhtml" xml:lang="en" lang="en">
 <head>
  <title>
</title>
<meta http-equiv="Content-Type" content="text/html;charset=utf-8" />
  <meta name='ocr-system' content='tesseract 3.04.00' />
  <meta name='ocr-capabilities' content='ocr_page ocr_carea ocr_par ocr_line ocrx_word'/>
</head>
<body>
  <div class='ocr_page' id='page_1' title='image "./carolisebastian00beragoog_0276.png"; bbox 0 0 3168 4982; ppageno 0'>
   <div class='ocr_carea' id='block_1_1' title="bbox 279 361 1383 459">
    <p class='ocr_par' dir='ltr' id='par_1_1' title="bbox 279 361 1383 459">
     <span class='ocr_line' id='line_1_1' title="bbox 279 361 1383 459; baseline -0.017 -10"><span class='ocrx_word' id='word_1_1' title='bbox 279 400 328 448; x_wconf 68' lang='lat' dir='ltr'><strong>DE</strong></span> <span class='ocrx_word' id='word_1_2' title='bbox 344 399 475 459; x_wconf 68' lang='lat' dir='ltr'><strong>FORHA,</strong></span> <span class='ocrx_word' id='word_1_3' title='bbox 492 401 535 448; x_wconf 76' lang='lat' dir='ltr'><strong>AG</strong></span> <span class='ocrx_word' id='word_1_4' title='bbox 558 397 876 450; x_wconf 64' lang='lat' dir='ltr'><strong>consummamus</strong></span> <span class='ocrx_word' id='word_1_5' title='bbox 895 393 1154 442; x_wconf 75' lang='lat' dir='ltr'><strong>consuetorum.</strong></span> <span class='ocrx_word' id='word_1_6' title='bbox 1175 419 1176 424; x_wconf 60' lang='lat'>=</span> <span class='ocrx_word' id='word_1_7' title='bbox 1318 361 1383 430; x_wconf 69' lang='grc'><strong>273</strong></span> 
     </span>
    </p>
   </div>
   <div class='ocr_carea' id='block_1_2' title="bbox 99 510 1444 2880">
    <p class='ocr_par' dir='ltr' id='par_1_2' title="bbox 105 510 1397 928">
     <span class='ocr_line' id='line_1_2' title="bbox 105 510 1397 602; baseline -0.012 -13"><span class='ocrx_word' id='word_1_8' title='bbox 105 523 379 590; x_wconf 75' lang='lat' dir='ltr'><strong>nasduberrimas</strong></span> <span class='ocrx_word' id='word_1_9' title='bbox 403 533 435 588; x_wconf 89' lang='lat' dir='ltr'><strong>et</strong></span> <span class='ocrx_word' id='word_1_10' title='bbox 450 523 652 588; x_wconf 85' lang='lat' dir='ltr'><strong>Christianae</strong></span> <span class='ocrx_word' id='word_1_11' title='bbox 678 519 839 602; x_wconf 78' lang='lat' dir='ltr'><strong>Religioni</strong></span> <span class='ocrx_word' id='word_1_12' title='bbox 854 514 1116 582; x_wconf 88' lang='lat' dir='ltr'><strong>accommodatas</strong></span> <span class='ocrx_word' id='word_1_13' title='bbox 1141 510 1308 590; x_wconf 81' lang='lat' dir='ltr'><strong>ediderint,</strong></span> <span class='ocrx_word' id='word_1_14' title='bbox 1323 519 1397 581; x_wconf 85' lang='lat' dir='ltr'><strong>aut¹</strong></span> 
     </span>
     <span class='ocr_line' id='line_1_3' title="bbox 107 627 1396 719; baseline -0.011 -19"><span class='ocrx_word' id='word_1_15' title='bbox 107 638 212 700; x_wconf 88' lang='lat' dir='ltr'><strong>omnino</strong></span> <span class='ocrx_word' id='word_1_16' title='bbox 223 637 393 719; x_wconf 73' lang='lat' dir='ltr'>abrogatis,</span> <span class='ocrx_word' id='word_1_17' title='bbox 409 646 466 698; x_wconf 89' lang='lat' dir='ltr'><strong>ant</strong></span> <span class='ocrx_word' id='word_1_18' title='bbox 478 631 656 716; x_wconf 63' lang='lat' dir='ltr'><strong>amoenans</strong></span> <span class='ocrx_word' id='word_1_19' title='bbox 667 642 812 695; x_wconf 85' lang='lat' dir='ltr'><strong>veterum</strong></span> <span class='ocrx_word' id='word_1_20' title='bbox 823 631 990 701; x_wconf 77' lang='lat' dir='ltr'><strong>Quiritum</strong></span> <span class='ocrx_word' id='word_1_21' title='bbox 1002 627 1153 706; x_wconf 89' lang='lat' dir='ltr'><strong>moribus,</strong></span> <span class='ocrx_word' id='word_1_22' title='bbox 1168 643 1235 689; x_wconf 93' lang='lat' dir='ltr'><strong>non</strong></span> <span class='ocrx_word' id='word_1_23' title='bbox 1247 635 1396 714; x_wconf 17' lang='lat' dir='ltr'><strong>possuntt</strong></span> 
     </span>
     <span class='ocr_line' id='line_1_4' title="bbox 107 733 1384 846; baseline -0.008 -40"><span class='ocrx_word' id='word_1_24' title='bbox 107 743 285 808; x_wconf 86' lang='lat' dir='ltr'><strong>haecomnia</strong></span> <span class='ocrx_word' id='word_1_25' title='bbox 299 739 629 846; x_wconf 84' lang='lat' dir='ltr'><strong>commodeexpendi,</strong></span> <span class='ocrx_word' id='word_1_26' title='bbox 646 739 708 802; x_wconf 91' lang='lat' dir='ltr'><strong>nisr</strong></span> <span class='ocrx_word' id='word_1_27' title='bbox 700 739 835 802; x_wconf 90' lang='lat' dir='ltr'><strong>saltem</strong></span> <span class='ocrx_word' id='word_1_28' title='bbox 850 737 963 820; x_wconf 82' lang='lat' dir='ltr'><strong>paucis</strong></span> <span class='ocrx_word' id='word_1_29' title='bbox 978 735 1136 800; x_wconf 88' lang='lat' dir='ltr'><strong>indicetur</strong></span> <span class='ocrx_word' id='word_1_30' title='bbox 1147 734 1251 816; x_wconf 90' lang='lat' dir='ltr'><strong>prisca</strong></span> <span class='ocrx_word' id='word_1_31' title='bbox 1266 733 1384 796; x_wconf 69' lang='lat' dir='ltr'><strong>Roma</strong></span> 
     </span>
     <span class='ocr_line' id='line_1_5' title="bbox 107 845 1011 928; baseline -0.006 -15"><span class='ocrx_word' id='word_1_32' title='bbox 107 863 197 915; x_wconf 83' lang='lat' dir='ltr'><strong>norrtm</strong></span> <span class='ocrx_word' id='word_1_33' title='bbox 213 863 285 916; x_wconf 89' lang='lat' dir='ltr'><strong>utut</strong></span> <span class='ocrx_word' id='word_1_34' title='bbox 299 852 466 914; x_wconf 80' lang='lat' dir='ltr'>idolatriae</span> <span class='ocrx_word' id='word_1_35' title='bbox 481 850 590 912; x_wconf 92' lang='lat' dir='ltr'><strong>adhuc</strong></span> <span class='ocrx_word' id='word_1_36' title='bbox 606 847 815 910; x_wconf 85' lang='lat' dir='ltr'><strong>servientium</strong></span> <span class='ocrx_word' id='word_1_37' title='bbox 831 845 1011 928; x_wconf 80' lang='lat' dir='ltr'><strong>disciplina.</strong></span> 
     </span>
    </p>

    <p class='ocr_par' dir='ltr' id='par_1_3' title="bbox 99 951 1444 2880">
     <span class='ocr_line' id='line_1_6' title="bbox 136 951 1382 1038; baseline -0.002 -20"><span class='ocrx_word' id='word_1_38' title='bbox 136 957 235 1038; x_wconf 88' lang='lat' dir='ltr'><strong>ltaque</strong></span> <span class='ocrx_word' id='word_1_39' title='bbox 248 958 390 1022; x_wconf 85' lang='lat' dir='ltr'><strong>Romani</strong></span> <span class='ocrx_word' id='word_1_40' title='bbox 414 969 535 1020; x_wconf 90' lang='lat' dir='ltr'><strong>veteres</strong></span> <span class='ocrx_word' id='word_1_41' title='bbox 550 977 614 1020; x_wconf 92' lang='lat' dir='ltr'><strong>non</strong></span> <span class='ocrx_word' id='word_1_42' title='bbox 632 975 731 1018; x_wconf 90' lang='lat' dir='ltr'><strong>unam</strong></span> <span class='ocrx_word' id='word_1_43' title='bbox 747 953 998 1018; x_wconf 80' lang='lat' dir='ltr'><strong>contrahendis</strong></span> <span class='ocrx_word' id='word_1_44' title='bbox 986 953 1082 1036; x_wconf 86' lang='lat' dir='ltr'><strong>Justis</strong></span> <span class='ocrx_word' id='word_1_45' title='bbox 1104 953 1226 1035; x_wconf 89' lang='lat' dir='ltr'><strong>nuptiis</strong></span> <span class='ocrx_word' id='word_1_46' title='bbox 1244 951 1382 1018; x_wconf 85' lang='lat' dir='ltr'><strong>formam</strong></span> 
     </span>
     <span class='ocr_line' id='line_1_7' title="bbox 106 1059 1383 1148; baseline -0.002 -22"><span class='ocrx_word' id='word_1_47' title='bbox 106 1067 337 1146; x_wconf 87' lang='lat' dir='ltr'><strong>praestituerunt,</strong></span> <span class='ocrx_word' id='word_1_48' title='bbox 359 1066 415 1134; x_wconf 87' lang='lat' dir='ltr'><strong>sed</strong></span> <span class='ocrx_word' id='word_1_49' title='bbox 432 1066 595 1148; x_wconf 82' lang='lat' dir='ltr'><strong>triplicem,</strong></span> <span class='ocrx_word' id='word_1_50' title='bbox 617 1084 756 1148; x_wconf 90' lang='lat' dir='ltr'><strong>quarum</strong></span> <span class='ocrx_word' id='word_1_51' title='bbox 773 1083 873 1128; x_wconf 90' lang='lat' dir='ltr'><strong>unam</strong></span> <span class='ocrx_word' id='word_1_52' title='bbox 894 1065 951 1146; x_wconf 88' lang='lat' dir='ltr'><strong>qni</strong></span> <span class='ocrx_word' id='word_1_53' title='bbox 965 1073 1114 1140; x_wconf 88' lang='lat' dir='ltr'><strong>servaret,</strong></span> <span class='ocrx_word' id='word_1_54' title='bbox 1137 1081 1210 1124; x_wconf 89' lang='lat' dir='ltr'><strong>vere</strong></span> <span class='ocrx_word' id='word_1_55' title='bbox 1226 1059 1383 1126; x_wconf 81' lang='lat' dir='ltr'><strong>diceretur</strong></span> 
     </span>
     <span class='ocr_line' id='line_1_8' title="bbox 105 1155 1383 1256; baseline 0.002 -22"><span class='ocrx_word' id='word_1_56' title='bbox 105 1173 211 1252; x_wconf 78' lang='lat' dir='ltr'><strong>nuptias</strong></span> <span class='ocrx_word' id='word_1_57' title='bbox 220 1175 292 1256; x_wconf 76' lang='lat' dir='ltr'><strong>Jure</strong></span> <span class='ocrx_word' id='word_1_58' title='bbox 307 1173 473 1252; x_wconf 88' lang='lat' dir='ltr'><strong>celebrare,</strong></span> <span class='ocrx_word' id='word_1_59' title='bbox 490 1193 545 1240; x_wconf 89' lang='lat' dir='ltr'><strong>eas</strong></span> <span class='ocrx_word' id='word_1_60' title='bbox 559 1155 722 1250; x_wconf 89' lang='lat' dir='ltr'><strong>nimirum,</strong></span> <span class='ocrx_word' id='word_1_61' title='bbox 745 1191 830 1254; x_wconf 67' lang='lat' dir='ltr'><strong>spirae</strong></span> <span class='ocrx_word' id='word_1_62' title='bbox 844 1189 957 1234; x_wconf 86' lang='lat' dir='ltr'><strong>omncs</strong></span> <span class='ocrx_word' id='word_1_63' title='bbox 970 1173 1150 1234; x_wconf 82' lang='lat' dir='ltr'><strong>obtinerent</strong></span> <span class='ocrx_word' id='word_1_64' title='bbox 1165 1170 1298 1244; x_wconf 83' lang='lat' dir='ltr'><strong>effectus</strong></span> <span class='ocrx_word' id='word_1_65' title='bbox 1312 1169 1383 1256; x_wconf 79' lang='lat' dir='ltr'><strong>lege</strong></span> 
     </span>
     <span class='ocr_line' id='line_1_9' title="bbox 105 1279 1386 1362; baseline 0.005 -24"><span class='ocrx_word' id='word_1_66' title='bbox 105 1279 159 1360; x_wconf 84' lang='lat' dir='ltr'><strong>ejus</strong></span> <span class='ocrx_word' id='word_1_67' title='bbox 172 1281 278 1362; x_wconf 87' lang='lat' dir='ltr'><strong>populi</strong></span> <span class='ocrx_word' id='word_1_68' title='bbox 303 1283 516 1362; x_wconf 88' lang='lat' dir='ltr'><strong>praestitutos.</strong></span> <span class='ocrx_word' id='word_1_69' title='bbox 560 1281 668 1344; x_wconf 82' lang='lat' dir='ltr'><strong>Prima</strong></span> <span class='ocrx_word' id='word_1_70' title='bbox 685 1279 788 1344; x_wconf 83' lang='lat' dir='ltr'><strong>forma</strong></span> <span class='ocrx_word' id='word_1_71' title='bbox 812 1291 879 1344; x_wconf 87' lang='lat' dir='ltr'><strong>erat</strong></span> <span class='ocrx_word' id='word_1_72' title='bbox 893 1281 1162 1360; x_wconf 83' lang='lat' dir='ltr'><strong>confarreationis,</strong></span> <span class='ocrx_word' id='word_1_73' title='bbox 1188 1299 1272 1362; x_wconf 89' lang='lat' dir='ltr'><strong>quae</strong></span> <span class='ocrx_word' id='word_1_74' title='bbox 1287 1283 1386 1345; x_wconf 88' lang='lat' dir='ltr'><strong>etiam</strong></span> 
     </span>
     <span class='ocr_line' id='line_1_10' title="bbox 103 1385 1386 1472; baseline 0.002 -24"><span class='ocrx_word' id='word_1_75' title='bbox 103 1385 246 1452; x_wconf 86' lang='lat' dir='ltr'><strong>dicebatur</strong></span> <span class='ocrx_word' id='word_1_76' title='bbox 269 1408 375 1468; x_wconf 86' lang='lat' dir='ltr'><strong>aquae</strong></span> <span class='ocrx_word' id='word_1_77' title='bbox 390 1399 421 1451; x_wconf 88' lang='lat' dir='ltr'><strong>et</strong></span> <span class='ocrx_word' id='word_1_78' title='bbox 436 1389 520 1470; x_wconf 78' lang='lat' dir='ltr'><strong>ignis</strong></span> <span class='ocrx_word' id='word_1_79' title='bbox 543 1388 761 1472; x_wconf 75' lang='lat' dir='ltr'><strong>adposuimus,</strong></span> <span class='ocrx_word' id='word_1_80' title='bbox 783 1388 883 1450; x_wconf 85' lang='lat' dir='ltr'><strong>altera</strong></span> <span class='ocrx_word' id='word_1_81' title='bbox 898 1387 1118 1470; x_wconf 81' lang='lat' dir='ltr'><strong>coemptionis3</strong></span> <span class='ocrx_word' id='word_1_82' title='bbox 1135 1399 1294 1469; x_wconf 88' lang='lat' dir='ltr'><strong>postrema</strong></span> <span class='ocrx_word' id='word_1_83' title='bbox 1311 1407 1386 1452; x_wconf 89' lang='lat' dir='ltr'><strong>usu-</strong></span> 
     </span>
     <span class='ocr_line' id='line_1_11' title="bbox 104 1497 1387 1594; baseline 0.004 -36"><span class='ocrx_word' id='word_1_84' title='bbox 104 1499 234 1590; x_wconf 87' lang='lat' dir='ltr'><strong>capionis.</strong></span> <span class='ocrx_word' id='word_1_85' title='bbox 277 1500 379 1569; x_wconf 82' lang='lat' dir='ltr'><strong>Quod</strong></span> <span class='ocrx_word' id='word_1_86' title='bbox 394 1500 556 1564; x_wconf 87' lang='lat' dir='ltr'><strong>Arnobius</strong></span> <span class='ocrx_word' id='word_1_87' title='bbox 582 1497 773 1560; x_wconf 88' lang='lat' dir='ltr'><strong>adnotavit</strong></span> <span class='ocrx_word' id='word_1_88' title='bbox 766 1519 797 1560; x_wconf 91' lang='lat' dir='ltr'><strong>ru</strong></span> <span class='ocrx_word' id='word_1_89' title='bbox 814 1499 881 1562; x_wconf 93' lang='lat' dir='ltr'><strong>libr.</strong></span> <span class='ocrx_word' id='word_1_90' title='bbox 897 1499 926 1560; x_wconf 87' lang='grc'><strong>4.</strong></span> <span class='ocrx_word' id='word_1_91' title='bbox 943 1498 1098 1560; x_wconf 84' lang='lat' dir='ltr'><strong>adversus</strong></span> <span class='ocrx_word' id='word_1_92' title='bbox 1117 1499 1261 1594; x_wconf 83' lang='lat' dir='ltr'><strong>Gentes</strong></span> <span class='ocrx_word' id='word_1_93' title='bbox 1254 1511 1298 1561; x_wconf 90' lang='lat' dir='ltr'><strong>rta</strong></span> <span class='ocrx_word' id='word_1_94' title='bbox 1313 1500 1387 1563; x_wconf 84' lang='lat' dir='ltr'><strong>sori·</strong></span> 
     </span>
     <span class='ocr_line' id='line_1_12' title="bbox 105 1587 1439 1691; baseline 0.001 -23"><span class='ocrx_word' id='word_1_95' title='bbox 105 1605 176 1670; x_wconf 80' lang='lat' dir='ltr'><strong>bens</strong></span> <span class='ocrx_word' id='word_1_96' title='bbox 196 1607 320 1674; x_wconf 65' lang='lat' dir='ltr'><strong>Uxores</strong></span> <span class='ocrx_word' id='word_1_97' title='bbox 334 1611 423 1674; x_wconf 73' lang='lat' dir='ltr'><strong>enim</strong></span> <span class='ocrx_word' id='word_1_98' title='bbox 437 1611 463 1672; x_wconf 79' lang='lat' dir='ltr'><strong>ic</strong></span> <span class='ocrx_word' id='word_1_99' title='bbox 456 1609 605 1688; x_wconf 71' lang='lat' dir='ltr'><strong>babeat,</strong></span> <span class='ocrx_word' id='word_1_100' title='bbox 620 1617 716 1691; x_wconf 70' lang='lat' dir='ltr'><strong>atqie</strong></span> <span class='ocrx_word' id='word_1_101' title='bbox 731 1609 768 1675; x_wconf 83' lang='lat' dir='ltr'><strong>iu</strong></span> <span class='ocrx_word' id='word_1_102' title='bbox 783 1607 953 1691; x_wconf 72' lang='lat' dir='ltr'><strong>corrJ&#39;nguli</strong></span> <span class='ocrx_word' id='word_1_103' title='bbox 960 1607 1104 1688; x_wconf 81' lang='lat' dir='ltr'><strong>saedere</strong></span> <span class='ocrx_word' id='word_1_104' title='bbox 1126 1587 1265 1668; x_wconf 74' lang='lat' dir='ltr'><strong>oerairrrrt</strong></span> <span class='ocrx_word' id='word_1_105' title='bbox 1279 1607 1387 1670; x_wconf 60' lang='lat' dir='ltr'><strong>condi</strong></span> <span class='ocrx_word' id='word_1_106' title='bbox 1434 1603 1439 1610; x_wconf 75' lang='grc'><strong><em>’</em></strong></span> 
     </span>
     <span class='ocr_line' id='line_1_13' title="bbox 105 1717 1444 1806; baseline 0.003 -28"><span class='ocrx_word' id='word_1_107' title='bbox 105 1719 225 1784; x_wconf 77' lang='lat' dir='ltr'><strong>tionibus</strong></span> <span class='ocrx_word' id='word_1_108' title='bbox 238 1730 315 1784; x_wconf 84' lang='lat' dir='ltr'><strong>ante</strong></span> <span class='ocrx_word' id='word_1_109' title='bbox 341 1722 518 1806; x_wconf 68' lang='lat' dir='ltr'><strong>paccano,</strong></span> <span class='ocrx_word' id='word_1_110' title='bbox 546 1741 619 1798; x_wconf 73' lang='lat' dir='ltr'><strong>amar,</strong></span> <span class='ocrx_word' id='word_1_111' title='bbox 633 1719 718 1802; x_wconf 80' lang='lat' dir='ltr'><strong>surr</strong></span> <span class='ocrx_word' id='word_1_112' title='bbox 720 1741 745 1796; x_wconf 88' lang='lat' dir='ltr'><strong>e,</strong></span> <span class='ocrx_word' id='word_1_113' title='bbox 767 1728 799 1781; x_wconf 86' lang='lat' dir='ltr'><strong>et</strong></span> <span class='ocrx_word' id='word_1_114' title='bbox 823 1727 947 1801; x_wconf 84' lang='lat' dir='ltr'><strong>coenrpt</strong></span> <span class='ocrx_word' id='word_1_115' title='bbox 951 1719 1021 1780; x_wconf 85' lang='lat' dir='ltr'><strong>ioue</strong></span> <span class='ocrx_word' id='word_1_116' title='bbox 1040 1718 1268 1800; x_wconf 80' lang='lat' dir='ltr'><strong>geraiolist</strong></span> <span class='ocrx_word' id='word_1_117' title='bbox 1208 1719 1268 1780; x_wconf 85' lang='lat' dir='ltr'><strong>lect</strong></span> <span class='ocrx_word' id='word_1_118' title='bbox 1272 1719 1320 1782; x_wconf 86' lang='lat' dir='ltr'><strong>nli</strong></span> <span class='ocrx_word' id='word_1_119' title='bbox 1334 1739 1387 1782; x_wconf 86' lang='lat' dir='ltr'><strong>so·</strong></span> <span class='ocrx_word' id='word_1_120' title='bbox 1442 1717 1444 1722; x_wconf 76' lang='grc'><strong>’</strong></span> 
     </span>
     <span class='ocr_line' id='line_1_14' title="bbox 105 1822 1420 1906; baseline -0.003 -16"><span class='ocrx_word' id='word_1_121' title='bbox 105 1837 252 1894; x_wconf 77' lang='lat' dir='ltr'><strong>camerato</strong></span> <span class='ocrx_word' id='word_1_122' title='bbox 273 1831 469 1894; x_wconf 70' lang='lat' dir='ltr'><strong>mamercum.</strong></span> <span class='ocrx_word' id='word_1_123' title='bbox 512 1828 727 1896; x_wconf 70' lang='lat' dir='ltr'><strong>solemniores</strong></span> <span class='ocrx_word' id='word_1_124' title='bbox 747 1828 885 1906; x_wconf 68' lang='lat' dir='ltr'><strong>,nuptiae</strong></span> <span class='ocrx_word' id='word_1_125' title='bbox 899 1833 998 1901; x_wconf 89' lang='lat' dir='ltr'><strong>eraut,</strong></span> <span class='ocrx_word' id='word_1_126' title='bbox 1025 1843 1109 1904; x_wconf 90' lang='lat' dir='ltr'><strong>quae</strong></span> <span class='ocrx_word' id='word_1_127' title='bbox 1134 1822 1386 1886; x_wconf 76' lang='lat' dir='ltr'><strong>coniarrcatione</strong></span> <span class='ocrx_word' id='word_1_128' title='bbox 1417 1835 1420 1842; x_wconf 86' lang='lat'>&#39;</span> 
     </span>
     <span class='ocr_line' id='line_1_15' title="bbox 104 1931 1398 2016; baseline 0.001 -23"><span class='ocrx_word' id='word_1_129' title='bbox 104 1934 354 2013; x_wconf 79' lang='lat' dir='ltr'><strong>conualrerantur,</strong></span> <span class='ocrx_word' id='word_1_130' title='bbox 382 1945 489 2016; x_wconf 87' lang='lat' dir='ltr'><strong>utpote</strong></span> <span class='ocrx_word' id='word_1_131' title='bbox 506 1936 537 2000; x_wconf 94' lang='lat' dir='ltr'><strong>iu</strong></span> <span class='ocrx_word' id='word_1_132' title='bbox 554 1935 671 2014; x_wconf 87' lang='lat' dir='ltr'><strong>quibus</strong></span> <span class='ocrx_word' id='word_1_133' title='bbox 695 1935 846 1996; x_wconf 86' lang='lat' dir='ltr'><strong>sacratior</strong></span> <span class='ocrx_word' id='word_1_134' title='bbox 861 1933 940 1996; x_wconf 90' lang='lat' dir='ltr'><strong>ritus</strong></span> <span class='ocrx_word' id='word_1_135' title='bbox 955 1931 1043 2013; x_wconf 90' lang='lat' dir='ltr'><strong>apud</strong></span> <span class='ocrx_word' id='word_1_136' title='bbox 1067 1931 1138 1994; x_wconf 87' lang='lat' dir='ltr'><strong>illos</strong></span> <span class='ocrx_word' id='word_1_137' title='bbox 1152 1931 1339 2009; x_wconf 85' lang='lat' dir='ltr'><strong>habebatur,</strong></span> <span class='ocrx_word' id='word_1_138' title='bbox 1356 1943 1398 1998; x_wconf 89' lang='lat' dir='ltr'><strong>et.</strong></span> 
     </span>
     <span class='ocr_line' id='line_1_16' title="bbox 103 2041 1386 2124; baseline 0.002 -24"><span class='ocrx_word' id='word_1_139' title='bbox 103 2055 168 2120; x_wconf 90' lang='lat' dir='ltr'><strong>pene</strong></span> <span class='ocrx_word' id='word_1_140' title='bbox 182 2041 320 2106; x_wconf 79' lang='lat' dir='ltr'><strong>diritius·</strong></span> <span class='ocrx_word' id='word_1_141' title='bbox 333 2061 470 2124; x_wconf 86' lang='lat' dir='ltr'><strong>eamque</strong></span> <span class='ocrx_word' id='word_1_142' title='bbox 479 2043 520 2104; x_wconf 94' lang='lat' dir='ltr'><strong>ob</strong></span> <span class='ocrx_word' id='word_1_143' title='bbox 530 2062 595 2104; x_wconf 91' lang='lat' dir='ltr'><strong>rem</strong></span> <span class='ocrx_word' id='word_1_144' title='bbox 606 2043 794 2106; x_wconf 83' lang='lat' dir='ltr'><strong>Sacerdotes</strong></span> <span class='ocrx_word' id='word_1_145' title='bbox 806 2061 870 2106; x_wconf 83' lang='lat' dir='ltr'><strong>non</strong></span> <span class='ocrx_word' id='word_1_146' title='bbox 881 2043 972 2104; x_wconf 87' lang='lat' dir='ltr'><strong>alitor</strong></span> <span class='ocrx_word' id='word_1_147' title='bbox 982 2042 1187 2106; x_wconf 89' lang='lat' dir='ltr'><strong>matrimonia</strong></span> <span class='ocrx_word' id='word_1_148' title='bbox 1196 2041 1386 2104; x_wconf 72' lang='lat' dir='ltr'><strong>contrahere</strong></span> 
     </span>
     <span class='ocr_line' id='line_1_17' title="bbox 103 2135 1388 2228; baseline 0.003 -22"><span class='ocrx_word' id='word_1_149' title='bbox 103 2135 356 2228; x_wconf 76' lang='lat' dir='ltr'><strong>promittebantur,</strong></span> <span class='ocrx_word' id='word_1_150' title='bbox 375 2150 418 2212; x_wconf 90' lang='lat' dir='ltr'><strong>uti</strong></span> <span class='ocrx_word' id='word_1_151' title='bbox 432 2149 540 2212; x_wconf 87' lang='lat' dir='ltr'><strong>scribit</strong></span> <span class='ocrx_word' id='word_1_152' title='bbox 555 2149 693 2212; x_wconf 81' lang='lat' dir='ltr'><strong>Tacitus</strong></span> <span class='ocrx_word' id='word_1_153' title='bbox 707 2149 758 2212; x_wconf 95' lang='lat' dir='ltr'><strong>lib.</strong></span> <span class='ocrx_word' id='word_1_154' title='bbox 774 2147 803 2210; x_wconf 87' lang='grc'><strong>4.</strong></span> <span class='ocrx_word' id='word_1_155' title='bbox 815 2149 993 2210; x_wconf 89' lang='lat' dir='ltr'><strong>annalium.</strong></span> <span class='ocrx_word' id='word_1_156' title='bbox 1025 2147 1388 2212; x_wconf 83' lang='lat' dir='ltr'><strong>Dicebaturconsarrea-</strong></span> 
     </span>
     <span class='ocr_line' id='line_1_18' title="bbox 100 2249 1386 2336; baseline 0.009 -26"><span class='ocrx_word' id='word_1_157' title='bbox 100 2249 137 2312; x_wconf 87' lang='lat' dir='ltr'><strong>tio</strong></span> <span class='ocrx_word' id='word_1_158' title='bbox 146 2272 183 2314; x_wconf 79' lang='lat' dir='ltr'><strong>cx</strong></span> <span class='ocrx_word' id='word_1_159' title='bbox 193 2274 240 2332; x_wconf 90' lang='lat' dir='ltr'><strong>eo,</strong></span> <span class='ocrx_word' id='word_1_160' title='bbox 256 2253 344 2336; x_wconf 87' lang='lat' dir='ltr'><strong>quod</strong></span> <span class='ocrx_word' id='word_1_161' title='bbox 356 2254 446 2318; x_wconf 82' lang='lat' dir='ltr'><strong>fanis</strong></span> <span class='ocrx_word' id='word_1_162' title='bbox 459 2253 617 2318; x_wconf 82' lang='lat' dir='ltr'><strong>sacrificio</strong></span> <span class='ocrx_word' id='word_1_163' title='bbox 628 2267 720 2318; x_wconf 89' lang='lat' dir='ltr'><strong>actus</strong></span> <span class='ocrx_word' id='word_1_164' title='bbox 732 2273 840 2318; x_wconf 88' lang='lat' dir='ltr'><strong>coram</strong></span> <span class='ocrx_word' id='word_1_165' title='bbox 853 2253 1025 2318; x_wconf 83' lang='lat' dir='ltr'><strong>Sacerdote</strong></span> <span class='ocrx_word' id='word_1_166' title='bbox 1035 2256 1253 2336; x_wconf 86' lang='lat' dir='ltr'><strong>celebraretur,</strong></span> <span class='ocrx_word' id='word_1_167' title='bbox 1267 2259 1386 2322; x_wconf 87' lang='lat' dir='ltr'><strong>etenim</strong></span> 
     </span>
     <span class='ocr_line' id='line_1_19' title="bbox 103 2353 1388 2446; baseline 0.011 -30"><span class='ocrx_word' id='word_1_168' title='bbox 103 2353 222 2421; x_wconf 87' lang='lat' dir='ltr'><strong>Romani</strong></span> <span class='ocrx_word' id='word_1_169' title='bbox 238 2359 442 2436; x_wconf 80' lang='lat' dir='ltr'><strong>induxerant,</strong></span> <span class='ocrx_word' id='word_1_170' title='bbox 452 2417 458 2426; x_wconf 90' lang='lat'><strong>.</strong></span> <span class='ocrx_word' id='word_1_171' title='bbox 468 2373 503 2426; x_wconf 91' lang='lat' dir='ltr'><strong>ut</strong></span> <span class='ocrx_word' id='word_1_172' title='bbox 517 2363 698 2443; x_wconf 86' lang='lat' dir='ltr'><strong>specialiter</strong></span> <span class='ocrx_word' id='word_1_173' title='bbox 712 2362 802 2441; x_wconf 79' lang='lat' dir='ltr'><strong>farre,</strong></span> <span class='ocrx_word' id='word_1_174' title='bbox 829 2361 1000 2444; x_wconf 85' lang='lat' dir='ltr'><strong>quoderat</strong></span> <span class='ocrx_word' id='word_1_175' title='bbox 1024 2383 1128 2446; x_wconf 86' lang='lat' dir='ltr'><strong>genus</strong></span> <span class='ocrx_word' id='word_1_176' title='bbox 1144 2365 1309 2446; x_wconf 83' lang='lat' dir='ltr'><strong>quoddam</strong></span> <span class='ocrx_word' id='word_1_177' title='bbox 1323 2365 1388 2430; x_wconf 84' lang='lat' dir='ltr'><strong>fru-</strong></span> 
     </span>
     <span class='ocr_line' id='line_1_20' title="bbox 103 2465 1385 2546; baseline 0.012 -24"><span class='ocrx_word' id='word_1_178' title='bbox 103 2465 187 2525; x_wconf 86' lang='lat' dir='ltr'><strong>menti</strong></span> <span class='ocrx_word' id='word_1_179' title='bbox 201 2467 298 2546; x_wconf 87' lang='lat' dir='ltr'><strong>opimi</strong></span> <span class='ocrx_word' id='word_1_180' title='bbox 320 2477 354 2528; x_wconf 89' lang='lat' dir='ltr'><strong>et</strong></span> <span class='ocrx_word' id='word_1_181' title='bbox 383 2467 499 2546; x_wconf 87' lang='lat' dir='ltr'><strong>selecti,</strong></span> <span class='ocrx_word' id='word_1_182' title='bbox 530 2467 598 2530; x_wconf 91' lang='lat' dir='ltr'><strong>Diis</strong></span> <span class='ocrx_word' id='word_1_183' title='bbox 622 2469 772 2532; x_wconf 86' lang='lat' dir='ltr'><strong>homiues</strong></span> <span class='ocrx_word' id='word_1_184' title='bbox 797 2469 1051 2539; x_wconf 87' lang='lat' dir='ltr'><strong>conciliarentur.</strong></span> <span class='ocrx_word' id='word_1_185' title='bbox 1095 2471 1256 2534; x_wconf 85' lang='lat' dir='ltr'><strong>Arnobius</strong></span> <span class='ocrx_word' id='word_1_186' title='bbox 1271 2473 1339 2536; x_wconf 88' lang='lat' dir='ltr'><strong>libr.</strong></span> <span class='ocrx_word' id='word_1_187' title='bbox 1355 2473 1385 2538; x_wconf 82' lang='lat'><strong>2.</strong></span> 
     </span>
     <span class='ocr_line' id='line_1_21' title="bbox 99 2573 1385 2662; baseline 0.009 -28"><span class='ocrx_word' id='word_1_188' title='bbox 99 2573 239 2642; x_wconf 83' lang='lat' dir='ltr'><strong>adversus</strong></span> <span class='ocrx_word' id='word_1_189' title='bbox 252 2590 375 2662; x_wconf 81' lang='lat' dir='ltr'><strong>gentes,</strong></span> <span class='ocrx_word' id='word_1_190' title='bbox 403 2579 549 2644; x_wconf 75' lang='lat' dir='ltr'><strong>Valerius</strong></span> <span class='ocrx_word' id='word_1_191' title='bbox 565 2579 731 2644; x_wconf 81' lang='lat' dir='ltr'><strong>Maximus</strong></span> <span class='ocrx_word' id='word_1_192' title='bbox 748 2581 814 2644; x_wconf 89' lang='lat' dir='ltr'><strong>libr.</strong></span> <span class='ocrx_word' id='word_1_193' title='bbox 840 2582 870 2644; x_wconf 82' lang='lat'><strong>2.</strong></span> <span class='ocrx_word' id='word_1_194' title='bbox 887 2583 1069 2662; x_wconf 84' lang='lat' dir='ltr'><strong>memorab,</strong></span> <span class='ocrx_word' id='word_1_195' title='bbox 1095 2583 1250 2649; x_wconf 87' lang='lat' dir='ltr'><strong>Horatius</strong></span> <span class='ocrx_word' id='word_1_196' title='bbox 1271 2584 1338 2646; x_wconf 90' lang='lat' dir='ltr'><strong>libr.</strong></span> <span class='ocrx_word' id='word_1_197' title='bbox 1354 2583 1385 2648; x_wconf 86' lang='grc'><strong>3.</strong></span> 
     </span>
     <span class='ocr_line' id='line_1_22' title="bbox 100 2689 1388 2774; baseline 0.009 -30"><span class='ocrx_word' id='word_1_198' title='bbox 100 2689 265 2754; x_wconf 89' lang='lat' dir='ltr'><strong>carminum</strong></span> <span class='ocrx_word' id='word_1_199' title='bbox 290 2689 426 2769; x_wconf 70' lang='lat' dir='ltr'><strong>odeas,</strong></span> <span class='ocrx_word' id='word_1_200' title='bbox 452 2689 539 2772; x_wconf 80' lang='lat' dir='ltr'><strong>quod</strong></span> <span class='ocrx_word' id='word_1_201' title='bbox 562 2699 593 2752; x_wconf 90' lang='lat' dir='ltr'><strong>et</strong></span> <span class='ocrx_word' id='word_1_202' title='bbox 614 2691 782 2774; x_wconf 87' lang='lat' dir='ltr'><strong>perspicue</strong></span> <span class='ocrx_word' id='word_1_203' title='bbox 809 2689 964 2754; x_wconf 77' lang='lat' dir='ltr'><strong>indicavit</strong></span> <span class='ocrx_word' id='word_1_204' title='bbox 989 2689 1128 2754; x_wconf 83' lang='lat' dir='ltr'><strong>Ovidius</strong></span> <span class='ocrx_word' id='word_1_205' title='bbox 1154 2690 1188 2754; x_wconf 92' lang='lat' dir='ltr'><strong>in</strong></span> <span class='ocrx_word' id='word_1_206' title='bbox 1203 2690 1223 2754; x_wconf 97' lang='lat' dir='ltr'><strong>l.</strong></span> <span class='ocrx_word' id='word_1_207' title='bbox 1249 2692 1276 2754; x_wconf 92' lang='lat'><strong>1.</strong></span> <span class='ocrx_word' id='word_1_208' title='bbox 1293 2689 1388 2755; x_wconf 79' lang='lat' dir='ltr'><strong>fasto-</strong></span> 
     </span>
     <span class='ocr_line' id='line_1_23' title="bbox 101 2801 234 2880; baseline 0.045 -20"><span class='ocrx_word' id='word_1_209' title='bbox 101 2801 234 2880; x_wconf 77' lang='lat' dir='ltr'><strong>mmibi:</strong></span> 
     </span>
    </p>
   </div>
   <div class='ocr_carea' id='block_1_3' title="bbox 378 2951 1144 3170">
    <p class='ocr_par' dir='ltr' id='par_1_4' title="bbox 378 2951 1144 3170">
     <span class='ocr_line' id='line_1_24' title="bbox 378 2951 1144 3052; baseline -0.001 -23"><span class='ocrx_word' id='word_1_210' title='bbox 378 2951 464 3030; x_wconf 75' lang='lat' dir='ltr'><strong>linia</strong></span> <span class='ocrx_word' id='word_1_211' title='bbox 479 2963 568 3030; x_wconf 87' lang='lat' dir='ltr'><strong>Deos</strong></span> <span class='ocrx_word' id='word_1_212' title='bbox 583 2965 710 3031; x_wconf 79' lang='lat' dir='ltr'><strong>bomini</strong></span> <span class='ocrx_word' id='word_1_213' title='bbox 725 2967 811 3052; x_wconf 84' lang='lat' dir='ltr'><strong>qaod</strong></span> <span class='ocrx_word' id='word_1_214' title='bbox 825 2967 999 3032; x_wconf 84' lang='lat' dir='ltr'><strong>conciliare</strong></span> <span class='ocrx_word' id='word_1_215' title='bbox 1013 2967 1144 3046; x_wconf 82' lang='lat' dir='ltr'><strong>valeret,</strong></span> 
     </span>
     <span class='ocr_line' id='line_1_25' title="bbox 380 3073 1021 3170; baseline 0 -32"><span class='ocrx_word' id='word_1_216' title='bbox 380 3073 451 3140; x_wconf 80' lang='lat' dir='ltr'><strong>For</strong></span> <span class='ocrx_word' id='word_1_217' title='bbox 467 3084 546 3156; x_wconf 85' lang='lat' dir='ltr'><strong>erot,</strong></span> <span class='ocrx_word' id='word_1_218' title='bbox 562 3085 593 3140; x_wconf 84' lang='lat' dir='ltr'><strong>et</strong></span> <span class='ocrx_word' id='word_1_219' title='bbox 605 3077 688 3170; x_wconf 82' lang='lat' dir='ltr'><strong>pari</strong></span> <span class='ocrx_word' id='word_1_220' title='bbox 701 3077 814 3142; x_wconf 87' lang='lat' dir='ltr'><strong>lucido</strong></span> <span class='ocrx_word' id='word_1_221' title='bbox 829 3077 917 3140; x_wconf 82' lang='lat' dir='ltr'><strong>mica</strong></span> <span class='ocrx_word' id='word_1_222' title='bbox 930 3076 1021 3140; x_wconf 84' lang='lat' dir='ltr'><strong>solis.</strong></span> 
     </span>
    </p>
   </div>
   <div class='ocr_carea' id='block_1_4' title="bbox 93 3237 1465 3976">
    <p class='ocr_par' dir='ltr' id='par_1_5' title="bbox 93 3237 1465 3976">
     <span class='ocr_line' id='line_1_26' title="bbox 99 3237 1465 3328; baseline 0.001 -24"><span class='ocrx_word' id='word_1_223' title='bbox 99 3237 205 3308; x_wconf 83' lang='lat' dir='ltr'><strong>Paucis</strong></span> <span class='ocrx_word' id='word_1_224' title='bbox 219 3243 485 3310; x_wconf 83' lang='lat' dir='ltr'><strong>confarreationis</strong></span> <span class='ocrx_word' id='word_1_225' title='bbox 499 3243 735 3308; x_wconf 89' lang='lat' dir='ltr'><strong>solemnitatem</strong></span> <span class='ocrx_word' id='word_1_226' title='bbox 759 3245 792 3309; x_wconf 91' lang='lat' dir='ltr'><strong>in</strong></span> <span class='ocrx_word' id='word_1_227' title='bbox 807 3253 896 3328; x_wconf 86' lang='lat' dir='ltr'><strong>parte</strong></span> <span class='ocrx_word' id='word_1_228' title='bbox 911 3243 1060 3308; x_wconf 89' lang='lat' dir='ltr'><strong>describit</strong></span> <span class='ocrx_word' id='word_1_229' title='bbox 1082 3241 1243 3325; x_wconf 90' lang='lat' dir='ltr'><strong>Ulpianus</strong></span> <span class='ocrx_word' id='word_1_230' title='bbox 1258 3241 1291 3306; x_wconf 93' lang='lat' dir='ltr'><strong>iu</strong></span> <span class='ocrx_word' id='word_1_231' title='bbox 1306 3239 1390 3326; x_wconf 76' lang='lat' dir='ltr'><strong>frag-</strong></span> <span class='ocrx_word' id='word_1_232' title='bbox 1458 3282 1465 3297; x_wconf 71' lang='lat'><strong>.</strong></span> 
     </span>
     <span class='ocr_line' id='line_1_27' title="bbox 96 3353 1390 3434; baseline 0.005 -18"><span class='ocrx_word' id='word_1_233' title='bbox 96 3356 202 3420; x_wconf 84' lang='lat' dir='ltr'><strong>mentis</strong></span> <span class='ocrx_word' id='word_1_234' title='bbox 217 3357 307 3420; x_wconf 77' lang='lat' dir='ltr'><strong>titii.</strong></span> <span class='ocrx_word' id='word_1_235' title='bbox 352 3357 462 3422; x_wconf 86' lang='lat' dir='ltr'><strong>Forre</strong></span> <span class='ocrx_word' id='word_1_236' title='bbox 476 3357 665 3422; x_wconf 74' lang='lat' dir='ltr'><strong>convenitur</strong></span> <span class='ocrx_word' id='word_1_237' title='bbox 686 3357 723 3420; x_wconf 84' lang='lat' dir='ltr'><strong>in</strong></span> <span class='ocrx_word' id='word_1_238' title='bbox 737 3375 875 3422; x_wconf 77' lang='lat' dir='ltr'><strong>marran</strong></span> <span class='ocrx_word' id='word_1_239' title='bbox 892 3357 989 3420; x_wconf 77' lang='lat' dir='ltr'><strong>certic</strong></span> <span class='ocrx_word' id='word_1_240' title='bbox 1011 3355 1124 3434; x_wconf 79' lang='lat' dir='ltr'><strong>verbis,</strong></span> <span class='ocrx_word' id='word_1_241' title='bbox 1140 3361 1170 3418; x_wconf 85' lang='lat' dir='ltr'><strong>ct</strong></span> <span class='ocrx_word' id='word_1_242' title='bbox 1185 3353 1324 3420; x_wconf 79' lang='lat' dir='ltr'><strong>testibus</strong></span> <span class='ocrx_word' id='word_1_243' title='bbox 1337 3355 1390 3422; x_wconf 73' lang='lat' dir='ltr'><strong>ds·</strong></span> 
     </span>
     <span class='ocr_line' id='line_1_28' title="bbox 96 3463 1390 3550; baseline 0.006 -26"><span class='ocrx_word' id='word_1_244' title='bbox 96 3478 157 3524; x_wconf 78' lang='lat' dir='ltr'><strong>cana</strong></span> <span class='ocrx_word' id='word_1_245' title='bbox 163 3463 400 3544; x_wconf 65' lang='lat' dir='ltr'><strong>manibus,</strong></span> <span class='ocrx_word' id='word_1_246' title='bbox 414 3473 443 3526; x_wconf 87' lang='lat' dir='ltr'><strong>et</strong></span> <span class='ocrx_word' id='word_1_247' title='bbox 453 3465 591 3528; x_wconf 70' lang='lat' dir='ltr'><strong>solcmui</strong></span> <span class='ocrx_word' id='word_1_248' title='bbox 602 3463 869 3548; x_wconf 79' lang='lat' dir='ltr'><strong>sacrificiofocto,</strong></span> <span class='ocrx_word' id='word_1_249' title='bbox 882 3465 919 3528; x_wconf 84' lang='lat' dir='ltr'><strong>in</strong></span> <span class='ocrx_word' id='word_1_250' title='bbox 930 3465 1103 3550; x_wconf 78' lang='lat' dir='ltr'><strong>praeponis</strong></span> <span class='ocrx_word' id='word_1_251' title='bbox 1114 3467 1390 3548; x_wconf 76' lang='lat' dir='ltr'><strong>quoquesarretoe</strong></span> 
     </span>
     <span class='ocr_line' id='line_1_29' title="bbox 95 3567 1388 3652; baseline 0.008 -22"><span class='ocrx_word' id='word_1_252' title='bbox 95 3567 268 3633; x_wconf 73' lang='lat' dir='ltr'><strong>adhibetor.</strong></span> <span class='ocrx_word' id='word_1_253' title='bbox 311 3568 501 3632; x_wconf 83' lang='lat' dir='ltr'><strong>Addebatur</strong></span> <span class='ocrx_word' id='word_1_254' title='bbox 524 3569 575 3632; x_wconf 89' lang='lat' dir='ltr'><strong>his</strong></span> <span class='ocrx_word' id='word_1_255' title='bbox 591 3569 777 3634; x_wconf 86' lang='lat' dir='ltr'><strong>solemnitas</strong></span> <span class='ocrx_word' id='word_1_256' title='bbox 803 3569 981 3648; x_wconf 87' lang='lat' dir='ltr'><strong>velaminis,</strong></span> <span class='ocrx_word' id='word_1_257' title='bbox 1000 3588 1065 3652; x_wconf 90' lang='lat' dir='ltr'><strong>quo</strong></span> <span class='ocrx_word' id='word_1_258' title='bbox 1079 3581 1177 3652; x_wconf 90' lang='lat' dir='ltr'><strong>capnt</strong></span> <span class='ocrx_word' id='word_1_259' title='bbox 1191 3571 1388 3640; x_wconf 71' lang='lat' dir='ltr'><strong>nubentibus</strong></span> 
     </span>
     <span class='ocr_line' id='line_1_30' title="bbox 95 3655 1387 3760; baseline 0.007 -26"><span class='ocrx_word' id='word_1_260' title='bbox 95 3671 211 3750; x_wconf 85' lang='lat' dir='ltr'><strong>puellae</strong></span> <span class='ocrx_word' id='word_1_261' title='bbox 225 3675 455 3754; x_wconf 86' lang='lat' dir='ltr'><strong>obnubebatur,</strong></span> <span class='ocrx_word' id='word_1_262' title='bbox 474 3673 559 3740; x_wconf 87' lang='lat' dir='ltr'><strong>uude</strong></span> <span class='ocrx_word' id='word_1_263' title='bbox 575 3676 760 3758; x_wconf 89' lang='lat' dir='ltr'><strong>nuptiarum</strong></span> <span class='ocrx_word' id='word_1_264' title='bbox 786 3695 905 3740; x_wconf 90' lang='lat' dir='ltr'><strong>nornen</strong></span> <span class='ocrx_word' id='word_1_265' title='bbox 919 3675 1087 3742; x_wconf 87' lang='lat' dir='ltr'><strong>derivavit:</strong></span> <span class='ocrx_word' id='word_1_266' title='bbox 1114 3678 1192 3742; x_wconf 87' lang='lat' dir='ltr'><strong>itera</strong></span> <span class='ocrx_word' id='word_1_267' title='bbox 1210 3655 1387 3760; x_wconf 84' lang='lat' dir='ltr'><strong>praeferen-</strong></span> 
     </span>
     <span class='ocr_line' id='line_1_31' title="bbox 93 3777 1387 3870; baseline 0.009 -29"><span class='ocrx_word' id='word_1_268' title='bbox 93 3777 150 3843; x_wconf 87' lang='lat' dir='ltr'><strong>dae</strong></span> <span class='ocrx_word' id='word_1_269' title='bbox 164 3781 249 3864; x_wconf 83' lang='lat' dir='ltr'><strong>lncis,</strong></span> <span class='ocrx_word' id='word_1_270' title='bbox 274 3782 355 3846; x_wconf 86' lang='lat' dir='ltr'><strong>dnm</strong></span> <span class='ocrx_word' id='word_1_271' title='bbox 371 3803 453 3847; x_wconf 83' lang='lat' dir='ltr'><strong>uxor</strong></span> <span class='ocrx_word' id='word_1_272' title='bbox 467 3783 510 3846; x_wconf 89' lang='lat' dir='ltr'><strong>ad</strong></span> <span class='ocrx_word' id='word_1_273' title='bbox 532 3783 666 3847; x_wconf 92' lang='lat' dir='ltr'><strong>domum</strong></span> <span class='ocrx_word' id='word_1_274' title='bbox 683 3783 743 3848; x_wconf 87' lang='lat' dir='ltr'><strong>viri</strong></span> <span class='ocrx_word' id='word_1_275' title='bbox 757 3783 986 3866; x_wconf 87' lang='lat' dir='ltr'><strong>adducebatur,</strong></span> <span class='ocrx_word' id='word_1_276' title='bbox 1001 3803 1067 3868; x_wconf 90' lang='lat' dir='ltr'><strong>quo</strong></span> <span class='ocrx_word' id='word_1_277' title='bbox 1081 3797 1212 3870; x_wconf 87' lang='lat' dir='ltr'><strong>spectat,</strong></span> <span class='ocrx_word' id='word_1_278' title='bbox 1238 3785 1326 3870; x_wconf 89' lang='lat' dir='ltr'><strong>quod</strong></span> <span class='ocrx_word' id='word_1_279' title='bbox 1340 3787 1387 3852; x_wconf 88' lang='lat' dir='ltr'><strong>ait</strong></span> 
     </span>
     <span class='ocr_line' id='line_1_32' title="bbox 98 3887 473 3976; baseline 0.013 -26"><span class='ocrx_word' id='word_1_280' title='bbox 98 3887 240 3974; x_wconf 79' lang='lat' dir='ltr'><strong>Virgilius</strong></span> <span class='ocrx_word' id='word_1_281' title='bbox 255 3893 287 3958; x_wconf 92' lang='lat' dir='ltr'><strong>in</strong></span> <span class='ocrx_word' id='word_1_282' title='bbox 306 3891 430 3976; x_wconf 77' lang='lat' dir='ltr'><strong>Ecloga</strong></span> <span class='ocrx_word' id='word_1_283' title='bbox 444 3893 473 3958; x_wconf 86' lang='grc'><strong>8.</strong></span> 
     </span>
    </p>
   </div>
   <div class='ocr_carea' id='block_1_5' title="bbox 329 4061 1138 4150">
    <p class='ocr_par' dir='ltr' id='par_1_6' title="bbox 329 4061 1138 4150">
     <span class='ocr_line' id='line_1_33' title="bbox 329 4061 1138 4150; baseline 0.007 -25"><span class='ocrx_word' id='word_1_284' title='bbox 329 4061 454 4146; x_wconf 84' lang='lat' dir='ltr'><strong>Mopso,</strong></span> <span class='ocrx_word' id='word_1_285' title='bbox 469 4063 570 4126; x_wconf 84' lang='lat' dir='ltr'><strong>nobas</strong></span> <span class='ocrx_word' id='word_1_286' title='bbox 584 4063 806 4150; x_wconf 82' lang='lat' dir='ltr'><strong>iacidcsaoes:</strong></span> <span class='ocrx_word' id='word_1_287' title='bbox 822 4065 883 4130; x_wconf 85' lang='lat' dir='ltr'><strong>tibi</strong></span> <span class='ocrx_word' id='word_1_288' title='bbox 897 4065 1031 4132; x_wconf 69' lang='lat' dir='ltr'><strong>damian</strong></span> <span class='ocrx_word' id='word_1_289' title='bbox 1044 4089 1138 4134; x_wconf 75' lang='lat' dir='ltr'><strong>acor.</strong></span> 
     </span>
    </p>
   </div>
   <div class='ocr_carea' id='block_1_6' title="bbox 94 4215 1384 4417">
    <p class='ocr_par' dir='ltr' id='par_1_7' title="bbox 94 4215 1384 4414">
     <span class='ocr_line' id='line_1_34' title="bbox 94 4215 1384 4313; baseline 0.014 -33"><span class='ocrx_word' id='word_1_290' title='bbox 94 4215 253 4300; x_wconf 78' lang='lat' dir='ltr'><strong>Praeterea</strong></span> <span class='ocrx_word' id='word_1_291' title='bbox 263 4225 299 4288; x_wconf 89' lang='lat' dir='ltr'><strong>iu</strong></span> <span class='ocrx_word' id='word_1_292' title='bbox 315 4222 452 4286; x_wconf 88' lang='lat' dir='ltr'><strong>maritali</strong></span> <span class='ocrx_word' id='word_1_293' title='bbox 467 4223 564 4288; x_wconf 90' lang='lat' dir='ltr'><strong>domo</strong></span> <span class='ocrx_word' id='word_1_294' title='bbox 578 4225 829 4307; x_wconf 88' lang='lat' dir='ltr'><strong>praeparabatur</strong></span> <span class='ocrx_word' id='word_1_295' title='bbox 843 4245 930 4309; x_wconf 89' lang='lat' dir='ltr'><strong>aqua</strong></span> <span class='ocrx_word' id='word_1_296' title='bbox 944 4237 976 4291; x_wconf 90' lang='lat' dir='ltr'><strong>et</strong></span> <span class='ocrx_word' id='word_1_297' title='bbox 991 4228 1082 4311; x_wconf 84' lang='lat' dir='ltr'><strong>ignis,</strong></span> <span class='ocrx_word' id='word_1_298' title='bbox 1098 4249 1154 4313; x_wconf 88' lang='lat' dir='ltr'><strong>por</strong></span> <span class='ocrx_word' id='word_1_299' title='bbox 1167 4247 1305 4312; x_wconf 89' lang='lat' dir='ltr'><strong>quorum</strong></span> <span class='ocrx_word' id='word_1_300' title='bbox 1320 4231 1384 4298; x_wconf 84' lang='lat' dir='ltr'><strong>ele·</strong></span> 
     </span>
     <span class='ocr_line' id='line_1_35' title="bbox 94 4327 1382 4417; baseline 0.01 -26"><span class='ocrx_word' id='word_1_301' title='bbox 94 4343 264 4398; x_wconf 87' lang='lat' dir='ltr'><strong>mentorum</strong></span> <span class='ocrx_word' id='word_1_302' title='bbox 278 4331 512 4414; x_wconf 82' lang='lat' dir='ltr'><strong>adpositionem</strong></span> <span class='ocrx_word' id='word_1_303' title='bbox 537 4352 602 4396; x_wconf 92' lang='lat' dir='ltr'><strong>non</strong></span> <span class='ocrx_word' id='word_1_304' title='bbox 618 4333 723 4398; x_wconf 89' lang='lat' dir='ltr'><strong>solum</strong></span> <span class='ocrx_word' id='word_1_305' title='bbox 749 4336 992 4417; x_wconf 83' lang='lat' dir='ltr'><strong>significabatur</strong></span> <span class='ocrx_word' id='word_1_306' title='bbox 1006 4337 1141 4402; x_wconf 85' lang='lat' dir='ltr'><strong>lutura&#39;</strong></span> <span class='ocrx_word' id='word_1_307' title='bbox 1132 4349 1215 4402; x_wconf 84' lang='lat' dir='ltr'><strong>tuter</strong></span> <span class='ocrx_word' id='word_1_308' title='bbox 1228 4327 1334 4406; x_wconf 86' lang='lat' dir='ltr'><strong>virum</strong></span> <span class='ocrx_word' id='word_1_309' title='bbox 1349 4352 1382 4404; x_wconf 81' lang='lat' dir='ltr'><strong>at</strong></span> 
     </span>
    </p>
   </div>
   <div class='ocr_carea' id='block_1_7' title="bbox 96 4427 1381 4598">
    <p class='ocr_par' dir='ltr' id='par_1_8' title="bbox 96 4427 1381 4598">
     <span class='ocr_line' id='line_1_36' title="bbox 96 4427 1381 4598; baseline 0.01 -96"><span class='ocrx_word' id='word_1_310' title='bbox 96 4451 220 4508; x_wconf 84' lang='lat' dir='ltr'><strong>uxorem</strong></span> <span class='ocrx_word' id='word_1_311' title='bbox 233 4461 339 4508; x_wconf 85' lang='lat' dir='ltr'><strong>rerum</strong></span> <span class='ocrx_word' id='word_1_312' title='bbox 353 4443 475 4506; x_wconf 89' lang='lat' dir='ltr'><strong>omniu</strong></span> <span class='ocrx_word' id='word_1_313' title='bbox 479 4463 499 4508; x_wconf 88' lang='lat' dir='ltr'><strong>u</strong></span> <span class='ocrx_word' id='word_1_314' title='bbox 514 4427 710 4524; x_wconf 87' lang='lat' dir='ltr'><strong>communio,</strong></span> <span class='ocrx_word' id='word_1_315' title='bbox 725 4444 780 4506; x_wconf 86' lang='lat' dir='ltr'><strong>sed</strong></span> <span class='ocrx_word' id='word_1_316' title='bbox 793 4439 996 4595; x_wconf 50' lang='lat' dir='ltr'><strong>potississam</strong></span> <span class='ocrx_word' id='word_1_317' title='bbox 1010 4447 1295 4598; x_wconf 50' lang='lat' dir='ltr'><strong>slifinmgpbatur</strong></span> <span class='ocrx_word' id='word_1_318' title='bbox 1264 4467 1315 4514; x_wconf 82' lang='lat' dir='ltr'><strong>ms</strong></span> <span class='ocrx_word' id='word_1_319' title='bbox 1329 4469 1381 4540; x_wconf 75' lang='lat' dir='ltr'><strong>ge·</strong></span> 
     </span>
     <span class='ocr_line' id='line_1_37' title="bbox 940 4551 987 4596; baseline 0.021 -1"><span class='ocrx_word' id='word_1_320' title='bbox 940 4551 987 4596; x_wconf 82' lang='lat' dir='ltr'><strong>ora</strong></span> 
     </span>
    </p>
   </div>
   <div class='ocr_carea' id='block_1_8' title="bbox 0 0 1588 4982">
    <p class='ocr_par' dir='ltr' id='par_1_9' title="bbox 0 0 1588 4982">
     <span class='ocr_line' id='line_1_38' title="bbox 0 0 1588 4982; baseline 0 2"><span class='ocrx_word' id='word_1_321' title='bbox 0 0 1588 4982; x_wconf 95' lang='lat' dir='ltr'><strong> </strong></span> 
     </span>
    </p>
   </div>
  </div>
 </body>
</html>
