3210 4990
164 341 227 405 182
278 373 281 381 ·
519 361 761 406 messan-ruso
781 361 937 422 ausuri,
960 363 1036 421 cnr,
1059 342 1114 406 IV.

160 484 224 547 bus
236 471 434 548 neccessores
448 485 641 548 habeantur.
664 484 814 566 Denique
837 485 954 548 mirum
969 487 1017 546 esi
1029 485 1091 550 sub
1112 483 1243 548 nomine
1258 482 1467 564 Imperatoris

162 591 295 654 Honorri
311 592 464 676 ejusdem,
481 603 512 654 et
527 593 705 655 Theodosii
721 593 740 654 J
743 593 862 654 uniaris
877 592 996 654 editam
1012 591 1178 656 annotatt.
1195 590 1348 672 adparere
1363 589 1465 654 aliam

161 704 422 766 constitutionem
438 705 548 765 datam
564 703 605 766 ad
622 703 834 766 Theodorum
855 702 1056 766 Praefectum
1081 703 1240 766 Praetorio
1265 701 1378 764 Italiae
1393 702 1426 764 in
1443 701 1466 762 l.

161 826 215 870 un.
232 809 300 871 cod.
318 811 444 873 Theod.
462 812 488 874 si
502 813 632 892 nuptiae
648 832 689 874 cx
705 832 796 874 rescr.
823 831 896 893 per,
913 831 978 892 qna
993 813 1129 876 vetitum
1144 811 1323 874 Theodosii
1349 811 1465 892 Magni

160 915 377 993 confirmatur,
394 917 493 980 immo
508 918 598 980 etita
624 919 800 998 exhibetur,
827 939 865 982 ac
891 921 918 982 si
944 938 1113 1000 nunquam
1135 918 1248 982 fuisset
1262 921 1464 1001 abrogatum,

160 1021 257 1101 quasi
272 1033 342 1102 post
358 1023 518 1104 Magnum
535 1025 758 1086 Theodosium
775 1043 939 1106 nusquam
954 1025 1094 1108 amplius
1109 1025 1241 1104 licuerit,
1257 1026 1416 1107 patrueles
1432 1033 1466 1086 et

161 1131 368 1192 consobrinos
394 1131 534 1194 invicem
560 1133 765 1196 matrimonio
786 1133 889 1217 jungi.
934 1133 973 1196 ln
995 1142 1169 1212 conspectu
1184 1131 1300 1194 harum
1316 1130 1466 1193 omnium

123 1317 130 1329 ⁸
161 1239 422 1302 constitutionem
438 1238 531 1302 facile
547 1239 676 1319 diceres,
692 1250 750 1302 aut
771 1259 903 1322 gravem
919 1259 990 1302 esse
1005 1238 1218 1320 suspicionem
1231 1235 1466 1299 emblematum

160 1349 182 1408 a
208 1344 526 1408 Consarcinatoribus
549 1346 699 1409 codicum
725 1347 882 1427 fictorum,
900 1357 957 1410 aut
972 1348 1114 1410 maxime
1130 1347 1348 1408 inconstantes
1363 1341 1466 1406 luisse

160 1449 370 1532 Imperatores
386 1451 564 1514 Theodosii
581 1453 694 1535 Magni
709 1455 802 1535 filios,
818 1456 907 1537 <ruod¹
927 1453 1024 1518 modo
1047 1465 1215 1536 paternam
1231 1451 1335 1534 legam
1349 1451 1468 1514 confir·

160 1569 293 1636 merent,
310 1559 406 1622 modo
422 1561 591 1644 rejicerent,
610 1563 705 1624 modo
715 1563 829 1628 iterum
845 1565 1095 1647 comprobarent3
1112 1581 1338 1644 quaecumque
1354 1573 1466 1626 autem

159 1671 201 1733 sit
213 1671 340 1736 illarum
357 1671 465 1754 legum
483 1674 563 1736 ratio
577 1673 743 1756 etmodus,
759 1695 829 1738 esse
841 1677 1083 1740 consistendum
1099 1677 1133 1737 iu
1148 1675 1218 1756 lege
1235 1685 1396 1754 postrema
1408 1691 1470 1733 an-

53 1829 70 1866 „
159 1785 193 1847 ui
208 1784 289 1864 409,
306 1805 373 1868 qua
387 1787 534 1848 restituta
548 1785 648 1850 fuisse
660 1787 786 1852 videtur
809 1790 1002 1851 Constitutio
1018 1789 1196 1852 Theodosii
1211 1789 1332 1869 Magni,
1349 1785 1469 1848 consti-

158 1891 335 1954 tutionibus
360 1891 459 1953 medii
486 1893 636 1974 temporis
659 1894 828 1975 abrogatis.
874 1895 997 1958 Verum
1015 1895 1153 1978 graviter
1167 1895 1240 1956 heic
1255 1892 1468 1956 intercederet

89 1995 91 2002 '
157 1998 363 2062 Justinianus
389 1999 565 2080 I'mperator
589 2001 645 2082 qui
672 2019 737 2063 non
763 2001 868 2064 solum
895 2002 928 2064 in
951 2002 1060 2064 codice
1082 2019 1142 2064 suo
1158 2002 1264 2064 retulit
1278 2013 1406 2065 tantum
1421 2001 1467 2063 le·

156 2127 230 2190 gem
246 2106 384 2186 Arcadii,
401 2117 432 2167 et
458 2107 592 2170 Honorii
615 2110 693 2171 anni
709 2109 790 2186 405,
817 2109 904 2171 dicta
920 2109 939 2170 l.
957 2111 1005 2172 19.
1030 2109 1100 2172 cod.
1127 2110 1168 2172 de
1194 2109 1325 2190 nuptiis,
1350 2127 1467 2172 verum

154 2219 253 2280 etiarn
269 2217 302 2279 in
317 2219 385 2278 suis
400 2217 657 2280 institutionibus
673 2221 693 2285 i.
710 2218 738 2280 4.
756 2217 797 2280 de
812 2219 933 2298 nuptiis
949 2218 993 2280 ita
1008 2218 1216 2281 scribendum
1226 2219 1339 2282 voluit:
1373 2217 1467 2282 Dua

154 2347 233 2390 ram
248 2335 360 2390 uatem
365 2328 532 2411 fratrum,
548 2327 599 2388 vel
612 2347 763 2390 sororum
778 2327 880 2404 liberi,
898 2327 1091 2408 velfrotris,
1107 2325 1158 2388 ael
1172 2325 1294 2388 sororis
1316 2307 1469 2406 conjugii

148 2434 409 2536 possunt-quasi
424 2431 620 2516 temporibus
634 2433 820 2512 iustiniani,
833 2434 903 2496 sive
915 2433 1043 2496 saeculo
1057 2433 1222 2496 Ecclesiae
1238 2443 1338 2510 sexto,
1355 2433 1470 2494 Theo*

157 2543 294 2607 dosiana
308 2543 361 2605 lex
377 2542 506 2624 penitas
520 2542 555 2604 in
570 2559 634 2603 usu
658 2561 729 2603 esse
754 2539 908 2621 desiisset,
935 2551 966 2602 et
992 2559 1060 2604 una
1085 2540 1140 2602 lex
1154 2535 1294 2616 Arcadii,
1311 2547 1344 2598 et
1358 2537 1471 2598 Houo-

157 2651 195 2716 rii
210 2652 288 2714 anni
303 2649 375 2713 tue.
392 2649 522 2729 vigeret.
566 2647 687 2710 Mirum
703 2651 759 2727 ast,
775 2667 870 2728 quae,
885 2657 917 2710 et
930 2657 1055 2728 quanta
1071 2645 1104 2708 in
1120 2645 1206 2708 hanc
1221 2661 1288 2706 rem
1302 2659 1471 2704 commcn-

156 2761 314 2828 tisuerint
324 2761 405 2844 juris
419 2761 621 2841 Interpretcs,
636 2759 718 2821 inter
733 2777 815 2840 quos
841 2757 941 2820 laudo
967 2757 1176 2834 Brissonium,
1204 2755 1367 2832 Gentium,
1390 2753 1469 2814 Get

159 2874 328 2952 toiredum,
344 2884 377 2934 et
391 2871 603 2934 Franciscum
629 2869 822 2932 Florentcm.
868 2869 932 2932 Alii
958 2868 1115 2932 adversus
1138 2865 1313 2930 iustiniani
1339 2861 1490 2926 codices'

59 3007 62 3015 ·
159 2988 411 3062 insurrexerunt,
441 2984 473 3042 'et
498 2981 737 3042 Tribonianum
767 2981 965 3057 incusarunt,
992 2977 1079 3059 quod
1104 2993 1220 3058 parum
1244 2983 1393 3036 accurate
1419 2992 1470 3036 se—

159 3099 301 3183 gesserit3
318 3094 405 3157 etde
421 3090 587 3156 reserenda
609 3099 737 3154 tantum
760 3091 894 3153 laudata
920 3091 1156 3153 Constitutione
1179 3086 1318 3165 Arcadii,
1345 3097 1375 3148 et
1401 3085 1470 3148 Ho-

161 3204 242 3269 norii
258 3202 413 3264 sollicitus
428 3199 532 3279 luerit5
547 3199 646 3260 immo
668 3209 700 3259 et
714 3197 756 3259 ad
782 3217 854 3259 earn
880 3197 1097 3276 fragmentum
1123 3195 1369 3257 Institutionum
1394 3211 1471 3254 exe-

161 3316 241 3398 gerit
256 3315 290 3376 in
305 3313 390 3376 dicto
405 3314 430 3378 l.
445 3311 474 3372 4.
499 3307 677 3371 Modestius
692 3308 748 3370 alii
774 3307 995 3384 adfirmarent,
1023 3305 1143 3369 dictam
1169 3305 1275 3386 legem
1299 3305 1347 3364 19.
1391 3304 1471 3366 Got-

160 3421 278 3484 horum
296 3434 396 3480 manu
411 3415 511 3478 fuisse
526 3416 682 3478 incertam
707 3417 742 3478 in
767 3415 877 3478 codice
903 3414 1117 3492 Justinianeo,
1142 3412 1175 3474 in
1201 3430 1267 3492 quo
1293 3424 1389 3472 antea
1415 3409 1471 3472 de·

161 3527 370 3605 siderabatur,
402 3524 488 3588 unde
517 3525 616 3586 etiam
640 3543 714 3586 eam
743 3523 950 3606 suspicantur
975 3522 1204 3605 apocrypham3
1232 3523 1323 3603 ajunt
1348 3531 1473 3601 praete·

161 3657 216 3702 rea
246 3635 470 3722 §.blestinen
501 3634 542 3696 de
564 3635 684 3716 nuptiis
705 3633 918 3715 depravatum
941 3631 1004 3714 legi
1029 3631 1062 3694 in
1085 3630 1276 3712 vulgaribus
1291 3628 1470 3710 codicibus,

163 3748 217 3810 cui
232 3746 338 3829 potius
353 3744 535 3830 adjicienda
550 3744 590 3805 sit
605 3741 763 3825 particula
777 3742 937 3823 negativa,
954 3752 1118 3822 propterea
1140 3738 1226 3820 quod
1250 3735 1399 3800 eamdem
1415 3757 1477 3800 nc:

165 3857 309 3942 gativam
336 3856 527 3940 particulam
551 3853 739 3930 invenerint,
766 3852 799 3914 in
826 3851 1082 3914 institutionibus
1108 3848 1292 3930 Theophili,
1319 3857 1350 3908 et
1379 3849 1472 3928 apud

165 3967 300 4030 Inonem
315 3966 349 4029 in
364 3966 496 4048 parteil.
523 3963 640 4026 decreti
664 3981 735 4043 cap.
765 3962 791 4022 1.
835 3960 901 4022 Alii
926 3959 1117 4039 iustiniano,
1142 3969 1174 4021 et
1197 3958 1397 4020 Triboniano
1423 3955 1472 4021 fa-

163 4084 277 4138 ventes
293 4076 495 4156 scripserunt,
512 4089 627 4154 pamrn
642 4068 810 4132 fidendum
836 4087 906 4131 esse
931 4070 965 4132 in
991 4069 1053 4133 huc
1079 4080 1167 4152 parte
1193 4068 1336 4149 vulgaris
1360 4067 1472 4129 Theo·

165 4183 291 4248 dosiani
305 4182 426 4245 codicis
441 4179 689 4262 exemplaribus,
705 4177 738 4240 in
763 4178 880 4258 quibus
904 4177 1007 4240 multa
1032 4184 1053 4242 a
1077 4176 1208 4240 veritate
1234 4174 1340 4236 aliena
1366 4172 1474 4256 adjec-

166 4307 291 4362 tasunt
305 4296 347 4358 ab
372 4293 509 4372 Aniano,
535 4291 590 4372 qni
610 4292 706 4374 J'ussu
721 4290 908 4354 ‘Athalarici
931 4289 1031 4369 Regis
1057 4305 1132 4348 eum
1160 4285 1356 4372 compilavit3
1387 4283 1473 4346 inter

166 4423 250 4490 quae
265 4403 425 4469 collocant
439 4399 573 4472 laudata
598 4399 743 4485 ejusdcm
769 4399 890 4462 codicis
915 4405 1135 4461 monumenta.
1178 4393 1244 4458 Alii
1269 4393 1477 4478 deniqueret
