3316 4976
210 395 277 462 dte
319 479 323 485 Α
363 418 453 466 nans
469 419 643 486 secunus,
654 421 905 474 ‘nissaurn‘rro
921 431 1077 496 arram,
1093 433 1170 481 cae.
1189 435 1369 484 cantuum.

209 542 371 606 mittimur
388 565 497 608 revera
522 567 597 611 cum
614 552 691 612 olirn
708 549 857 615 necdum·
874 555 1039 618 invectum
1063 557 1178 622 suisset
1195 559 1442 642 irregularitatis
1466 581 1522 626 no-

208 667 293 742 meu,
308 671 370 715 uec
385 655 449 717 diei
476 658 598 735 soleret,
615 647 715 738 huuc,
745 662 794 723 vel
811 651 905 724 lilum
921 665 1127 746 irregularem
1151 670 1298 745 existere,
1314 672 1398 732 sacri
1425 689 1518 734 cauo

207 779 266 824 nes
283 768 433 828 remorari
450 775 468 832 ai
485 771 585 831 saeris
600 772 784 834 ministeriis
799 789 921 836 eertum
938 795 1147 856 personarum
1163 797 1267 860 genus
1283 777 1460 864 Episcopis
1472 783 1520 844 in·

116 959 121 972 .
204 871 394 954 jungebant,
408 895 449 939 ue
463 877 506 940 ad
522 880 755 943 ordinationem
771 875 1042 964 progrederenturL
1067 883 1116 947 lta
1127 901 1282 969 concepta
1294 903 1344 951 est
1359 889 1520 972 Apostoli·

208 1000 248 1045 oa
260 983 520 1067 Paulirloeuina,
531 1009 648 1072 exque
660 993 1170 1078 nutltaeirregularitatissp'eeies
1181 999 1337 1081 originem
1352 1015 1518 1066 strauitra

208 1083 300 1170 bunt,
314 1097 449 1176 qrraudo
465 1097 587 1161 Paulus
604 1103 635 1162 iu
649 1119 716 1182 cup.
730 1099 760 1162 3.
773 1103 863 1182 epia.
878 1103 905 1164 1.
922 1103 964 1164 ud
976 1099 1195 1167 'lidrotlrau'm
1211 1093 1382 1182 tuouebut,
1392 1111 1430 1169 'nt
1442 1107 1517 1170 onii·

207 1203 338 1265 naudus
365 1205 548 1286 Episeupus
574 1207 651 1268 essa
673 1203 801 1270 deberet
828 1201 926 1272 riorus
943 1211 1052 1272 uxoris
1069 1213 1125 1290 vir,
1152 1228 1218 1286 seu,
1241 1209 1334 1291 qtrod·
1358 1214 1446 1274 idenr
1462 1225 1519 1290 est,

207 1325 274 1371 nou
291 1309 448 1393 bigamus,
467 1314 542 1374 iteur
571 1331 635 1376 nou
652 1333 827 1396 percussor,
846 1331 910 1378 nou
920 1315 1118 1398 neophytus,
1147 1330 1271 1399 praeter
1283 1317 1367 1379 alias
1384 1320 1519 1380 virtutes

207 1435 290 1506 qttos
306 1423 337 1484 iu
355 1441 393 1484 eo
408 1424 510 1505 gradu
537 1427 722 1508 exoptabat,
767 1427 867 1496 Qriod
884 1443 959 1490 curn
974 1430 1018 1490 ita
1029 1426 1222 1505 sii'rto'n'est
1239 1423 1409 1492 serendum
1423 1431 1517 1512 juxta

207 1544 328 1595 tectam
346 1548 451 1595 reruni
468 1535 548 1595 berre
562 1535 779 1615 gerendarum
796 1529 1027 1615 aeconomiaur,
1050 1531 1088 1600 'ut
1103 1539 1130 1600 is
1147 1539 1335 1620 dispensare
1353 1539 1463 1600 valcat
1477 1539 1517 1602 ab

209 1659 250 1704 aa
262 1642 341 1724 lege,
358 1643 458 1724 uirum
473 1643 664 1725 sibimetipsi
682 1645 881 1725 iruprissitaur
907 1640 1127 1728 depiebendit,
1155 1645 1305 1710 ne'sacile
1332 1627 1386 1707 les
1401 1645 1473 1727 ipsu
1485 1645 1516 1708 in

208 1751 333 1816 irritum
350 1751 456 1829 cadat,
471 1769 545 1813 euru
564 1753 670 1814 inanis
687 1751 834 1814 rideatur
849 1751 1181 1836 obligatioimpossita
1201 1751 1257 1830 illi,
1274 1752 1329 1832 qui
1347 1751 1449 1832 possit
1464 1767 1515 1812 ro

206 1855 331 1920 luntate
344 1861 406 1922 'sua
422 1858 571 1922 eeutdem
587 1859 666 1941 legis
682 1859 913 1942 obligationem
940 1835 1090 1939 euertere,
1115 1863 1244 1924 eleuare
1256 1857 1454 1943 argumento
1476 1857 1515 1922 le·

206 1965 255 2047 gis
268 1966 344 2029 Buff.
363 1968 403 2027 de
418 1965 614 2048 obligatiou,
639 1981 672 2030 et
687 1971 804 2031 rtetiou.
848 1971 922 2033 Non
939 1971 1004 2033 alia
1021 1971 1062 2033 de
1085 1952 1188 2032 carisa
1211 1984 1241 2034 et
1258 1969 1383 2032 Lucius
1398 1969 1457 2032 ΙΙΙ.
1484 1970 1517 2033 ἰιι

206 2093 275 2155 cap.
292 2073 321 2135 2.
337 2073 379 2134 ‹le
394 2075 513 2158 bigam.
530 2077 724 2155 uou'ordin,
751 2090 782 2138 et
798 2079 1004 2140 Caelestinus
1035 2079 1094 2142 lli.
1112 2081 1143 2141 in
1161 2095 1230 2156 cup.
1247 2075 1275 2137 3.
1303 2075 1375 2138 eod.
1392 2077 1440 2138 tit.
1457 2093 1517 2136 res-

207 2183 395 2264 cripserunt,
414 2181 593 2266 Episcopus
610 2203 674 2246 ιιιιιι
693 2203 784 2267 posse
800 2185 971 2249 admittere
986 2185 1134 2270 bigamos
1150 2185 1191 2248 ud
1205 2185 1454 2262 ordinationem,
1471 2182 1515 2246 ni·

208 2294 236 2356 si
252 2295 331 2374 quia
347 2293 532 2374 ilpostoltea
558 2307 728 2376 praecepta
750 2293 791 2355 de
807 2313 871 2357 uou
887 2295 1078 2364 ordinandis
1097 2295 1236 2376 bigernis
1254 2291 1436 2374 Episcopus
1450 2308 1518 2354 eos·

206 2401 280 2466 dein
299 2405 466 2484 urgebant.
514 2403 603 2468 niue
619 2405 775 2484 principio
789 2403 966 2480 ιτιιιιιοιιιιι,
993 2403 1080 2484 quod
1098 2403 1213 2484 legitur
1228 2403 1260 2464 in
1276 2415 1348 2482 cup.
1364 2401 1395 2464 9.
1411 2402 1454 2462 de
1468 2417 1516 2462 ee

204 2524 268 2589 tat,
286 2531 317 2575 et
331 2515 442 2596 qualit.
460 2513 588 2597 praesto.
633 2515 833 2578 Prohibiuun
860 2528 927 2576 erat
943 2501 1135 2597 eligentibus
1149 2513 1360 2595 Episcopum,
1380 2532 1421 2574 ue
1436 2530 1511 2574 erun

205 2616 444 2703 eligerent,-qui
461 2605 590 2684 tautum
602 2622 829 2685 subdiaconus
844 2631 936 2700 esset,
954 2621 1173 2704 prohibitione,
1191 2624 1337 2702 inquunt,
1353 2627 1385 2682 ru
1398 2621 1515 2701 eligen-

206 2732 399 2813 tes-directa.
445 2731 474 2794 N
480 2731 667 2818 ibilonriuus
684 2744 793 2793 turneu
808 2748 999 2792 concessum
1026 2725 1159 2813 adparet
1176 2715 1435 2812 Metropol-itano,
1461 2722 1517 2807 qui

206 2843 403 2907 ordinariam
416 2845 670 2929 jurisdictionem
684 2844 714 2906 in
726 2841 969 2906 corrfirnratione
982 2843 1146 2906 electionis
1158 2845 1334 2919 exercebat,
1347 2853 1382 2902 ut
1397 2839 1518 2902 velaret
1558 2869 1560 2872 ·

202 2951 245 3016 ab
258 2970 296 3015 aa
310 2955 550 3036 irregularitatis
562 2956 667 3036 specie
677 2953 873 3034 dispensare,
887 2965 998 3016 contra
1010 2969 1110 3034 quarn
1121 2937 1276 3015 obtineret
1288 2952 1319 3012 in
1337 2951 1445 3030 specie
1459 2964 1511 3011 ca·

202 3058 297 3144 pituli
315 3063 362 3124 15.
380 3061 419 3124 dc
432 3060 476 3123 iil.
490 3061 711 3145 Presbyteror„
724 3063 804 3144 quia
817 3062 935 3126 ibidem
953 3061 1222 3143 Archiepiscopus
1234 3079 1299 3122 nun
1316 3059 1511 3122 ordinariam

201 3169 390 3236 facultatem
416 3173 638 3256 explicaturus
660 3174 782 3250 fuisset,
809 3169 865 3246 sed
882 3175 1010 3256 penitus
1026 3189 1116 3236 extra
1131 3170 1296 3250 ordinem,
1313 3179 1344 3233 et
1355 3175 1431 3252 jure
1447 3171 1508 3232 siu·

203 3281 317 3366 guiari.
363 3283 530 3345 Consonat
544 3303 672 3366 quoque
687 3283 765 3346 huic
781 3283 944 3365 priucipi0,
972 3280 1060 3363 quod
1078 3273 1194 3361 legitur
1209 3279 1243 3341 in
1258 3297 1329 3360 cap.
1345 3279 1377 3339 ii.
1395 3277 1439 3338 dc
1461 3291 1511 3338 sc·

205 3401 269 3468 tat,
285 3403 317 3454 et
341 3391 455 3473 qualit.
482 3391 703 3476 praeficiend,
728 3393 782 3454 ubi
811 3391 963 3475 Episcopi
991 3389 1121 3454 arbitrio
1135 3389 1313 3471 reliquitur,
1334 3385 1509 3450 'admittere

203 3501 362 3582 quosdam
378 3501 579 3584 irregulares,
603 3501 657 3566 ubi
673 3500 873 3584 dispensatio
897 3519 963 3564 uon
980 3497 1138 3562 ex'libera
1166 3497 1333 3560 voluntate
1360 3491 1510 3578 Episcopi

206 3609 356 3693 pendeat,
373 3607 430 3672 sed
446 3609 631 3694 Episcopus
647 3609 735 3674 itt-ea
753 3627 783 3673 re
797 3629 920 3673 urorem
937 3621 1026 3692 gerat
1043 3605 1295 3672 Ecclesiasticus
1320 3607 1513 3689 disciplinas

182 3717 344 3803 iubenti,
371 3699 513 3783 Clericus
528 3717 687 3783 batreficla
705 3719 773 3803 jani
795 3719 998 3802 possidentes
1023 3715 1189 3784 ordinibus
1213 3714 1340 3778 initiari.
1386 3711 1510 3776 Eadem

204 3829 328 3894 ratione
353 3829 386 3894 in
402 3848 473 3912 cap.
489 3831 530 3907 l.,
545 3823 576 3892 et
591 3828 620 3894 2.
637 3829 678 3893 de
693 3849 739 3906 eo,
756 3807 812 3910 qui
828 3825 954 3906 furtive,
982 3825 1165 3890 admittitur
1180 3823 1363 3909 Episcopus
1389 3821 1431 3886 ad
1448 3817 1509 3884 dis·

202 3938 386 4025 pensandus
400 3938 570 4022 quosdam
578 3939 620 4002 ab
635 3939 869 4022 irregularitate
893 3947 1061 4000 eontracta
1077 3937 1108 4000 iu
1126 3933 1330 4018 strsceptione
1344 3948 1508 3996 sacrorum

207 4053 369 4130 ordirrdm,
385 4049 562 4136 ignorante,
586 4045 638 4112 vel
654 4051 756 4114 inrito
783 4027 956 4132 Episcopm
972 4047 1067 4129 qtrasi
1082 4047 1115 4110 iu
1130 4049 1170 4109 'ea
1183 4045 1301 4129 specie,
1326 4038 1508 4149 Episcopus

201 4157 316 4242 riispeu
325 4171 404 4222 suas
418 4175 483 4222 nou
501 4141 712 4241 semetipsum
725 4163 749 4223 a
764 4157 846 4242 legis
861 4155 1052 4221 auctoritate
1067 4154 1199 4236 citiiitat,
1215 4152 1273 4218 sed
1288 4159 1416 4218 tautum
1442 4145 1512 4216 didi

202 4267 313 4351 qrilaa
329 4265 702 4332 ratiuuaordinationem
722 4265 971 4348 subripuerunt.
1064 4271 1068 4280 ·
1148 4267 1151 4274 ’

242 4375 322 4441 Post
337 4377 499 4442 iirmatam
515 4377 697 4459 generalem
714 4374 860 4458 regulum
874 4373 957 4439 iliud
971 4378 1126 4456 superest,
1141 4383 1178 4438 ut
1194 4371 1303 4438 omnia
1316 4315 1510 4437 iiidioentun

162 4509 166 4518 ·
201 4483 365 4568 satrapis,
378 4483 549 4567 munibus
563 4477 978 4570 specialiterabtinuar'uot
974 4472 1147 4568 Episcopi,
1172 4493 1209 4548 ut
1216 4481 1410 4568 caponem
1425 4477 1505 4544 raia
