3216 4988
193 345 260 412 ild
427 369 660 430 nausearum,
679 369 1088 434 mesuarrrrorenarn,
1116 373 1193 430 cae,
1210 353 1265 420 li.

196 496 389 556 sentesesse
404 493 564 574 deberent,
580 513 652 558 can.
669 497 719 558 61.
736 495 776 559 de
788 504 873 560 erius.
893 497 965 560 dist.
981 499 1019 577 1.;
1037 509 1159 580 quarto,
1176 507 1211 561 ut
1222 515 1315 560 secra
1326 517 1411 574 vasa,
1426 497 1486 579 qni·
1569 517 1570 560 1

195 601 257 666 b'us
274 603 480 668 Eucharistia
506 607 695 684 continetur,
712 589 809 668 aurea
826 607 898 686 sint,
926 607 977 670 vel
994 621 1154 689 argentea,
1181 625 1246 670 non
1262 607 1357 684 linea,
1378 619 1431 670 aut
1443 609 1483 670 vi·-

195 724 270 793 trea,
286 731 485 796 quamquam
512 727 543 776 et
559 713 639 777 baec
657 713 732 777 olim
750 717 782 778 in
810 733 872 778 usu
887 713 1033 791 fuissent,
1060 733 1132 778 cane
1148 710 1208 792 tt,
1224 725 1256 776 ct
1279 713 1332 776 tu.
1354 714 1482 775 decons

194 818 267 883 ctist.
287 821 323 900 1.,
339 839 404 900 quo
419 817 569 883 alludens
585 821 618 884 S.
635 821 854 904 Hieronymus
870 823 903 886 ln
920 825 1011 906 epist.
1027 822 1115 897 aad
1136 824 1308 886 Rrrsticuur
1321 823 1367 884 ita
1378 823 1483 884 scribe·
1569 803 1570 848 t

195 928 252 992 irat
266 927 307 990 de
322 927 357 992 B.
376 929 542 1011 Exuperio
556 930 734 995 Tolosano:
764 933 834 1006 Qui
849 955 932 998 cesa
947 955 1045 998 sacra
1058 932 1259 1013 vendiderat,
1274 942 1313 997 at
1327 931 1401 998 iude
1411 953 1487 1017 pou·

193 1038 330 1124 peribus
345 1061 439 1122 opem
451 1041 575 1122 ferret:
600 1039 656 1106 illo
671 1058 765 1104 nemo
778 1041 889 1120 ditior,
912 1045 969 1126 qrrt'
989 1041 1120 1128 Corpus
1136 1041 1277 1106 Dourirti
1297 1043 1336 1104 iu
1347 1042 1435 1104 corbe
1448 1041 1485 1103 vi·

195 1153 316 1229 mirrea,
332 1161 364 1215 ct
379 1151 593 1234 Sarrfflrirrem
613 1154 685 1238 ejus
701 1155 738 1216 irr
750 1156 865 1238 poculo
881 1156 982 1218 vitreo
995 1163 1121 1239 pertun
1135 1153 1256 1236 quinto,
1279 1163 1317 1216 ut
1327 1153 1485 1231 'orationes

196 1273 228 1324 et
247 1261 305 1323 Dei
322 1259 443 1342 laudes,
469 1257 556 1343 qrure
570 1264 601 1324 in
620 1263 743 1326 Missae
765 1264 977 1326 celebratione
992 1266 1173 1338 recitantur,
1201 1264 1269 1326 diei
1282 1261 1369 1342 leste,
1385 1273 1414 1332 ct
1428 1261 1484 1324 olii·

196 1370 247 1436 eio
261 1373 467 1452 calventem
485 1392 589 1455 uernae
604 1376 691 1437 enim
707 1373 782 1437 licet
796 1376 869 1437 siue
880 1393 979 1436 causa
1001 1375 1098 1437 ritum
1114 1373 1367 1436 ecclesiasticum
1383 1373 1485 1434 immu-

197 1487 273 1556 tare,
289 1479 402 1562 eap.2.
420 1481 460 1544 de
475 1481 623 1572 celebrat.
641 1481 766 1544 Missar.
784 1481 919 1549 Caetera
934 1481 1055 1565 omitto,
1071 1501 1154 1563 (urae
1166 1480 1207 1542 ad
1224 1493 1375 1543 ornatum
1388 1479 1485 1543 Sacer·

196 1569 308 1654 dotum
322 1611 425 1672 aeque
436 1603 466 1652 et
480 1591 635 1654 altarium·
646 1575 802 1674 pertinent
808 1594 903 1676 juxta
916 1591 1104 1664 Rruralium,
1117 1603 1148 1652 et
1158 1581 1342 1652 illissalium
1351 1587 1485 1651 brumum

239 1703 323 1767 Sunt
339 1703 500 1786 quaedam
517 1705 610 1767 certis
624 1705 656 1768 iu
673 1705 802 1768 ausibus
810 1705 881 1788 juro
898 1705 1105 1786 praestitutae
1121 1721 1243 1786 poenae
1259 1701 1413 1764 adversus
1427 1699 1487 1763 (le-

197 1811 286 1890 rlcos,
302 1813 358 1895 qui
375 1814 453 1876 riuis
469 1831 576 1876 sacros
593 1815 623 1876 in
642 1813 849 1882 Eucltaristia
865 1807 1066 1889 conficienda
1082 1813 1215 1876 minime
1231 1813 1432 1874 servaverint.
1452 1811 1484 1874 ln

99 1901 103 1906 ⁵
196 1937 322 1982 canone
338 1921 367 1984 7,
384 1921 424 1982 de
440 1939 527 1982 cons.
544 1919 617 1984 dist.
640 1919 671 1983 2.
688 1917 885 2002 quicumque
901 1919 996 1982 aliud
1007 1920 1181 2004 obtulerint
1203 1919 1235 1982 in
1252 1917 1407 1981 sacrificio
1421 1915 1487 1978 illis·

197 2047 262 2108 nae,
289 2051 388 2112 quam
412 2051 532 2114 ¹panem
560 2020 590 2094 et
616 2051 738 2116 vruttm,
767 2032 890 2096 tamdiu
916 2031 1164 2096 dsacri'licando
1190 2051 1316 2094 cessare
1338 2030 1485 2114 jubentur,

197 2140 357 2222 qua-mdiu
373 2141 534 2223 legitimae
551 2143 765 2225 poenitentiae
780 2141 998 2206 satisfactione
1012 2143 1143 2205 correcti
1160 2142 1286 2205 suerint.
1324 2141 1362 2205 Iu
1377 2157 1486 2204 canone

196 2249 248 2311 tr.
267 2247 306 2309 de
321 2267 461 2311 consecr.
489 2250 561 2312 dist.
580 2253 606 2313 1.
623 2251 830 2333 suspenditur
855 2253 1037 2334 aOorpore,
1053 2261 1084 2313 et
1099 2251 1266 2334 Sanguine
1287 2249 1414 2326 Christi,
1427 2247 1484 2328 qui·

197 2371 345 2437 etvmque·
355 2357 512 2420 Sacerdos
536 2371 594 2420 aut
607 2377 682 2421 curn
699 2357 823 2437 baculo,
851 2370 908 2421 aut
924 2359 1029 2421 velato
1044 2359 1151 2440 eapite
1163 2359 1205 2420 ad
1228 2357 1332 2421 altare¹
1345 2355 1487 2419 sacrifica·

199 2477 291 2530 turus
307 2469 484 2546 accesserit,
500 2480 557 2532 aut
574 2487 637 2532 non
654 2469 775 2551 integre
791 2469 987 2542 sacrificium
1002 2469 1286 2531 consummaverit.
1310 2467 1348 2530 lu
1364 2486 1430 2529 can.
1447 2465 1487 2526 ll.

199 2577 240 2641 de
255 2597 394 2642 conseer.
411 2581 483 2643 dist.
500 2581 528 2642 2.
545 2599 739 2663 perannum
755 2578 1006 2661 suspenduntur,
1034 2577 1149 2641 Clerici
1164 2585 1184 2642 a
1198 2577 1325 2656 divinis,
1343 2577 1368 2639 si
1384 2589 1488 2656 tempe

195 2707 234 2762 ⁴re
250 2687 397 2751 sacrificii
414 2688 546 2750 minime
561 2689 884 2750 communicaverint.
905 2688 942 2750 Iu
959 2705 1028 2768 cap.
1045 2687 1073 2748 9.
1090 2685 1130 2747 de
1146 2685 1292 2747 celebrat.
1315 2685 1435 2747 Missae
1449 2683 1487 2743 iu·

201 2793 288 2858 dicta
303 2806 351 2856 est
367 2815 470 2878 porrus
485 2785 707 2880 suspensionis
719 2797 876 2861 adversus
892 2795 1080 2860 Sacerdotes
1097 2795 1176 2872 illos,
1201 2795 1256 2876 qui
1274 2795 1329 2856 vix
1345 2805 1449 2876 quater
1460 2792 1486 2852 iu

202 2929 289 2974 antro
307 2909 430 2972 Missae
443 2907 640 2970 sacrificium
653 2909 861 2970 celebrarent.
882 2907 920 2970 ln
936 2925 1005 2968 can.
1019 2905 1072 2968 35.
1091 2907 1130 2968 de
1152 2925 1292 2969 consecr.
1308 2905 1381 2968 dist.
1398 2911 1422 2969 l.
1436 2917 1486 2965 sta·

202 3013 310 3096 tiritm,
330 3031 363 3084 ut
388 3021 615 3084 conrmunione
632 3020 799 3102 priventur
823 3015 1067 3098 &lanicinium
1086 3017 1216 3098 privatis
1242 3017 1396 3080 Oratorirs
1409 3013 1487 3076 certis
1562 3098 1565 3107 '

204 3133 403 3196 solemnibus
418 3132 495 3194 anni
513 3129 739 3193 festivitatibus
756 3127 874 3190 ibidem
890 3126 1057 3209 descriptis
1072 3125 1314 3220 celebraverint.
1336 3123 1372 3187 ln
1388 3139 1451 3183 cau.
1462 3117 1488 3178 l.

204 3243 278 3310 dist.
294 3245 344 3306 23.
362 3243 518 3306 Sacerdos
544 3238 872 3302 cxcommrmicationi
888 3237 1014 3298 debitae
1040 3233 1156 3298 dicitur
1171 3234 1343 3318 subjacere,
1367 3227 1490 3312 quisine

205 3351 517 3416 sacrisornamentis
543 3361 786 3414 consecraturus
802 3347 980 3424 accesserit,
1003 3363 1087 3427 qnae
1104 3343 1137 3406 in
1153 3344 1203 3406 sui
1225 3343 1421 3406 ordinatione
1433 3353 1487 3400 sne

187 3457 307 3544 cepit·
324 3461 473 3543 Denique
489 3461 520 3522 in
538 3479 608 3523 oen.
626 3461 674 3522 16.
691 3476 780 3521 catis.
796 3459 824 3522 7.
843 3471 965 3540 qrraest.
984 3459 1010 3520 1.
1027 3455 1216 3534 decernitur,
1240 3465 1275 3517 nt
1290 3445 1489 3516 excommnui-

206 3573 344 3641 cationis
359 3574 555 3636 sententiam
578 3573 735 3636 sustineat
749 3571 915 3648 Sacerdos,
942 3569 1070 3650 siquod
1097 3569 1165 3650 ipse
1180 3565 1374 3630 sacrificium
1396 3559 1490 3641 coepit,

207 3685 298 3750 alteri
316 3685 447 3748 mandet
473 3683 713 3766 perficiendum,
739 3681 800 3744 nisi
825 3679 992 3762 aegritudo
1013 3677 1242 3761 supervenerit.
1287 3672 1443 3756 Equidem
1455 3665 1492 3729 ia·

209 3793 487 3876 annetiennes
503 3791 722 3860 monumentis
748 3786 845 3852 modo
860 3786 1000 3852 laudatis
1025 3787 1106 3849 inter
1131 3783 1319 3868 apocrypha
1345 3773 1491 3852 recenseri

209 3921 323 3968 verum
339 3923 420 3968 usus
445 3882 590 3976 obtinuit,
609 3911 778 3964 uteorum
794 3897 917 3960 sanctio
939 3897 1135 3978 reciperetur,
1162 3891 1350 3976 praesertim
1375 3883 1452 3968 quod
1466 3881 1492 3942 itt

210 4015 275 4080 alia
291 4033 445 4099 germana
462 4010 684 4076 Ecclesiamut
706 4017 828 4072 statuta
843 4005 999 4070 trartslata
1013 4001 1140 4068 suerint.
1183 3999 1276 4089 Quid
1293 4016 1367 4062 vero
1381 3994 1493 4060 nomine

211 4126 451 4191 communionis
477 4121 624 4186 sublatae
649 4121 685 4184 iu
698 4117 863 4201 aliquibus
887 4135 929 4179 ex
954 4115 1078 4202 eisdem
1102 4111 1281 4174 canonibus
1307 4102 1494 4186 intelligatur,

211 4253 295 4301 num
309 4255 385 4298 vera
410 4227 759 4297 excommunicationis
771 4243 909 4303 censura
936 4223 1053 4301 veniat,
1069 4239 1149 4284 num
1165 4219 1271 4302 potins
1285 4231 1424 4278 censura
1437 4223 1493 4270 sus

208 4349 386 4432 pensionis,
412 4326 514 4410 l'acile¹
531 4341 742 4408 concludetur
766 4359 808 4403 ex
825 4339 871 4418 iis,
897 4355 982 4420 quae
998 4334 1163 4399 tradentur
1177 4329 1319 4410 interius,
1344 4341 1438 4411 quum
1459 4315 1495 4380 dv

214 4452 359 4518 censuris
374 4473 478 4518 senno
493 4447 688 4518 instituetur.
1096 4456 1100 4464 '
