3134 4984
210 345 272 426 138
440 369 531 419 raus
547 367 675 440 sarus,
692 368 935 441 ntssnnrrrro
949 369 1123 438 succurre,
1138 371 1205 422 cte
1221 348 1278 424 ll.

207 493 315 578 qualis
343 503 391 557 est
417 493 570 560 dominus
599 506 744 579 respectu
773 497 877 576 servi,
905 497 1027 564 Abbas.
1043 501 1190 582 respectu
1220 497 1386 582 Monachi,
1407 507 1480 584 peter

206 614 351 688 respectu
380 603 448 682 filii,
478 615 511 668 et
539 605 588 668 rir
616 617 762 688 respectu
792 605 909 684 uxoris,
939 605 1065 688 quoties
1098 606 1254 688 nimirum
1275 604 1480 692 jusjurandum
1550 675 1551 686 χ

205 713 369 782 &subdito
383 705 540 778 emissum
564 713 714 782 fraudem
736 712 856 776 fuceret
882 693 1041 796 potestati,
1057 733 1129 780 can.
1152 701 1206 801 id.
1222 733 1311 778 caus,
1328 715 1376 776 22
1389 731 1482 796 quaes·

207 819 338 884 tione'5.
690 901 694 908 Ι
735 883 739 896 ,
1185 889 1189 898 ,
1321 889 1323 896 ¹

248 928 331 992 Rern
346 928 524 995 admodum
541 930 574 994 in
590 931 725 1001 obscuro
740 931 876 1014 positam
892 951 962 996 esse
979 930 1082 1012 video,
1108 951 1185 1010 cum
1200 933 1372 1014 quaeritur,
1385 952 1424 996 an
1435 931 1483 994 Bn

206 1040 312 1102 manis
329 1041 454 1122 legibus
480 1040 624 1124 perjuriis
639 1051 725 1104 certa
750 1040 1108 1128 indictafueritpoena.
1153 1041 1227 1104 Scio
1242 1040 1482 1124 quidemsiugu·
1550 1047 1551 1102 J

206 1147 317 1228 larem,
342 1145 442 1212 fuisse
457 1149 578 1212 editam
603 1149 864 1212 constitutionem
890 1149 1057 1216 aTiberio
1080 1149 1284 1232 Imperatore,
1310 1169 1376 1232 qua
1389 1147 1484 1232 perjuri
1550 1143 1551 1218 ξ

206 1279 310 1348 poena
325 1261 457 1344 publica
471 1273 699 1338 coercerentur,
716 1260 740 1322 si
753 1260 951 1342 juravissent
963 1260 1180 1344 pergenium
1195 1257 1377 1344 Principis,
1398 1258 1438 1320 uti
1452 1273 1483 1319 re·
1550 1255 1551 1300 t

205 1371 265 1436 sert
281 1369 344 1434 Dio
359 1370 393 1434 iu
408 1371 550 1448 Tiberio,
573 1369 750 1434 Suetonius
766 1371 799 1434 in
825 1367 986 1452 Caligula,
1009 1381 1041 1434 et
1055 1369 1282 1434 Tertullianus
1303 1371 1338 1432 in
1354 1367 1486 1452 Apologe

207 1479 269 1541 tico
283 1499 353 1561 cap.
369 1479 430 1558 28,
446 1480 557 1557 juncta
583 1477 602 1540 l.
620 1479 669 1542 13.
688 1480 711 1544 l.
728 1477 784 1544 ult
799 1477 832 1540 ff
859 1478 899 1542 de
909 1480 1050 1562 jurejur,
1077 1479 1138 1544 nisi
1155 1474 1235 1542 forte
1257 1479 1436 1545 iracundiae
1447 1496 1487 1538 ca

114 1623 118 1627 ·
205 1589 252 1657 lor
266 1591 430 1674 perjurum
445 1589 685 1673 quodammodo
700 1599 881 1670 excusaret,
903 1589 924 1661 l.
940 1591 969 1654 2.
986 1609 1066 1654 vers.
1083 1591 1282 1656 Periculum
1302 1590 1374 1661 cod.
1388 1589 1485 1652 dereb.

203 1701 340 1766 creditis.
385 1701 499 1784 Neque
515 1701 637 1782 ignoro,
659 1699 843 1784 singulares
857 1700 955 1767 etiem
971 1718 1091 1782 poenas
1118 1701 1326 1782 praestitutas
1341 1693 1488 1764 fuissead·
1550 1679 1551 1740 l

204 1829 317 1874 versus
331 1813 481 1894 perjuros,
509 1811 613 1874 autin
628 1810 745 1891 specie.
762 1808 844 1890 legis
858 1808 908 1871 li
924 1807 993 1878 cod.
1022 1806 1063 1870 de
1079 1807 1361 1886 transactionibus,
1376 1801 1488 1888 quando

203 1917 357 1984 nimirum
371 1917 446 1998 quis
473 1916 690 1996 transactione
710 1916 921 2001 jurejurando
946 1915 1077 1982 firmata
1099 1916 1489 2006 controversiamvomnem
1550 1923 1551 1962 l

203 2027 341 2111 diremit3
358 2029 386 2092 is
401 2029 535 2094 enimet
550 2027 680 2095 infamis
695 2027 762 2107 fiet,
772 2039 927 2104 atterum
943 2029 1161 2111 propietatem,
1176 2039 1275 2114 atque
1289 2027 1489 2099 emolumenta

204 2138 264 2202 sibi
280 2147 372 2218 parta
399 2136 432 2200 vi
459 2137 685 2212 transactionis
699 2135 844 2218 ejusdem
858 2136 993 2216 amitten
1020 2147 1080 2200 aut
1093 2136 1128 2203 iu
1144 2137 1249 2218 specie
1277 2135 1360 2218 legis
1375 2134 1419 2196 ll.
1432 2125 1490 2192 md

204 2241 245 2306 de
261 2241 417 2323 diguitat,
444 2261 547 2325 quum
563 2243 623 2306 rin
636 2243 778 2324 illustres
788 2244 966 2328 juratoriae
980 2255 1108 2311 tantum
1133 2235 1276 2314 cantioni
1291 2243 1395 2317 relicti
1407 2239 1492 2307 fidem

203 2365 270 2414 uon
285 2359 424 2430 servant3
441 2361 499 2413 aut
514 2351 546 2414 in
559 2352 666 2432 specie
681 2351 760 2434 legis
776 2352 907 2422 ultimae
918 2351 987 2419 cod.
1004 2351 1046 2430 ad
1062 2353 1122 2434 leg.
1136 2353 1155 2416 J
1158 2353 1199 2418 ul.
1212 2347 1390 2434 repetund,
1405 2363 1492 2430 quun

202 2457 356 2523 Rectores
366 2458 610 2540 provinciarum
635 2459 772 2542 perjurio
788 2459 921 2544 professi
935 2460 1044 2540 luerit,-
1056 2481 1092 2526 se
1105 2481 1207 2526 causa
1232 2462 1379 2527 muneris
1393 2456 1493 2540 adipis

203 2569 298 2634 cendi
314 2571 486 2652 pecuniam
511 2587 577 2636 non
593 2570 728 2650 dodum,
754 2569 920 2644 dauillos
935 2573 1112 2640 aocrtsandi
1129 2571 1306 2656 unicuique
1332 2573 1375 2638 de
1389 2565 1492 2656 populo

203 2673 367 2740 facultate
411 2677 584 2740 Caeterum
610 2677 800 2760 generaliter
823 2676 981 2748 adversus
1008 2680 1135 2763 perjurii
1161 2699 1232 2748 reos
1245 2699 1394 2762 poenam
1407 2673 1493 2764 publi·

203 2805 277 2854 cam
292 2787 415 2854 nullibi.
433 2787 638 2870 praefinitam
662 2789 803 2870 invenio,
829 2809 890 2859 neo
904 2791 1129 2874 quiequamin
1144 2791 1288 2862 medium
1313 2790 1449 2877 proterat
1460 2787 1494 2853 lc·

203 2883 278 2986 gem
292 2901 325 2966 4.
340 2901 370 2966 ff.
386 2902 598 2983 stellionatus,
626 2902 682 2976 ulai
695 2903 752 2979 qui
766 2903 1123 2991 pejeravit,;effirmans
1138 2923 1216 2972 suas
1230 2924 1303 2972 esse
1315 2925 1370 2972 res
1385 2898 1494 2988 pignori

203 3013 297 3080 datas
312 3013 515 3080 stellionatus
542 3032 617 3080 oeus
631 3013 758 3093 dicitur,
773 3014 922 3098 ideoque.
934 3017 977 3081 ad
993 3027 1121 3100 tempus
1135 3016 1269 3085 exulare
1294 3015 1494 3100 compellituq

203 3127 365 3209 siquidem
390 3129 532 3195 Romani
557 3128 804 3211 Legumletores
828 3139 861 3192 et
874 3128 1002 3194 erdem.
1015 3128 1219 3196 stellionatus
1241 3147 1350 3214 poena
1371 3129 1495 3214 plectro·

203 3235 284 3302 dum
299 3255 375 3302 eum
388 3237 572 3315 voluerunt,
597 3237 656 3318 qui
669 3237 740 3303 siue
748 3237 960 3322 jurejurando
974 3237 1093 3320 pignus
1108 3255 1179 3302 esse
1194 3255 1295 3302 suum
1316 3235 1402 3300 salso
1414 3230 1497 3310 adlit·

202 3346 368 3426 metuisset,
385 3347 405 3410 l.
423 3349 450 3410 1.
466 3347 505 3427 2,
521 3357 553 3410 et
573 3345 603 3409 4.
619 3345 690 3420 cod.
705 3344 746 3408 de
761 3345 850 3410 crim.
865 3345 1036 3412 stellionat.
1080 3347 1216 3430 Insuper
1231 3345 1406 3412 infirmum
1423 3347 1496 3406 esset

105 3523 118 3540 ,
203 3467 444 3542 argumentum,
469 3453 558 3538 quod
572 3453 784 3520 deduceretur
806 3473 849 3518 ex
863 3453 884 3518 l.
900 3455 951 3518 221.
967 3454 1000 3518 tr.
1015 3453 1058 3518 de
1070 3454 1132 3535 his,
1145 3455 1203 3537 qui
1225 3463 1292 3520 not.
1307 3451 1432 3528 intem,
1445 3455 1497 3510 eit

203 3565 271 3629 nim
287 3563 331 3628 ibi
345 3579 450 3647 poena
464 3561 618 3628 infamiae
632 3560 810 3631 ulmeam
823 3561 931 3644 potios
944 3559 1128 3640 testimonii,
1153 3579 1255 3643 quam
1269 3559 1446 3645 perjurium
1457 3567 1496 3616 tt·

203 3669 322 3751 quitur.
366 3669 456 3734 Nihil
471 3669 612 3753 denique
636 3671 745 3736 ariaci
760 3679 870 3758 potest,
897 3669 1041 3734 esraa
1067 3669 1100 3734 ff.
1116 3669 1158 3733 da
1182 3669 1374 3750 dolomate,
1393 3669 1427 3730 in
1440 3675 1497 3748 qua

204 3779 327 3846 mentio
341 3777 380 3842 fit
403 3795 526 3863 poenae
540 3780 678 3864 perjuria
704 3777 1020 3862 praeterquamquod
1041 3777 1130 3842 enim
1145 3776 1221 3842 inde
1245 3793 1314 3842 non
1329 3776 1452 3858 liqueat
1463 3766 1497 3832 (lt

204 3891 369 3976 qualitate,
384 3899 442 3954 aut
464 3891 647 3973 quantitate
660 3907 794 3972 pmcne,
816 3889 1016 3972 interpretari
1030 3887 1122 3954 illam
1134 3903 1324 3974 -posaumos
1334 3885 1391 3950 de
1405 3887 1496 3968 poma

203 4017 270 4066 non
285 4005 306 4065 a
321 3997 458 4084 publicis
472 3997 725 4082 magistratibus,
748 3998 808 4062 sed
822 3998 865 4062 ab
882 3997 982 4064 ultore
997 3997 1069 4062 Deo
1082 3993 1315 4082 superundat,
1341 3995 1411 4060 La
1426 3991 1498 4075 pua

204 4114 289 4200 cipio
303 4112 373 4176 cod.
388 4113 429 4177 de
445 4111 507 4176 reb.
523 4109 619 4191 cred,
642 4094 783 4176 lotardla
793 4106 977 4196 jusjurandi
990 4109 1133 4194 subjecta
1148 4119 1221 4194 post
1234 4106 1411 4176 Nouellum
1428 4100 1496 4168 diu

205 4227 280 4294 fine
323 4225 439 4308 Neque
452 4231 472 4290 e
495 4219 659 4289 centrario
668 4221 763 4288 taeda
785 4223 859 4305 quis
873 4223 1007 4306 ambare
1033 4221 1145 4304 poterit
1159 4219 1249 4290 omni
1268 4237 1378 4304 poem
1390 4217 1500 4282 imma·

205 4351 264 4398 nas
280 4332 379 4397 tuisse
392 4331 541 4416 perjuros,
567 4341 625 4396 aut
638 4349 683 4394 ea
696 4329 718 4394 lt
732 4331 772 4396 et
788 4331 823 4396 tl.
848 4331 890 4398 de
904 4329 981 4413 dolo
991 4329 1089 4411 mala,
1104 4339 1164 4395 atu
1184 4347 1228 4394 ex
1242 4329 1263 4392 l.
1278 4329 1332 4398 15.
1348 4327 1384 4392 ff.
1398 4324 1440 4394 tle
1451 4339 1500 4402 91·

203 4442 351 4526 cantion,
360 4451 425 4512 -ttut
439 4459 482 4506 ex
496 4439 516 4504 l.
525 4442 583 4504 «ll.
597 4439 628 4506 ff
646 4439 736 4506 dein
751 4439 1002 4524 inanimale
1018 4439 1108 4508 ⁴istae
1121 4439 1213 4506 eaim
1224 4439 1311 4526 leges
1325 4455 1408 4523 oum
1421 4429 1499 4504 suni
