3168 4982
154 407 218 492 222
395 473 396 476 ,
523 431 764 480 nrssnnrarro
786 434 940 496 autera,
964 431 1040 480 oar.
1062 413 1099 480 V.

155 556 307 620 universa
331 555 534 634 concludam,
550 553 631 636 dico,
657 557 746 640 apud
771 569 893 622 veteres
919 557 1067 622 homines
1094 575 1219 639 perraro
1233 551 1370 621 inueniii
1386 575 1460 642 pos·

154 677 246 746 se,et
260 667 317 730 vix
342 667 377 730 iu
392 667 577 730 Abrahamo
603 677 635 729 et
648 666 777 748 Jacobo,
803 665 966 750 probabile
988 665 1155 750 quoddam
1179 665 1321 750 plurium
1347 666 1460 730 ducta·

153 792 227 838 rum
242 791 376 838 uxorem
398 774 594 856 exemplum,
610 783 642 838 et
666 775 797 856 quidem
824 777 951 870 incertis
977 793 1151 839 causarum
1176 775 1345 858 adjunctis,
1371 795 1460 858 quae

153 899 231 946 omn
257 879 387 964 regulae
417 881 558 964 generali
581 874 804 966 exceptionem
828 883 933 968 facere
957 883 1149 966 viderentur,
1175 885 1323 968 regulam
1351 885 1462 968 potius

153 989 351 1056 contrariam
362 988 606 1072 confirmabaut3
624 1001 694 1074 post
709 991 790 1056 haee
804 987 1004 1075 frequentius
1018 993 1158 1076 quidem,
1175 993 1232 1058 sed
1246 1011 1313 1058 non
1327 993 1462 1078 passim,

155 1095 323 1182 iupopulo
339 1111 452 1164 sancto
466 1100 617 1186 conjugia
633 1102 708 1186 ‚ejus
723 1101 848 1184 generis
863 1101 1060 1186 adparuisse,
1083 1103 1139 1166 ubi
1155 1113 1213 1168 atrt
1227 1103 1342 1166 sterilis
1357 1103 1465 1188 prima

156 1223 239 1274 uxor
253 1217 346 1287 esset,
372 1218 429 1272 aut
446 1217 595 1291 ageretur
619 1208 660 1274 de
681 1207 892 1294 Principibus,
919 1209 972 1273 vel
998 1210 1181 1294 insignibus
1205 1209 1401 1294 quibusdam
1414 1208 1465 1273 i'a·

156 1315 263 1394 millis,
279 1335 418 1398 quarum
445 1327 591 1398 respectu
605 1336 719 1400 mayor
744 1317 915 1382 liberorum
941 1317 1219 1408 suscipiendorum
1245 1319 1467 1408 ntrmerusvi·

155 1427 283 1494 deretur
297 1431 414 1507 causis,
440 1447 479 1492 ao
495 1427 690 1512 temporibus
712 1437 922 1510 opportunus:
949 1427 1048 1510 immo
1064 1445 1124 1491 neo
1146 1427 1208 1492 ista
1221 1427 1371 1511 conjugia
1385 1424 1467 1490 fuis·

155 1537 239 1602 sein
267 1538 366 1602 sacris
381 1537 481 1600 literis
508 1537 725 1620 comprobata,
754 1553 956 1618 quemquam
984 1554 1134 1618 expresse
1164 1554 1230 1600 non
1259 1533 1465 1618 reprobaren-

156 1652 217 1723 tur,
233 1662 274 1710 ue
302 1644 429 1708 occasio
443 1643 563 1713 exinde
589 1645 792 1728 praeberetur
816 1641 967 1730 carpendi
983 1645 1072 1708 sacta
1095 1659 1241 1710 veterum
1263 1643 1469 1709 Patnarcha·

156 1767 239 1828 rurn,
256 1750 404 1832 virosque
427 1750 557 1819 eosdem
580 1751 810 1832 sanctissimos,
836 1753 892 1835 qui
920 1753 977 1816 uni
1000 1771 1043 1816 ex
1068 1751 1201 1832 caeteris
1227 1749 1415 1816 hominibus
1432 1749 1469 1812 in

157 1857 219 1922 Dei
233 1859 325 1924 cuitu
351 1860 560 1941 perstiterant,
576 1857 814 1942 contemnendi3
842 1862 943 1924 immo
957 1872 989 1926 et
1015 1881 1124 1926 sacras
1139 1861 1227 1946 ipsas
1252 1859 1370 1938 literas,
1386 1875 1470 1953 curn

155 1987 195 2032 ea
221 1969 373 2052 conjugia
387 1979 590 2049 enarrarent,
615 1969 726 2033 statim
751 1970 925 2052 subjecisse
950 1970 1054 2034 oculis
1079 1970 1169 2034 varia
1193 1967 1406 2046 incommoda,
1435 1977 1473 2030 et

156 2077 355 2144 naturalium
380 2078 538 2152 bonorum
549 2079 720 2162 Jaoturam,
748 2097 833 2159 quae
847 2097 889 2142 ex
913 2078 1025 2142 multis
1050 2077 1155 2142 duetis
1173 2077 1326 2142 uxoribus
1343 2075 1472 2139 idemti-

157 2186 232 2254 dem
248 2187 462 2270 emergebant,
490 2187 577 2252 unde
599 2187 747 2252 homines
771 2187 976 2252 occasionem
999 2185 1173 2270 arriperent
1197 2183 1358 2248 avocandi
1374 2204 1407 2246 se
1424 2183 1473 2247 ab

155 2319 196 2364 ea
210 2299 390 2382 disciplina,
406 2319 445 2364 ae
459 2299 704 2391 consuetudines
719 2308 883 2364 caeterum
904 2309 977 2382 post
991 2297 1112 2362 Christi
1127 2297 1261 2362 Domini
1276 2296 1476 2388 adveutum,

157 2429 261 2493 quum
276 2409 371 2492 longe
397 2409 503 2492 magis
526 2407 689 2492 praeclara
710 2405 861 2470 fidelibus
886 2406 1057 2489 baptizatis
1084 2399 1334 2487 proponerentur
1358 2419 1473 2464 exem-

157 2515 214 2598 pla
228 2514 403 2598 sequenda,
418 2535 519 2596 qnam
533 2515 686 2596 exempla
710 2515 899 2593 abrahami,
914 2525 946 2578 et
969 2514 1091 2595 Jacobs
1113 2531 1217 2595 quum
1243 2511 1358 2574 veteris
1375 2521 1476 2572 testa·

157 2621 256 2684 ruenti
275 2631 364 2686 tanta
389 2621 533 2686 nonfuit
556 2621 698 2704 amplius
723 2622 874 2686 habenda
901 2623 990 2701 ratio,
1005 2632 1116 2704 utpote
1143 2620 1284 2704 impletis
1300 2618 1422 2702 figuris,
1438 2631 1477 2684 et

158 2727 202 2792 ad
228 2729 459 2814 elegantiorem
484 2730 622 2798 sormam
647 2733 773 2815 pietate,
789 2751 828 2795 ac
854 2732 1006 2816 religione
1029 2733 1061 2795 in
1089 2733 1197 2794 Deum
1223 2742 1347 2809 exacte,
1364 2731 1479 2813 magis

159 2839 304 2918 firmatas
320 2839 421 2905 fuisse
443 2841 607 2909 naturales
631 2842 878 2925 praeceptiones,
895 2853 992 2924 atque
1017 2842 1173 2904 unitatem
1188 2841 1330 2924 conjugii
1347 2859 1411 2902 nou
1428 2840 1476 2904 de

159 2972 245 3018 nouo
260 2953 478 3034 constitutam,
495 2953 552 3016 sed
575 2953 617 3016 ad
634 2954 814 3018 naturalem
841 2953 1081 3036 simplicitatem
1105 2951 1293 3030 restitutam,
1311 2949 1478 3016 Matthaei

158 3081 233 3144 cap.
251 3063 306 3140 19,
324 3063 423 3127 immo
437 3073 470 3126 et
483 3063 695 3127 similitudine
710 3082 804 3127 sacra
818 3062 952 3126 unitatis
964 3059 1132 3124 Ecclesiae
1146 3079 1221 3124 curn
1238 3061 1367 3124 Christo
1377 3061 1477 3143 junc-

160 3183 219 3236 tae
228 3171 472 3252 sanctificatam,
499 3173 588 3255 epist.
605 3171 702 3236 Pauli
728 3171 770 3235 ad
797 3169 959 3253 Ephesios
984 3189 1055 3252 cap.
1076 3170 1115 3248 5,
1131 3167 1218 3252 quod
1242 3179 1273 3232 et
1288 3169 1479 3233 observavit

162 3281 373 3346 Innocentius
388 3283 447 3346 ΙΙΙ.
463 3283 497 3346 in
512 3299 581 3365 cap
598 3281 627 3346 8.
644 3280 685 3344 de
699 3280 854 3344 divortiis.

150 3433 160 3444 ‚
205 3395 415 3460 Naturalibus
439 3395 694 3460 institutionibus
709 3395 754 3456 ita
778 3389 940 3471 restitutis,
957 3400 1055 3472 atque
1080 3389 1223 3470 firmatis,
1246 3389 1320 3472 quis
1336 3387 1477 3470 dubitet,

161 3503 242 3588 quin
258 3504 383 3568 irritum
399 3503 441 3566 sit
456 3503 638 3568 sectandum
663 3501 859 3584 conjugium,
875 3503 1069 3562 consistente
1092 3495 1202 3558 adhuc
1217 3495 1327 3577 priore,
1339 3495 1480 3576 quando

163 3599 271 3696 agitur
287 3612 328 3676 de
344 3614 484 3678 naturali
512 3624 681 3697 praecepto
696 3633 735 3675 ea
760 3611 955 3694 respiciente,
975 3627 1060 3692 quae
1086 3609 1198 3672 intime
1211 3607 1384 3672 cohaerent
1397 3629 1481 3676 oon-

158 3723 242 3810 jngii
257 3733 401 3804 naturae,
427 3733 539 3804 etque
565 3741 631 3785 non
657 3729 791 3799 servato,
817 3717 959 3804 conjugii
984 3716 1067 3780 fines
1082 3715 1215 3778 minime
1240 3715 1482 3781 obtinerentur?

164 3835 262 3906 Quae
277 3832 311 3895 in
325 3851 395 3915 cap.
413 3832 441 3894 1.
457 3831 554 3914 hujus
580 3827 814 3891 dissertationis
839 3826 1012 3910 pmestitui,
1029 3843 1096 3888 rem
1110 3823 1197 3887 hanc
1223 3823 1352 3886 abunde
1367 3823 1480 3888 decla-

166 3951 248 4020 rant,
264 3957 369 4024 neque
394 3958 476 4024 opus
491 3938 637 4022 pluribus
661 3935 896 4018 inpraesentia.
940 3933 1032 4006 Quid
1048 3950 1122 3996 vero
1151 3943 1261 3996 contre
1278 3933 1344 3996 ista
1357 3933 1482 4016 princi-

167 4049 222 4134 pia
235 4049 348 4114 molita
362 4067 427 4114 uon
442 4059 492 4112 est
506 4047 677 4110 hominum
703 4043 1010 4125 improbisismorum
1025 4041 1168 4126 perfidia,
1184 4061 1222 4105 ao
1237 4043 1354 4108 libido?
1397 4041 1481 4111 Non

169 4157 348 4236 defuerunt,
364 4157 421 4240 qui
443 4155 545 4220 alium
561 4153 808 4236 superinducere
833 4155 1004 4238 conjugem
1029 4153 1228 4232 adamantes,
1253 4171 1318 4215 non
1345 4163 1481 4220 tanturn

157 4265 305 4354 ⁴thalami
321 4265 420 4329 fidem
445 4264 585 4328 violasse
599 4263 679 4341 ansi,
699 4261 765 4328 ,sed
779 4263 878 4326 etiarn
898 4261 975 4325 data
998 4259 1075 4342 nori
1089 4259 1229 4344 conjugii
1253 4261 1424 4342 sponsione
1441 4247 1482 4328 iu

170 4375 283 4460 prioris
296 4375 453 4460 conjugiis
476 4393 589 4440 necem
614 4372 792 4436 machinati
807 4381 891 4436 sunt.
935 4369 997 4434 His
1020 4368 1150 4433 obviem
1165 4369 1293 4432 iverunt
1308 4379 1338 4432 et
1353 4369 1483 4449 civiles,

171 4493 204 4548 et
231 4483 468 4550 ecclesiasticae
493 4484 589 4567 leges.
631 4483 781 4548 Romano
805 4481 891 4566 Jure.
905 4477 1001 4544 etiam
1031 4457 1257 4562 sationissimo
1286 4477 1486 4563 generaliter
