<?xml version="1.0" encoding="UTF-8"?>
<!DOCTYPE html PUBLIC "-//W3C//DTD XHTML 1.0 Transitional//EN"
    "http://www.w3.org/TR/xhtml1/DTD/xhtml1-transitional.dtd">
<html xmlns="http://www.w3.org/1999/xhtml" xml:lang="en" lang="en">
 <head>
  <title>
</title>
<meta http-equiv="Content-Type" content="text/html;charset=utf-8" />
  <meta name='ocr-system' content='tesseract 3.04.00' />
  <meta name='ocr-capabilities' content='ocr_page ocr_carea ocr_par ocr_line ocrx_word'/>
</head>
<body>
  <div class='ocr_page' id='page_1' title='image "./carolisebastian00beragoog_0236.png"; bbox 0 0 3168 4982; ppageno 0'>
   <div class='ocr_carea' id='block_1_1' title="bbox 295 387 1393 464">
    <p class='ocr_par' dir='ltr' id='par_1_1' title="bbox 295 387 1393 464">
     <span class='ocr_line' id='line_1_1' title="bbox 295 387 1393 464; baseline -0.005 0"><span class='ocrx_word' id='word_1_1' title='bbox 295 413 391 464; x_wconf 79' lang='lat' dir='ltr'>eoas</span> <span class='ocrx_word' id='word_1_2' title='bbox 413 413 573 460; x_wconf 75' lang='lat' dir='ltr'>viscosa</span> <span class='ocrx_word' id='word_1_3' title='bbox 595 411 829 460; x_wconf 80' lang='lat' dir='ltr'>vonunranra</span> <span class='ocrx_word' id='word_1_4' title='bbox 850 411 1036 458; x_wconf 82' lang='lat' dir='ltr'>ceuroous</span> <span class='ocrx_word' id='word_1_5' title='bbox 1058 411 1201 458; x_wconf 78' lang='lat' dir='ltr'>onerum</span> <span class='ocrx_word' id='word_1_6' title='bbox 1325 387 1393 458; x_wconf 54' lang='grc' dir='ltr'><strong><em>Β</em></strong></span> 
     </span>
    </p>
   </div>
   <div class='ocr_carea' id='block_1_2' title="bbox 88 531 1393 947">
    <p class='ocr_par' dir='ltr' id='par_1_2' title="bbox 88 531 1393 947">
     <span class='ocr_line' id='line_1_2' title="bbox 88 531 1393 620; baseline -0.004 -18"><span class='ocrx_word' id='word_1_7' title='bbox 88 533 119 602; x_wconf 64' lang='lat' dir='ltr'>R</span> <span class='ocrx_word' id='word_1_8' title='bbox 141 545 295 616; x_wconf 85' lang='lat' dir='ltr'>statuens,</span> <span class='ocrx_word' id='word_1_9' title='bbox 325 535 545 602; x_wconf 78' lang='lat' dir='ltr'><strong>inobedientes</strong></span> <span class='ocrx_word' id='word_1_10' title='bbox 570 545 602 614; x_wconf 81' lang='lat' dir='ltr'>et</span> <span class='ocrx_word' id='word_1_11' title='bbox 626 541 646 602; x_wconf 82' lang='lat' dir='ltr'>d</span> <span class='ocrx_word' id='word_1_12' title='bbox 670 534 812 600; x_wconf 84' lang='lat' dir='ltr'>clericali</span> <span class='ocrx_word' id='word_1_13' title='bbox 836 555 949 600; x_wconf 86' lang='lat' dir='ltr'>recens</span> <span class='ocrx_word' id='word_1_14' title='bbox 977 545 1129 618; x_wconf 89' lang='lat' dir='ltr'>suscepto</span> <span class='ocrx_word' id='word_1_15' title='bbox 1156 531 1260 618; x_wconf 89' lang='lat' dir='ltr'>gradu</span> <span class='ocrx_word' id='word_1_16' title='bbox 1288 533 1393 620; x_wconf 78' lang='lat' dir='ltr'>dejici,</span> 
     </span>
     <span class='ocr_line' id='line_1_3' title="bbox 90 641 1391 728; baseline 0 -20"><span class='ocrx_word' id='word_1_17' title='bbox 90 654 183 727; x_wconf 83' lang='lat' dir='ltr'>atque</span> <span class='ocrx_word' id='word_1_18' title='bbox 211 643 246 708; x_wconf 91' lang='lat' dir='ltr'>in</span> <span class='ocrx_word' id='word_1_19' title='bbox 275 663 397 728; x_wconf 87' lang='lat' dir='ltr'>poenas</span> <span class='ocrx_word' id='word_1_20' title='bbox 425 643 660 709; x_wconf 87' lang='lat' dir='ltr'>monaehourm</span> <span class='ocrx_word' id='word_1_21' title='bbox 688 644 838 728; x_wconf 86' lang='lat' dir='ltr'>conjugia</span> <span class='ocrx_word' id='word_1_22' title='bbox 867 641 1129 708; x_wconf 79' lang='lat' dir='ltr'>contrahentium</span> <span class='ocrx_word' id='word_1_23' title='bbox 1144 642 1294 722; x_wconf 80' lang='lat' dir='ltr'>incidere,</span> <span class='ocrx_word' id='word_1_24' title='bbox 1309 663 1348 708; x_wconf 88' lang='lat' dir='ltr'>ac</span> <span class='ocrx_word' id='word_1_25' title='bbox 1362 643 1391 708; x_wconf 91' lang='lat' dir='ltr'>si</span> 
     </span>
     <span class='ocr_line' id='line_1_4' title="bbox 90 751 1392 838; baseline -0.002 -20"><span class='ocrx_word' id='word_1_26' title='bbox 90 751 196 818; x_wconf 88' lang='lat' dir='ltr'>inbac</span> <span class='ocrx_word' id='word_1_27' title='bbox 210 765 299 838; x_wconf 87' lang='lat' dir='ltr'>parte</span> <span class='ocrx_word' id='word_1_28' title='bbox 315 753 411 818; x_wconf 88' lang='lat' dir='ltr'>soluti</span> <span class='ocrx_word' id='word_1_29' title='bbox 426 771 493 818; x_wconf 93' lang='lat' dir='ltr'>non</span> <span class='ocrx_word' id='word_1_30' title='bbox 507 758 651 818; x_wconf 78' lang='lat' dir='ltr'>easanta</span> <span class='ocrx_word' id='word_1_31' title='bbox 673 751 872 818; x_wconf 78' lang='lat' dir='ltr'>monasticae</span> <span class='ocrx_word' id='word_1_32' title='bbox 898 753 1030 836; x_wconf 90' lang='lat' dir='ltr'>regulae</span> <span class='ocrx_word' id='word_1_33' title='bbox 1052 754 1286 818; x_wconf 84' lang='lat' dir='ltr'>observatione:</span> <span class='ocrx_word' id='word_1_34' title='bbox 1307 751 1392 817; x_wconf 86' lang='lat' dir='ltr'>adeo</span> 
     </span>
     <span class='ocr_line' id='line_1_5' title="bbox 89 860 1393 947; baseline -0.002 -22"><span class='ocrx_word' id='word_1_35' title='bbox 89 879 199 928; x_wconf 83' lang='lat' dir='ltr'>rernm</span> <span class='ocrx_word' id='word_1_36' title='bbox 226 881 353 947; x_wconf 86' lang='lat' dir='ltr'>semper</span> <span class='ocrx_word' id='word_1_37' title='bbox 377 862 448 943; x_wconf 85' lang='lat' dir='ltr'>iult,</span> <span class='ocrx_word' id='word_1_38' title='bbox 464 861 642 928; x_wconf 87' lang='lat' dir='ltr'>monachos</span> <span class='ocrx_word' id='word_1_39' title='bbox 665 861 708 925; x_wconf 94' lang='lat' dir='ltr'>ad</span> <span class='ocrx_word' id='word_1_40' title='bbox 722 861 847 926; x_wconf 88' lang='lat' dir='ltr'>clerum</span> <span class='ocrx_word' id='word_1_41' title='bbox 872 862 1046 924; x_wconf 86' lang='lat' dir='ltr'>translatos</span> <span class='ocrx_word' id='word_1_42' title='bbox 1071 860 1183 926; x_wconf 86' lang='lat' dir='ltr'>adbuc</span> <span class='ocrx_word' id='word_1_43' title='bbox 1208 879 1288 924; x_wconf 88' lang='lat' dir='ltr'>anae</span> <span class='ocrx_word' id='word_1_44' title='bbox 1302 877 1393 944; x_wconf 87' lang='lat' dir='ltr'>prae·</span> 
     </span>
    </p>
   </div>
   <div class='ocr_carea' id='block_1_3' title="bbox 88 966 1499 1056">
    <p class='ocr_par' dir='ltr' id='par_1_3' title="bbox 88 966 1499 1056">
     <span class='ocr_line' id='line_1_6' title="bbox 88 966 1499 1056; baseline -0.008 -20"><span class='ocrx_word' id='word_1_45' title='bbox 88 973 184 1056; x_wconf 84' lang='lat' dir='ltr'>ceptis</span> <span class='ocrx_word' id='word_1_46' title='bbox 212 973 371 1055; x_wconf 72' lang='lat' dir='ltr'>obstringi</span> <span class='ocrx_word' id='word_1_47' title='bbox 399 973 434 1036; x_wconf 93' lang='lat' dir='ltr'>in</span> <span class='ocrx_word' id='word_1_48' title='bbox 449 973 499 1051; x_wconf 88' lang='lat' dir='ltr'>iis,</span> <span class='ocrx_word' id='word_1_49' title='bbox 514 989 601 1053; x_wconf 83' lang='lat' dir='ltr'>quse</span> <span class='ocrx_word' id='word_1_50' title='bbox 614 969 750 1034; x_wconf 88' lang='lat' dir='ltr'>clericae</span> <span class='ocrx_word' id='word_1_51' title='bbox 775 969 952 1034; x_wconf 89' lang='lat' dir='ltr'>conditioni</span> <span class='ocrx_word' id='word_1_52' title='bbox 977 985 1044 1032; x_wconf 91' lang='lat' dir='ltr'>uon</span> <span class='ocrx_word' id='word_1_53' title='bbox 1058 967 1281 1045; x_wconf 72' lang='lat' dir='ltr'>adversantur,</span> <span class='ocrx_word' id='word_1_54' title='bbox 1296 966 1393 1049; x_wconf 88' lang='lat' dir='ltr'>potis-</span> <span class='ocrx_word' id='word_1_55' title='bbox 1498 1019 1499 1024; x_wconf 74' lang='grc'><strong>,</strong></span> 
     </span>
    </p>
   </div>
   <div class='ocr_carea' id='block_1_4' title="bbox 6 1076 1458 4335">
    <p class='ocr_par' dir='ltr' id='par_1_4' title="bbox 6 1076 1458 4335">
     <span class='ocr_line' id='line_1_7' title="bbox 87 1076 1393 1164; baseline -0.001 -22"><span class='ocrx_word' id='word_1_56' title='bbox 87 1077 203 1144; x_wconf 84' lang='lat' dir='ltr'>simum</span> <span class='ocrx_word' id='word_1_57' title='bbox 219 1093 330 1143; x_wconf 87' lang='lat' dir='ltr'>antem</span> <span class='ocrx_word' id='word_1_58' title='bbox 345 1079 443 1158; x_wconf 85' lang='lat' dir='ltr'>iniis,</span> <span class='ocrx_word' id='word_1_59' title='bbox 468 1097 555 1162; x_wconf 90' lang='lat' dir='ltr'>quae</span> <span class='ocrx_word' id='word_1_60' title='bbox 577 1079 729 1144; x_wconf 85' lang='lat' dir='ltr'>clericam</span> <span class='ocrx_word' id='word_1_61' title='bbox 751 1078 903 1147; x_wconf 72' lang='lat' dir='ltr'>mmdenr</span> <span class='ocrx_word' id='word_1_62' title='bbox 927 1076 1148 1142; x_wconf 88' lang='lat' dir='ltr'>conditionem</span> <span class='ocrx_word' id='word_1_63' title='bbox 1173 1087 1309 1164; x_wconf 78' lang='lat' dir='ltr'>possunt</span> <span class='ocrx_word' id='word_1_64' title='bbox 1324 1095 1393 1142; x_wconf 90' lang='lat' dir='ltr'>ma·</span> 
     </span>
     <span class='ocr_line' id='line_1_8' title="bbox 86 1183 1396 1272; baseline -0.005 -19"><span class='ocrx_word' id='word_1_65' title='bbox 86 1189 141 1270; x_wconf 62' lang='lat' dir='ltr'>gin,</span> <span class='ocrx_word' id='word_1_66' title='bbox 163 1190 335 1272; x_wconf 85' lang='lat' dir='ltr'>magisque</span> <span class='ocrx_word' id='word_1_67' title='bbox 361 1187 522 1272; x_wconf 86' lang='lat' dir='ltr'>perlicere,</span> <span class='ocrx_word' id='word_1_68' title='bbox 545 1199 577 1252; x_wconf 91' lang='lat' dir='ltr'>et</span> <span class='ocrx_word' id='word_1_69' title='bbox 598 1188 731 1253; x_wconf 90' lang='lat' dir='ltr'>reddere</span> <span class='ocrx_word' id='word_1_70' title='bbox 758 1187 1004 1252; x_wconf 79' lang='lat' dir='ltr'>honoratiorem.</span> <span class='ocrx_word' id='word_1_71' title='bbox 1058 1185 1181 1250; x_wconf 77' lang='lat' dir='ltr'>Verum</span> <span class='ocrx_word' id='word_1_72' title='bbox 1201 1201 1277 1250; x_wconf 85' lang='lat' dir='ltr'>cum</span> <span class='ocrx_word' id='word_1_73' title='bbox 1298 1183 1396 1266; x_wconf 84' lang='lat' dir='ltr'>qnin-</span> 
     </span>
     <span class='ocr_line' id='line_1_9' title="bbox 87 1291 1394 1380; baseline -0.003 -18"><span class='ocrx_word' id='word_1_74' title='bbox 87 1307 124 1377; x_wconf 87' lang='lat' dir='ltr'>to,</span> <span class='ocrx_word' id='word_1_75' title='bbox 145 1308 179 1362; x_wconf 87' lang='lat' dir='ltr'>et</span> <span class='ocrx_word' id='word_1_76' title='bbox 198 1309 294 1362; x_wconf 87' lang='lat' dir='ltr'>serto</span> <span class='ocrx_word' id='word_1_77' title='bbox 315 1297 447 1364; x_wconf 87' lang='lat' dir='ltr'>saeculo</span> <span class='ocrx_word' id='word_1_78' title='bbox 467 1298 574 1362; x_wconf 83' lang='lat' dir='ltr'>caveri</span> <span class='ocrx_word' id='word_1_79' title='bbox 596 1295 757 1380; x_wconf 79' lang='lat' dir='ltr'>inciperet,</span> <span class='ocrx_word' id='word_1_80' title='bbox 782 1306 818 1360; x_wconf 91' lang='lat' dir='ltr'>nt</span> <span class='ocrx_word' id='word_1_81' title='bbox 839 1297 993 1362; x_wconf 87' lang='lat' dir='ltr'>monachi</span> <span class='ocrx_word' id='word_1_82' title='bbox 1016 1313 1151 1362; x_wconf 77' lang='lat' dir='ltr'>uxorem</span> <span class='ocrx_word' id='word_1_83' title='bbox 1172 1293 1328 1360; x_wconf 85' lang='lat' dir='ltr'>ducentes</span> <span class='ocrx_word' id='word_1_84' title='bbox 1350 1291 1394 1358; x_wconf 80' lang='lat' dir='ltr'>ad</span> 
     </span>
     <span class='ocr_line' id='line_1_10' title="bbox 86 1398 1393 1490; baseline -0.008 -16"><span class='ocrx_word' id='word_1_85' title='bbox 86 1409 316 1490; x_wconf 84' lang='lat' dir='ltr'>poenitentiam</span> <span class='ocrx_word' id='word_1_86' title='bbox 347 1405 585 1472; x_wconf 83' lang='lat' dir='ltr'>adducerentur</span> <span class='ocrx_word' id='word_1_87' title='bbox 617 1423 682 1470; x_wconf 89' lang='lat' dir='ltr'>non</span> <span class='ocrx_word' id='word_1_88' title='bbox 713 1405 801 1485; x_wconf 85' lang='lat' dir='ltr'>alibi,</span> <span class='ocrx_word' id='word_1_89' title='bbox 835 1423 936 1487; x_wconf 87' lang='lat' dir='ltr'>quam</span> <span class='ocrx_word' id='word_1_90' title='bbox 969 1405 1003 1468; x_wconf 92' lang='lat' dir='ltr'>in</span> <span class='ocrx_word' id='word_1_91' title='bbox 1036 1401 1170 1470; x_wconf 87' lang='lat' dir='ltr'>arctiore</span> <span class='ocrx_word' id='word_1_92' title='bbox 1205 1398 1393 1464; x_wconf 76' lang='lat' dir='ltr'>nonasterii</span> 
     </span>
     <span class='ocr_line' id='line_1_11' title="bbox 86 1507 1394 1598; baseline -0.011 -13"><span class='ocrx_word' id='word_1_93' title='bbox 86 1535 211 1584; x_wconf 76' lang='lat' dir='ltr'>moossn</span> <span class='ocrx_word' id='word_1_94' title='bbox 233 1516 450 1596; x_wconf 85' lang='lat' dir='ltr'>subeundam,</span> <span class='ocrx_word' id='word_1_95' title='bbox 473 1533 540 1598; x_wconf 90' lang='lat' dir='ltr'>qna</span> <span class='ocrx_word' id='word_1_96' title='bbox 562 1514 659 1594; x_wconf 84' lang='lat' dir='ltr'>lieret,</span> <span class='ocrx_word' id='word_1_97' title='bbox 683 1526 721 1580; x_wconf 90' lang='lat' dir='ltr'>ut</span> <span class='ocrx_word' id='word_1_98' title='bbox 741 1515 776 1578; x_wconf 90' lang='lat' dir='ltr'>in</span> <span class='ocrx_word' id='word_1_99' title='bbox 797 1513 996 1578; x_wconf 85' lang='lat' dir='ltr'>ilionaatario</span> <span class='ocrx_word' id='word_1_100' title='bbox 1017 1509 1177 1574; x_wconf 87' lang='lat' dir='ltr'>severiore</span> <span class='ocrx_word' id='word_1_101' title='bbox 1198 1507 1270 1590; x_wconf 84' lang='lat' dir='ltr'>lege</span> <span class='ocrx_word' id='word_1_102' title='bbox 1291 1507 1394 1570; x_wconf 77' lang='lat' dir='ltr'>vitam</span> 
     </span>
     <span class='ocr_line' id='line_1_12' title="bbox 85 1617 1394 1710; baseline -0.01 -18"><span class='ocrx_word' id='word_1_103' title='bbox 85 1637 237 1710; x_wconf 85' lang='lat' dir='ltr'>perpetuo</span> <span class='ocrx_word' id='word_1_104' title='bbox 259 1626 470 1705; x_wconf 73' lang='lat' dir='ltr'>traducerent,</span> <span class='ocrx_word' id='word_1_105' title='bbox 493 1625 578 1692; x_wconf 84' lang='lat' dir='ltr'>Nov.</span> <span class='ocrx_word' id='word_1_106' title='bbox 604 1623 673 1690; x_wconf 78' lang='lat'>123.</span> <span class='ocrx_word' id='word_1_107' title='bbox 694 1643 767 1708; x_wconf 91' lang='lat' dir='ltr'>cap.</span> <span class='ocrx_word' id='word_1_108' title='bbox 788 1623 851 1702; x_wconf 62' lang='lat' dir='ltr'>db,</span> <span class='ocrx_word' id='word_1_109' title='bbox 873 1641 946 1685; x_wconf 87' lang='lat' dir='ltr'>can.</span> <span class='ocrx_word' id='word_1_110' title='bbox 970 1622 1020 1684; x_wconf 81' lang='lat'>15.</span> <span class='ocrx_word' id='word_1_111' title='bbox 1038 1619 1087 1684; x_wconf 83' lang='grc'><strong>16.</strong></span> <span class='ocrx_word' id='word_1_112' title='bbox 1107 1617 1155 1684; x_wconf 66' lang='lat' dir='ltr'>th</span> <span class='ocrx_word' id='word_1_113' title='bbox 1172 1617 1287 1681; x_wconf 64' lang='grc'><strong>1139.</strong></span> <span class='ocrx_word' id='word_1_114' title='bbox 1302 1633 1394 1679; x_wconf 79' lang='lat' dir='ltr'>caua</span> 
     </span>
     <span class='ocr_line' id='line_1_13' title="bbox 86 1727 1458 1817; baseline -0.003 -19"><span class='ocrx_word' id='word_1_115' title='bbox 86 1730 133 1798; x_wconf 62' lang='lat' dir='ltr'>U.</span> <span class='ocrx_word' id='word_1_116' title='bbox 153 1743 282 1816; x_wconf 78' lang='lat' dir='ltr'>quaeat</span> <span class='ocrx_word' id='word_1_117' title='bbox 308 1735 346 1814; x_wconf 93' lang='grc'><strong>1.,</strong></span> <span class='ocrx_word' id='word_1_118' title='bbox 368 1733 397 1797; x_wconf 90' lang='lat' dir='ltr'>ai</span> <span class='ocrx_word' id='word_1_119' title='bbox 423 1753 490 1798; x_wconf 90' lang='lat' dir='ltr'>non</span> <span class='ocrx_word' id='word_1_120' title='bbox 512 1734 563 1814; x_wconf 86' lang='lat' dir='ltr'>iis,</span> <span class='ocrx_word' id='word_1_121' title='bbox 595 1731 720 1817; x_wconf 84' lang='lat' dir='ltr'>legibue</span> <span class='ocrx_word' id='word_1_122' title='bbox 751 1731 996 1798; x_wconf 81' lang='lat' dir='ltr'>matrimonium</span> <span class='ocrx_word' id='word_1_123' title='bbox 1028 1746 1181 1812; x_wconf 84' lang='lat' dir='ltr'>expresse</span> <span class='ocrx_word' id='word_1_124' title='bbox 1213 1727 1396 1790; x_wconf 85' lang='lat' dir='ltr'>irritabatur</span> <span class='ocrx_word' id='word_1_125' title='bbox 1451 1755 1458 1794; x_wconf 76' lang='grc'>;</span> 
     </span>
     <span class='ocr_line' id='line_1_14' title="bbox 85 1836 1397 1928; baseline -0.008 -21"><span class='ocrx_word' id='word_1_126' title='bbox 85 1841 202 1928; x_wconf 64' lang='lat' dir='ltr'>(nque</span> <span class='ocrx_word' id='word_1_127' title='bbox 224 1844 314 1906; x_wconf 88' lang='lat' dir='ltr'>enirn</span> <span class='ocrx_word' id='word_1_128' title='bbox 335 1854 416 1906; x_wconf 88' lang='lat' dir='ltr'>tunc</span> <span class='ocrx_word' id='word_1_129' title='bbox 447 1844 600 1926; x_wconf 75' lang='lat' dir='ltr'>temporie</span> <span class='ocrx_word' id='word_1_130' title='bbox 622 1841 736 1906; x_wconf 87' lang='lat' dir='ltr'>irritari</span> <span class='ocrx_word' id='word_1_131' title='bbox 767 1859 808 1904; x_wconf 89' lang='lat' dir='ltr'>ea</span> <span class='ocrx_word' id='word_1_132' title='bbox 840 1839 991 1924; x_wconf 87' lang='lat' dir='ltr'>conjugia</span> <span class='ocrx_word' id='word_1_133' title='bbox 1022 1856 1106 1922; x_wconf 83' lang='lat' dir='ltr'>opus</span> <span class='ocrx_word' id='word_1_134' title='bbox 1127 1846 1205 1914; x_wconf 87' lang='lat' dir='ltr'>erat,</span> <span class='ocrx_word' id='word_1_135' title='bbox 1226 1836 1269 1900; x_wconf 91' lang='lat' dir='ltr'>ob</span> <span class='ocrx_word' id='word_1_136' title='bbox 1291 1853 1397 1918; x_wconf 89' lang='lat' dir='ltr'>recep·</span> 
     </span>
     <span class='ocr_line' id='line_1_15' title="bbox 84 1949 1397 2038; baseline -0.003 -22"><span class='ocrx_word' id='word_1_137' title='bbox 84 1961 148 2018; x_wconf 77' lang='lat' dir='ltr'>tarn</span> <span class='ocrx_word' id='word_1_138' title='bbox 167 1955 412 2019; x_wconf 81' lang='lat' dir='ltr'>Iustinianeam</span> <span class='ocrx_word' id='word_1_139' title='bbox 433 1953 643 2038; x_wconf 78' lang='lat' dir='ltr'>disciplinam</span> <span class='ocrx_word' id='word_1_140' title='bbox 664 1971 743 2018; x_wconf 85' lang='lat' dir='ltr'>mox</span> <span class='ocrx_word' id='word_1_141' title='bbox 764 1949 1109 2034; x_wconf 87' lang='lat' dir='ltr'>commemorandam),</span> <span class='ocrx_word' id='word_1_142' title='bbox 1144 1959 1190 2012; x_wconf 89' lang='lat' dir='ltr'>tta</span> <span class='ocrx_word' id='word_1_143' title='bbox 1211 1961 1321 2012; x_wconf 88' lang='lat' dir='ltr'>tamen</span> <span class='ocrx_word' id='word_1_144' title='bbox 1344 1965 1397 2012; x_wconf 87' lang='lat' dir='ltr'>res</span> 
     </span>
     <span class='ocr_line' id='line_1_16' title="bbox 84 2058 1398 2144; baseline -0.002 -18"><span class='ocrx_word' id='word_1_145' title='bbox 84 2073 239 2126; x_wconf 79' lang='lat' dir='ltr'>aretusa</span> <span class='ocrx_word' id='word_1_146' title='bbox 270 2063 469 2144; x_wconf 83' lang='lat' dir='ltr'>confirmata,</span> <span class='ocrx_word' id='word_1_147' title='bbox 503 2083 542 2126; x_wconf 88' lang='lat' dir='ltr'>ec</span> <span class='ocrx_word' id='word_1_148' title='bbox 565 2065 592 2126; x_wconf 90' lang='lat' dir='ltr'>si</span> <span class='ocrx_word' id='word_1_149' title='bbox 615 2062 859 2128; x_wconf 87' lang='lat' dir='ltr'>matrimonium</span> <span class='ocrx_word' id='word_1_150' title='bbox 889 2079 954 2124; x_wconf 89' lang='lat' dir='ltr'>nen</span> <span class='ocrx_word' id='word_1_151' title='bbox 988 2059 1118 2138; x_wconf 84' lang='lat' dir='ltr'>valeret,</span> <span class='ocrx_word' id='word_1_152' title='bbox 1151 2077 1215 2123; x_wconf 90' lang='lat' dir='ltr'>uon</span> <span class='ocrx_word' id='word_1_153' title='bbox 1237 2058 1332 2140; x_wconf 87' lang='lat' dir='ltr'>quasi</span> <span class='ocrx_word' id='word_1_154' title='bbox 1352 2058 1398 2124; x_wconf 86' lang='lat' dir='ltr'>ab</span> 
     </span>
     <span class='ocr_line' id='line_1_17' title="bbox 84 2171 1396 2258; baseline 0 -22"><span class='ocrx_word' id='word_1_155' title='bbox 84 2173 172 2237; x_wconf 88' lang='lat' dir='ltr'>initio</span> <span class='ocrx_word' id='word_1_156' title='bbox 194 2173 332 2253; x_wconf 90' lang='lat' dir='ltr'>irritum,</span> <span class='ocrx_word' id='word_1_157' title='bbox 356 2174 412 2238; x_wconf 90' lang='lat' dir='ltr'>sed</span> <span class='ocrx_word' id='word_1_158' title='bbox 445 2175 540 2257; x_wconf 90' lang='lat' dir='ltr'>quasi</span> <span class='ocrx_word' id='word_1_159' title='bbox 573 2193 630 2258; x_wconf 89' lang='lat' dir='ltr'>per</span> <span class='ocrx_word' id='word_1_160' title='bbox 662 2191 848 2257; x_wconf 88' lang='lat' dir='ltr'>regressum</span> <span class='ocrx_word' id='word_1_161' title='bbox 885 2173 928 2236; x_wconf 91' lang='lat' dir='ltr'>ad</span> <span class='ocrx_word' id='word_1_162' title='bbox 960 2171 1158 2236; x_wconf 82' lang='lat' dir='ltr'>idonasteria</span> <span class='ocrx_word' id='word_1_163' title='bbox 1189 2172 1396 2236; x_wconf 84' lang='lat' dir='ltr'>dissolutum.</span> 
     </span>
     <span class='ocr_line' id='line_1_18' title="bbox 6 2276 1396 2372; baseline -0.003 -26"><span class='ocrx_word' id='word_1_164' title='bbox 6 2367 7 2372; x_wconf 5' lang='grc' dir='ltr'>ἵ</span> <span class='ocrx_word' id='word_1_165' title='bbox 82 2281 115 2346; x_wconf 80' lang='lat' dir='ltr'>Si</span> <span class='ocrx_word' id='word_1_166' title='bbox 135 2283 228 2346; x_wconf 83' lang='lat' dir='ltr'>enirn</span> <span class='ocrx_word' id='word_1_167' title='bbox 262 2282 313 2345; x_wconf 91' lang='lat' dir='ltr'>vel</span> <span class='ocrx_word' id='word_1_168' title='bbox 335 2283 445 2365; x_wconf 88' lang='lat' dir='ltr'>ipsum</span> <span class='ocrx_word' id='word_1_169' title='bbox 477 2284 536 2346; x_wconf 88' lang='lat' dir='ltr'>rite</span> <span class='ocrx_word' id='word_1_170' title='bbox 569 2293 771 2348; x_wconf 86' lang='lat' dir='ltr'>contractum</span> <span class='ocrx_word' id='word_1_171' title='bbox 800 2281 991 2365; x_wconf 89' lang='lat' dir='ltr'>conjuginm</span> <span class='ocrx_word' id='word_1_172' title='bbox 1022 2286 1043 2344; x_wconf 76' lang='lat' dir='ltr'>a</span> <span class='ocrx_word' id='word_1_173' title='bbox 1075 2281 1221 2362; x_wconf 71' lang='lat' dir='ltr'>pearsonis</span> <span class='ocrx_word' id='word_1_174' title='bbox 1243 2279 1285 2342; x_wconf 90' lang='lat' dir='ltr'>ab</span> <span class='ocrx_word' id='word_1_175' title='bbox 1306 2276 1396 2342; x_wconf 88' lang='lat' dir='ltr'>omni</span> 
     </span>
     <span class='ocr_line' id='line_1_19' title="bbox 6 2373 1395 2474; baseline -0.006 -16"><span class='ocrx_word' id='word_1_176' title='bbox 6 2373 7 2378; x_wconf 6' lang='grc' dir='ltr'>ἵ</span> <span class='ocrx_word' id='word_1_177' title='bbox 82 2393 301 2457; x_wconf 76' lang='lat' dir='ltr'>continentiae</span> <span class='ocrx_word' id='word_1_178' title='bbox 322 2402 399 2455; x_wconf 88' lang='lat' dir='ltr'>voto</span> <span class='ocrx_word' id='word_1_179' title='bbox 421 2391 537 2472; x_wconf 88' lang='lat' dir='ltr'>liberis,</span> <span class='ocrx_word' id='word_1_180' title='bbox 560 2411 616 2474; x_wconf 87' lang='lat' dir='ltr'>per</span> <span class='ocrx_word' id='word_1_181' title='bbox 637 2393 892 2474; x_wconf 84' lang='lat' dir='ltr'>subsequentem</span> <span class='ocrx_word' id='word_1_182' title='bbox 926 2389 1142 2452; x_wconf 86' lang='lat' dir='ltr'>monasticam</span> <span class='ocrx_word' id='word_1_183' title='bbox 1164 2387 1395 2470; x_wconf 79' lang='lat' dir='ltr'>protensionem</span> 
     </span>
     <span class='ocr_line' id='line_1_20' title="bbox 6 2496 1394 2583; baseline -0.005 -19"><span class='ocrx_word' id='word_1_184' title='bbox 6 2525 7 2580; x_wconf 75' lang='lat' dir='ltr'><strong>j</strong></span> <span class='ocrx_word' id='word_1_185' title='bbox 81 2501 225 2582; x_wconf 88' lang='lat' dir='ltr'>dissolvi,</span> <span class='ocrx_word' id='word_1_186' title='bbox 248 2512 328 2565; x_wconf 91' lang='lat' dir='ltr'>tunc</span> <span class='ocrx_word' id='word_1_187' title='bbox 350 2501 502 2583; x_wconf 90' lang='lat' dir='ltr'>temporis</span> <span class='ocrx_word' id='word_1_188' title='bbox 523 2499 735 2564; x_wconf 86' lang='lat' dir='ltr'>credebantur</span> <span class='ocrx_word' id='word_1_189' title='bbox 756 2521 798 2564; x_wconf 87' lang='lat' dir='ltr'>ex</span> <span class='ocrx_word' id='word_1_190' title='bbox 834 2500 961 2582; x_wconf 81' lang='lat' dir='ltr'>legibue</span> <span class='ocrx_word' id='word_1_191' title='bbox 993 2497 1215 2577; x_wconf 87' lang='lat' dir='ltr'>Justiniaueis,</span> <span class='ocrx_word' id='word_1_192' title='bbox 1238 2497 1259 2560; x_wconf 91' lang='lat' dir='ltr'>l.</span> <span class='ocrx_word' id='word_1_193' title='bbox 1282 2496 1332 2560; x_wconf 80' lang='lat'>53.</span> <span class='ocrx_word' id='word_1_194' title='bbox 1371 2499 1394 2564; x_wconf 90' lang='lat' dir='ltr'>i.</span> 
     </span>
     <span class='ocr_line' id='line_1_21' title="bbox 6 2605 1393 2691; baseline -0.009 -13"><span class='ocrx_word' id='word_1_195' title='bbox 6 2669 7 2678; x_wconf 40' lang='lat'>2</span> <span class='ocrx_word' id='word_1_196' title='bbox 82 2607 147 2687; x_wconf 83' lang='lat' dir='ltr'>ult,</span> <span class='ocrx_word' id='word_1_197' title='bbox 170 2608 193 2670; x_wconf 94' lang='lat' dir='ltr'>l.</span> <span class='ocrx_word' id='word_1_198' title='bbox 215 2609 268 2672; x_wconf 82' lang='lat'>66.</span> <span class='ocrx_word' id='word_1_199' title='bbox 290 2608 361 2672; x_wconf 89' lang='lat' dir='ltr'>cod.</span> <span class='ocrx_word' id='word_1_200' title='bbox 377 2607 418 2671; x_wconf 89' lang='lat' dir='ltr'>de</span> <span class='ocrx_word' id='word_1_201' title='bbox 440 2607 560 2691; x_wconf 78' lang='lat' dir='ltr'>Epire,</span> <span class='ocrx_word' id='word_1_202' title='bbox 583 2619 616 2670; x_wconf 89' lang='lat' dir='ltr'>et</span> <span class='ocrx_word' id='word_1_203' title='bbox 638 2605 762 2686; x_wconf 82' lang='lat' dir='ltr'>Cleric,</span> <span class='ocrx_word' id='word_1_204' title='bbox 786 2607 869 2670; x_wconf 89' lang='lat' dir='ltr'>Nov.</span> <span class='ocrx_word' id='word_1_205' title='bbox 892 2607 945 2670; x_wconf 81' lang='lat'>22·</span> <span class='ocrx_word' id='word_1_206' title='bbox 965 2625 1037 2688; x_wconf 91' lang='lat' dir='ltr'>cap.</span> <span class='ocrx_word' id='word_1_207' title='bbox 1060 2607 1099 2684; x_wconf 79' lang='lat'>6,</span> <span class='ocrx_word' id='word_1_208' title='bbox 1124 2605 1207 2668; x_wconf 88' lang='lat' dir='ltr'>Nov.</span> <span class='ocrx_word' id='word_1_209' title='bbox 1232 2605 1301 2668; x_wconf 85' lang='grc'><strong>117.</strong></span> <span class='ocrx_word' id='word_1_210' title='bbox 1323 2621 1393 2686; x_wconf 89' lang='lat' dir='ltr'>cap.</span> 
     </span>
     <span class='ocr_line' id='line_1_22' title="bbox 6 2713 1395 2802; baseline -0.004 -20"><span class='ocrx_word' id='word_1_211' title='bbox 6 2739 8 2798; x_wconf 62' lang='lat' dir='ltr'>t</span> <span class='ocrx_word' id='word_1_212' title='bbox 83 2719 138 2798; x_wconf 82' lang='lat'>12,</span> <span class='ocrx_word' id='word_1_213' title='bbox 164 2719 247 2782; x_wconf 85' lang='lat' dir='ltr'>Nov.</span> <span class='ocrx_word' id='word_1_214' title='bbox 274 2717 745 2802; x_wconf 79' lang='lat' dir='ltr'>123.eap.to.ponorej1ne</span> <span class='ocrx_word' id='word_1_215' title='bbox 766 2715 963 2779; x_wconf 85' lang='lat' dir='ltr'>dissolutum</span> <span class='ocrx_word' id='word_1_216' title='bbox 993 2713 1186 2778; x_wconf 80' lang='lat' dir='ltr'>censebatur</span> <span class='ocrx_word' id='word_1_217' title='bbox 1206 2713 1395 2795; x_wconf 78' lang='lat' dir='ltr'>conjugium</span> 
     </span>
     <span class='ocr_line' id='line_1_23' title="bbox 6 2822 1394 2911; baseline -0.006 -19"><span class='ocrx_word' id='word_1_218' title='bbox 6 2867 7 2874; x_wconf 24' lang='grc' dir='ltr'><strong>κ</strong></span> <span class='ocrx_word' id='word_1_219' title='bbox 81 2845 158 2892; x_wconf 89' lang='lat' dir='ltr'>cnm</span> <span class='ocrx_word' id='word_1_220' title='bbox 179 2827 300 2911; x_wconf 82' lang='lat' dir='ltr'>injuria</span> <span class='ocrx_word' id='word_1_221' title='bbox 321 2827 489 2908; x_wconf 88' lang='lat' dir='ltr'>religiosae</span> <span class='ocrx_word' id='word_1_222' title='bbox 510 2827 590 2892; x_wconf 89' lang='lat' dir='ltr'>olim</span> <span class='ocrx_word' id='word_1_223' title='bbox 612 2827 712 2891; x_wconf 83' lang='lat' dir='ltr'>initae</span> <span class='ocrx_word' id='word_1_224' title='bbox 747 2824 954 2907; x_wconf 82' lang='lat' dir='ltr'>professionis</span> <span class='ocrx_word' id='word_1_225' title='bbox 987 2833 1198 2902; x_wconf 84' lang='lat' dir='ltr'>contractum,</span> <span class='ocrx_word' id='word_1_226' title='bbox 1222 2822 1394 2886; x_wconf 81' lang='lat' dir='ltr'>statimne</span> 
     </span>
     <span class='ocr_line' id='line_1_24' title="bbox 6 2931 1394 3022; baseline -0.006 -20"><span class='ocrx_word' id='word_1_227' title='bbox 6 2999 7 3022; x_wconf 69' lang='lat'>,</span> <span class='ocrx_word' id='word_1_228' title='bbox 81 2939 201 3022; x_wconf 85' lang='lat' dir='ltr'>conjux</span> <span class='ocrx_word' id='word_1_229' title='bbox 232 2938 349 3000; x_wconf 90' lang='lat' dir='ltr'>iterum</span> <span class='ocrx_word' id='word_1_230' title='bbox 380 2935 423 3000; x_wconf 88' lang='lat' dir='ltr'>ad</span> <span class='ocrx_word' id='word_1_231' title='bbox 456 2935 702 3014; x_wconf 80' lang='lat' dir='ltr'>Monasterium,</span> <span class='ocrx_word' id='word_1_232' title='bbox 725 2936 893 3014; x_wconf 84' lang='lat' dir='ltr'>vitamque</span> <span class='ocrx_word' id='word_1_233' title='bbox 923 2933 1138 2998; x_wconf 81' lang='lat' dir='ltr'>monasticam</span> <span class='ocrx_word' id='word_1_234' title='bbox 1171 2931 1394 3012; x_wconf 71' lang='lat' dir='ltr'>reducebatuu</span> 
     </span>
     <span class='ocr_line' id='line_1_25' title="bbox 6 3041 1394 3130; baseline -0.003 -21"><span class='ocrx_word' id='word_1_235' title='bbox 6 3097 8 3130; x_wconf 79' lang='lat'>,</span> <span class='ocrx_word' id='word_1_236' title='bbox 81 3045 168 3109; x_wconf 85' lang='lat' dir='ltr'>unde</span> <span class='ocrx_word' id='word_1_237' title='bbox 202 3062 328 3125; x_wconf 84' lang='lat' dir='ltr'>perum,</span> <span class='ocrx_word' id='word_1_238' title='bbox 365 3054 423 3108; x_wconf 86' lang='lat' dir='ltr'>ant</span> <span class='ocrx_word' id='word_1_239' title='bbox 454 3045 512 3107; x_wconf 82' lang='lat' dir='ltr'>vix</span> <span class='ocrx_word' id='word_1_240' title='bbox 549 3044 709 3122; x_wconf 85' lang='lat' dir='ltr'>intererat,</span> <span class='ocrx_word' id='word_1_241' title='bbox 747 3041 913 3108; x_wconf 84' lang='lat' dir='ltr'>decretum</span> <span class='ocrx_word' id='word_1_242' title='bbox 948 3042 1077 3106; x_wconf 87' lang='lat' dir='ltr'>irritans</span> <span class='ocrx_word' id='word_1_243' title='bbox 1114 3041 1178 3125; x_wconf 88' lang='lat' dir='ltr'>legi</span> <span class='ocrx_word' id='word_1_244' title='bbox 1213 3041 1394 3124; x_wconf 87' lang='lat' dir='ltr'>prohibenti</span> 
     </span>
     <span class='ocr_line' id='line_1_26' title="bbox 6 3141 1396 3234; baseline 0.003 -22"><span class='ocrx_word' id='word_1_245' title='bbox 6 3141 8 3200; x_wconf 70' lang='lat' dir='ltr'>i</span> <span class='ocrx_word' id='word_1_246' title='bbox 80 3147 228 3234; x_wconf 80' lang='lat' dir='ltr'>adjicere.</span> <span class='ocrx_word' id='word_1_247' title='bbox 250 3149 383 3231; x_wconf 87' lang='lat' dir='ltr'>qnando</span> <span class='ocrx_word' id='word_1_248' title='bbox 409 3161 481 3233; x_wconf 89' lang='lat' dir='ltr'>post</span> <span class='ocrx_word' id='word_1_249' title='bbox 507 3171 695 3234; x_wconf 84' lang='lat' dir='ltr'>regressum</span> <span class='ocrx_word' id='word_1_250' title='bbox 728 3151 772 3214; x_wconf 91' lang='lat' dir='ltr'>ad</span> <span class='ocrx_word' id='word_1_251' title='bbox 803 3151 1051 3230; x_wconf 81' lang='lat' dir='ltr'>Menanterium,</span> <span class='ocrx_word' id='word_1_252' title='bbox 1082 3150 1129 3214; x_wconf 87' lang='lat' dir='ltr'>ita</span> <span class='ocrx_word' id='word_1_253' title='bbox 1150 3152 1396 3216; x_wconf 84' lang='lat' dir='ltr'>matrimonium</span> 
     </span>
     <span class='ocr_line' id='line_1_27' title="bbox 6 3256 1394 3360; baseline 0.002 -38"><span class='ocrx_word' id='word_1_254' title='bbox 6 3307 8 3360; x_wconf 58' lang='grc'><strong>,</strong></span> <span class='ocrx_word' id='word_1_255' title='bbox 81 3256 270 3336; x_wconf 85' lang='lat' dir='ltr'>habebatur,</span> <span class='ocrx_word' id='word_1_256' title='bbox 294 3259 383 3324; x_wconf 89' lang='lat' dir='ltr'>acsi</span> <span class='ocrx_word' id='word_1_257' title='bbox 405 3259 495 3322; x_wconf 93' lang='lat' dir='ltr'>nullo</span> <span class='ocrx_word' id='word_1_258' title='bbox 525 3260 623 3324; x_wconf 90' lang='lat' dir='ltr'>modo</span> <span class='ocrx_word' id='word_1_259' title='bbox 654 3262 851 3326; x_wconf 87' lang='lat' dir='ltr'>consisteret.</span> <span class='ocrx_word' id='word_1_260' title='bbox 909 3261 1038 3326; x_wconf 86' lang='lat' dir='ltr'>Eodem</span> <span class='ocrx_word' id='word_1_261' title='bbox 1071 3271 1165 3324; x_wconf 84' lang='lat' dir='ltr'>sexto</span> <span class='ocrx_word' id='word_1_262' title='bbox 1198 3261 1328 3324; x_wconf 84' lang='lat' dir='ltr'>saeculo</span> <span class='ocrx_word' id='word_1_263' title='bbox 1358 3261 1394 3325; x_wconf 92' lang='lat' dir='ltr'>in</span> 
     </span>
     <span class='ocr_line' id='line_1_28' title="bbox 6 3363 1394 3456; baseline 0.005 -27"><span class='ocrx_word' id='word_1_264' title='bbox 6 3369 7 3456; x_wconf 65' lang='lat' dir='ltr'>J</span> <span class='ocrx_word' id='word_1_265' title='bbox 82 3363 259 3430; x_wconf 86' lang='lat' dir='ltr'>Occidente</span> <span class='ocrx_word' id='word_1_266' title='bbox 279 3365 464 3432; x_wconf 88' lang='lat' dir='ltr'>communis</span> <span class='ocrx_word' id='word_1_267' title='bbox 485 3365 555 3430; x_wconf 81' lang='lat' dir='ltr'>ien&#39;</span> <span class='ocrx_word' id='word_1_268' title='bbox 576 3369 682 3452; x_wconf 89' lang='lat' dir='ltr'>coepit</span> <span class='ocrx_word' id='word_1_269' title='bbox 709 3369 880 3432; x_wconf 83' lang='lat' dir='ltr'>monachia</span> <span class='ocrx_word' id='word_1_270' title='bbox 903 3370 1064 3435; x_wconf 81' lang='lat' dir='ltr'>universis</span> <span class='ocrx_word' id='word_1_271' title='bbox 1083 3370 1118 3434; x_wconf 80' lang='lat' dir='ltr'>S.</span> <span class='ocrx_word' id='word_1_272' title='bbox 1140 3369 1308 3434; x_wconf 87' lang='lat' dir='ltr'>Benedicti</span> <span class='ocrx_word' id='word_1_273' title='bbox 1330 3372 1394 3436; x_wconf 89' lang='lat' dir='ltr'>Re-</span> 
     </span>
     <span class='ocr_line' id='line_1_29' title="bbox 81 3477 1395 3564; baseline 0.006 -23"><span class='ocrx_word' id='word_1_274' title='bbox 81 3478 166 3559; x_wconf 87' lang='lat' dir='ltr'>gula,</span> <span class='ocrx_word' id='word_1_275' title='bbox 189 3487 224 3540; x_wconf 89' lang='lat' dir='ltr'>et</span> <span class='ocrx_word' id='word_1_276' title='bbox 247 3495 314 3539; x_wconf 91' lang='lat' dir='ltr'>una</span> <span class='ocrx_word' id='word_1_277' title='bbox 335 3477 441 3559; x_wconf 89' lang='lat' dir='ltr'>viguit</span> <span class='ocrx_word' id='word_1_278' title='bbox 461 3477 551 3561; x_wconf 91' lang='lat' dir='ltr'>apud</span> <span class='ocrx_word' id='word_1_279' title='bbox 572 3499 686 3544; x_wconf 91' lang='lat' dir='ltr'>omnes</span> <span class='ocrx_word' id='word_1_280' title='bbox 708 3499 813 3564; x_wconf 87' lang='lat' dir='ltr'>usqne</span> <span class='ocrx_word' id='word_1_281' title='bbox 834 3481 878 3544; x_wconf 87' lang='lat' dir='ltr'>ad</span> <span class='ocrx_word' id='word_1_282' title='bbox 910 3481 1079 3546; x_wconf 89' lang='lat' dir='ltr'>saeculum</span> <span class='ocrx_word' id='word_1_283' title='bbox 1102 3481 1270 3546; x_wconf 83' lang='lat' dir='ltr'>Ecclesiae</span> <span class='ocrx_word' id='word_1_284' title='bbox 1291 3483 1395 3548; x_wconf 86' lang='lat' dir='ltr'>unde·</span> 
     </span>
     <span class='ocr_line' id='line_1_30' title="bbox 81 3589 1393 3680; baseline 0.005 -26"><span class='ocrx_word' id='word_1_285' title='bbox 81 3590 409 3670; x_wconf 82' lang='lat' dir='ltr'>cimum31umvero</span> <span class='ocrx_word' id='word_1_286' title='bbox 430 3589 487 3653; x_wconf 91' lang='lat' dir='ltr'>ubi</span> <span class='ocrx_word' id='word_1_287' title='bbox 509 3592 566 3673; x_wconf 89' lang='lat' dir='ltr'>qui</span> <span class='ocrx_word' id='word_1_288' title='bbox 595 3611 639 3655; x_wconf 85' lang='lat' dir='ltr'>ex</span> <span class='ocrx_word' id='word_1_289' title='bbox 670 3593 840 3656; x_wconf 86' lang='lat' dir='ltr'>monachia</span> <span class='ocrx_word' id='word_1_290' title='bbox 873 3591 1070 3658; x_wconf 76' lang='lat' dir='ltr'>Menanterio</span> <span class='ocrx_word' id='word_1_291' title='bbox 1102 3593 1212 3657; x_wconf 89' lang='lat' dir='ltr'>relicto</span> <span class='ocrx_word' id='word_1_292' title='bbox 1240 3597 1393 3680; x_wconf 86' lang='lat' dir='ltr'>conjugia</span> 
     </span>
     <span class='ocr_line' id='line_1_31' title="bbox 82 3697 1393 3784; baseline 0.008 -23"><span class='ocrx_word' id='word_1_293' title='bbox 82 3697 236 3776; x_wconf 75' lang='lat' dir='ltr'>inivisset,</span> <span class='ocrx_word' id='word_1_294' title='bbox 276 3706 452 3760; x_wconf 84' lang='lat' dir='ltr'>renovatae</span> <span class='ocrx_word' id='word_1_295' title='bbox 488 3697 620 3763; x_wconf 85' lang='lat' dir='ltr'>iuerrrnt</span> <span class='ocrx_word' id='word_1_296' title='bbox 656 3713 780 3766; x_wconf 88' lang='lat' dir='ltr'>veteres</span> <span class='ocrx_word' id='word_1_297' title='bbox 816 3701 904 3784; x_wconf 86' lang='lat' dir='ltr'>leges</span> <span class='ocrx_word' id='word_1_298' title='bbox 935 3703 968 3765; x_wconf 93' lang='lat' dir='ltr'>in</span> <span class='ocrx_word' id='word_1_299' title='bbox 1007 3702 1153 3767; x_wconf 86' lang='lat' dir='ltr'>Concilio</span> <span class='ocrx_word' id='word_1_300' title='bbox 1188 3705 1393 3772; x_wconf 86' lang='lat' dir='ltr'>Triburiensi</span> 
     </span>
     <span class='ocr_line' id='line_1_32' title="bbox 81 3801 1392 3894; baseline 0.005 -23"><span class='ocrx_word' id='word_1_301' title='bbox 81 3823 147 3871; x_wconf 77' lang='lat' dir='ltr'>con.</span> <span class='ocrx_word' id='word_1_302' title='bbox 174 3805 225 3868; x_wconf 90' lang='lat' dir='ltr'>ll.</span> <span class='ocrx_word' id='word_1_303' title='bbox 251 3801 299 3866; x_wconf 81' lang='lat'>12.</span> <span class='ocrx_word' id='word_1_304' title='bbox 327 3803 384 3883; x_wconf 82' lang='lat'>13,</span> <span class='ocrx_word' id='word_1_305' title='bbox 406 3814 439 3868; x_wconf 87' lang='lat' dir='ltr'>et</span> <span class='ocrx_word' id='word_1_306' title='bbox 461 3805 510 3870; x_wconf 84' lang='lat' dir='ltr'>lt.</span> <span class='ocrx_word' id='word_1_307' title='bbox 532 3826 622 3870; x_wconf 82' lang='lat' dir='ltr'>cntra.</span> <span class='ocrx_word' id='word_1_308' title='bbox 645 3806 697 3871; x_wconf 78' lang='lat' dir='ltr'>nt.</span> <span class='ocrx_word' id='word_1_309' title='bbox 720 3819 845 3890; x_wconf 82' lang='lat' dir='ltr'>quaest.</span> <span class='ocrx_word' id='word_1_310' title='bbox 872 3813 907 3886; x_wconf 89' lang='grc'><strong>1.,</strong></span> <span class='ocrx_word' id='word_1_311' title='bbox 941 3819 1149 3894; x_wconf 87' lang='lat' dir='ltr'>cautumque,</span> <span class='ocrx_word' id='word_1_312' title='bbox 1172 3822 1208 3876; x_wconf 90' lang='lat' dir='ltr'>nt</span> <span class='ocrx_word' id='word_1_313' title='bbox 1238 3813 1392 3879; x_wconf 87' lang='lat' dir='ltr'>monachi</span> 
     </span>
     <span class='ocr_line' id='line_1_33' title="bbox 81 3907 1390 4004; baseline 0.005 -25"><span class='ocrx_word' id='word_1_314' title='bbox 81 3914 210 3996; x_wconf 82' lang='lat' dir='ltr'>regulae</span> <span class='ocrx_word' id='word_1_315' title='bbox 231 3911 411 3980; x_wconf 82' lang='lat' dir='ltr'>desertores</span> <span class='ocrx_word' id='word_1_316' title='bbox 433 3914 476 3978; x_wconf 87' lang='lat' dir='ltr'>ad</span> <span class='ocrx_word' id='word_1_317' title='bbox 508 3917 743 3984; x_wconf 80' lang='lat' dir='ltr'>Menanterinm</span> <span class='ocrx_word' id='word_1_318' title='bbox 775 3907 874 3982; x_wconf 70' lang='lat' dir='ltr'>cusin</span> <span class='ocrx_word' id='word_1_319' title='bbox 907 3919 1001 3983; x_wconf 89' lang='lat' dir='ltr'>inviti</span> <span class='ocrx_word' id='word_1_320' title='bbox 1034 3918 1270 4001; x_wconf 85' lang='lat' dir='ltr'>reducerentur,</span> <span class='ocrx_word' id='word_1_321' title='bbox 1301 3921 1390 4004; x_wconf 89' lang='lat' dir='ltr'>qnod</span> 
     </span>
     <span class='ocr_line' id='line_1_34' title="bbox 81 4021 1390 4115; baseline 0.005 -27"><span class='ocrx_word' id='word_1_322' title='bbox 81 4029 153 4088; x_wconf 86' lang='lat' dir='ltr'>satis</span> <span class='ocrx_word' id='word_1_323' title='bbox 177 4021 351 4086; x_wconf 86' lang='lat' dir='ltr'>videbatur</span> <span class='ocrx_word' id='word_1_324' title='bbox 371 4023 415 4086; x_wconf 93' lang='lat' dir='ltr'>ad</span> <span class='ocrx_word' id='word_1_325' title='bbox 436 4023 568 4088; x_wconf 89' lang='lat' dir='ltr'>eosdem</span> <span class='ocrx_word' id='word_1_326' title='bbox 591 4027 768 4090; x_wconf 87' lang='lat' dir='ltr'>monachos</span> <span class='ocrx_word' id='word_1_327' title='bbox 782 4031 804 4091; x_wconf 75' lang='lat' dir='ltr'>a</span> <span class='ocrx_word' id='word_1_328' title='bbox 820 4027 988 4090; x_wconf 84' lang='lat' dir='ltr'>voluntate</span> <span class='ocrx_word' id='word_1_329' title='bbox 1003 4028 1148 4110; x_wconf 91' lang='lat' dir='ltr'>ineundi,</span> <span class='ocrx_word' id='word_1_330' title='bbox 1163 4031 1390 4115; x_wconf 87' lang='lat' dir='ltr'>conjugiiavo-</span> 
     </span>
     <span class='ocr_line' id='line_1_35' title="bbox 81 4135 1389 4223; baseline 0.008 -23"><span class='ocrx_word' id='word_1_331' title='bbox 81 4136 211 4218; x_wconf 74' lang='lat' dir='ltr'>candos,</span> <span class='ocrx_word' id='word_1_332' title='bbox 234 4153 280 4198; x_wconf 86' lang='lat' dir='ltr'>an</span> <span class='ocrx_word' id='word_1_333' title='bbox 302 4153 379 4198; x_wconf 88' lang='lat' dir='ltr'>vero</span> <span class='ocrx_word' id='word_1_334' title='bbox 401 4135 630 4202; x_wconf 84' lang='lat' dir='ltr'>dissolveretur</span> <span class='ocrx_word' id='word_1_335' title='bbox 650 4140 793 4223; x_wconf 90' lang='lat' dir='ltr'>conjugii</span> <span class='ocrx_word' id='word_1_336' title='bbox 816 4139 996 4220; x_wconf 88' lang='lat' dir='ltr'>vinculum,</span> <span class='ocrx_word' id='word_1_337' title='bbox 1026 4143 1109 4208; x_wconf 90' lang='lat' dir='ltr'>mibi</span> <span class='ocrx_word' id='word_1_338' title='bbox 1141 4163 1206 4208; x_wconf 93' lang='lat' dir='ltr'>nou</span> <span class='ocrx_word' id='word_1_339' title='bbox 1240 4146 1319 4208; x_wconf 88' lang='lat' dir='ltr'>satis</span> <span class='ocrx_word' id='word_1_340' title='bbox 1352 4147 1389 4212; x_wconf 90' lang='lat' dir='ltr'>li·</span> 
     </span>
     <span class='ocr_line' id='line_1_36' title="bbox 82 4245 1388 4335; baseline 0.011 -26"><span class='ocrx_word' id='word_1_341' title='bbox 82 4257 162 4328; x_wconf 88' lang='lat' dir='ltr'>quet,</span> <span class='ocrx_word' id='word_1_342' title='bbox 185 4246 266 4328; x_wconf 86' lang='lat' dir='ltr'>qnia</span> <span class='ocrx_word' id='word_1_343' title='bbox 287 4263 355 4308; x_wconf 89' lang='lat' dir='ltr'>non</span> <span class='ocrx_word' id='word_1_344' title='bbox 376 4245 455 4310; x_wconf 83' lang='lat' dir='ltr'>satis</span> <span class='ocrx_word' id='word_1_345' title='bbox 477 4258 679 4331; x_wconf 87' lang='lat' dir='ltr'>perspectum</span> <span class='ocrx_word' id='word_1_346' title='bbox 702 4248 815 4329; x_wconf 88' lang='lat' dir='ltr'>babeo,</span> <span class='ocrx_word' id='word_1_347' title='bbox 831 4269 897 4332; x_wconf 90' lang='lat' dir='ltr'>qno</span> <span class='ocrx_word' id='word_1_348' title='bbox 912 4251 1053 4334; x_wconf 88' lang='lat' dir='ltr'>primum</span> <span class='ocrx_word' id='word_1_349' title='bbox 1069 4264 1210 4335; x_wconf 88' lang='lat' dir='ltr'>ternpore</span> <span class='ocrx_word' id='word_1_350' title='bbox 1224 4273 1388 4324; x_wconf 87' lang='lat' dir='ltr'>recessum</span> 
     </span>
    </p>
   </div>
   <div class='ocr_carea' id='block_1_5' title="bbox 6 4351 1501 4442">
    <p class='ocr_par' dir='ltr' id='par_1_5' title="bbox 6 4351 1501 4442">
     <span class='ocr_line' id='line_1_37' title="bbox 6 4351 1501 4442; baseline 0.008 -27"><span class='ocrx_word' id='word_1_351' title='bbox 6 4375 7 4438; x_wconf 77' lang='lat' dir='ltr'>j</span> <span class='ocrx_word' id='word_1_352' title='bbox 83 4351 174 4418; x_wconf 84' lang='lat' dir='ltr'>fuerit</span> <span class='ocrx_word' id='word_1_353' title='bbox 194 4360 217 4419; x_wconf 79' lang='lat' dir='ltr'>a</span> <span class='ocrx_word' id='word_1_354' title='bbox 237 4351 412 4437; x_wconf 89' lang='lat' dir='ltr'>disciplina</span> <span class='ocrx_word' id='word_1_355' title='bbox 443 4355 650 4420; x_wconf 85' lang='lat' dir='ltr'>Justinianes</span> <span class='ocrx_word' id='word_1_356' title='bbox 671 4356 768 4422; x_wconf 90' lang='lat' dir='ltr'>modo</span> <span class='ocrx_word' id='word_1_357' title='bbox 791 4371 1052 4438; x_wconf 85' lang='lat' dir='ltr'>commemorata,</span> <span class='ocrx_word' id='word_1_358' title='bbox 1082 4361 1179 4442; x_wconf 81' lang='lat' dir='ltr'>J‘uxta</span> <span class='ocrx_word' id='word_1_359' title='bbox 1200 4377 1300 4442; x_wconf 88' lang='lat' dir='ltr'>qnam</span> <span class='ocrx_word' id='word_1_360' title='bbox 1321 4381 1387 4426; x_wconf 79' lang='lat' dir='ltr'>cre·</span> <span class='ocrx_word' id='word_1_361' title='bbox 1498 4361 1501 4374; x_wconf 93' lang='lat'>&#39;</span> 
     </span>
    </p>
   </div>
   <div class='ocr_carea' id='block_1_6' title="bbox 6 4459 1389 4620">
    <p class='ocr_par' dir='ltr' id='par_1_6' title="bbox 6 4459 1389 4620">
     <span class='ocr_line' id='line_1_38' title="bbox 6 4459 1389 4620; baseline 0.009 -95"><span class='ocrx_word' id='word_1_362' title='bbox 6 4511 7 4516; x_wconf 30' lang='lat'>1</span> <span class='ocrx_word' id='word_1_363' title='bbox 85 4459 224 4545; x_wconf 87' lang='lat' dir='ltr'>debatur,</span> <span class='ocrx_word' id='word_1_364' title='bbox 250 4481 308 4549; x_wconf 89' lang='lat' dir='ltr'>per</span> <span class='ocrx_word' id='word_1_365' title='bbox 340 4463 532 4548; x_wconf 86' lang='lat' dir='ltr'>ingressum,</span> <span class='ocrx_word' id='word_1_366' title='bbox 555 4476 613 4530; x_wconf 88' lang='lat' dir='ltr'>ant</span> <span class='ocrx_word' id='word_1_367' title='bbox 633 4483 815 4550; x_wconf 85' lang='lat' dir='ltr'>regressum</span> <span class='ocrx_word' id='word_1_368' title='bbox 838 4471 873 4534; x_wconf 92' lang='lat' dir='ltr'>in</span> <span class='ocrx_word' id='word_1_369' title='bbox 894 4469 1308 4620; x_wconf 40' lang='lat' dir='ltr'>‘ffligimfifflfffimm</span> <span class='ocrx_word' id='word_1_370' title='bbox 1329 4472 1389 4538; x_wconf 90' lang='lat' dir='ltr'>rite</span> 
     </span>
     <span class='ocr_line' id='line_1_39' title="bbox 937 4574 1175 4619; baseline 0 -2"><span class='ocrx_word' id='word_1_371' title='bbox 937 4574 995 4619; x_wconf 84' lang='lat' dir='ltr'>ou.</span> <span class='ocrx_word' id='word_1_372' title='bbox 1069 4601 1076 4619; x_wconf 90' lang='lat'><strong>.</strong></span> <span class='ocrx_word' id='word_1_373' title='bbox 1168 4601 1175 4617; x_wconf 94' lang='lat'><strong>.</strong></span> 
     </span>
    </p>
   </div>
   <div class='ocr_carea' id='block_1_7' title="bbox 0 0 1588 4982">
    <p class='ocr_par' dir='ltr' id='par_1_7' title="bbox 0 0 1588 4982">
     <span class='ocr_line' id='line_1_40' title="bbox 0 0 1588 4982; baseline 0 1"><span class='ocrx_word' id='word_1_374' title='bbox 0 0 1588 4982; x_wconf 95' lang='lat' dir='ltr'> </span> 
     </span>
    </p>
   </div>
  </div>
 </body>
</html>
