3210 4990
591 407 832 454 arasasra'rro
854 409 1010 473 aurare,
1033 411 1110 458 car.
1135 390 1178 460 11.

774 531 926 598 CAPUT
946 533 988 598 11.

419 805 474 870 De
487 808 541 887 iis,
557 807 615 896 qni
628 816 755 874 nolana
769 809 966 894 conjuginm
979 810 1167 876 contrahere
1180 819 1355 896 nequeunt.

229 1057 324 1270 EX
354 1201 427 1284 jure
462 1210 597 1264 naturae
632 1199 821 1284 conjugium
855 1197 1044 1264 contrahere
1078 1201 1295 1286 prohibentur,
1331 1201 1540 1286 quicumque

229 1307 467 1389 canseaetatis,
484 1309 713 1372 autnaturalis
738 1309 953 1394 impotentiae,
980 1327 1039 1372 seu
1066 1327 1167 1371 causa
1183 1306 1305 1388 luroris,
1335 1319 1392 1374 aut
1420 1327 1540 1372 amen·

176 1463 179 1468 ·
228 1424 292 1486 tiae
307 1421 360 1485 vel
374 1421 457 1484 coire
473 1439 538 1484 non
553 1431 697 1504 possunt,
719 1419 771 1482 vel
786 1439 957 1483 assensum
986 1429 1156 1503 praestare.
1200 1419 1256 1483 Ex
1284 1439 1386 1484 causa
1415 1421 1540 1485 aetatis

227 1535 435 1620 probibentur
449 1533 506 1614 illi,
521 1533 577 1616 qui
591 1531 737 1596 nondum
762 1533 898 1615 puberes
912 1542 990 1596 sunt
1004 1529 1150 1612 masculi,
1180 1543 1235 1595 aut
1251 1532 1398 1596 nondum
1413 1531 1537 1616 viripo

227 1655 332 1709 tentes
345 1641 494 1722 feminae,
504 1643 573 1704 sive
588 1640 676 1724 quod
690 1641 725 1704 in
740 1639 809 1704 istis
824 1637 1149 1722 noudum-praesumi
1163 1651 1262 1722 queat
1276 1659 1362 1722 vera,
1378 1639 1538 1724 perlecta·

226 1773 290 1838 que
312 1751 491 1832 consensi0;
518 1767 603 1832 quae
625 1749 782 1832 eonjugiis
811 1747 947 1812 formam
963 1747 1102 1830 praebet,
1133 1747 1202 1812 sive
1231 1749 1318 1832 quod
1349 1747 1431 1813 desit
1460 1749 1540 1814 istis

224 1860 400 1946 generandi
429 1869 578 1944 potestas,
607 1877 677 1939 cap.
707 1856 737 1920 8.
767 1855 808 1918 de
837 1855 988 1940 despons.
1017 1855 1172 1940 impuber.
1202 1877 1263 1921 can
1292 1859 1340 1922 11.
1356 1877 1445 1922 caus.
1477 1859 1537 1924 30.

223 1981 346 2054 quaest.
362 1969 401 2048 2,
418 1967 438 2031 l.
454 1968 483 2031 4.
499 1965 532 2030 ff.
562 1965 603 2028 de
618 1966 681 2028 ritu
709 1964 856 2048 nuptiar,
888 1983 931 2028 ex
955 1959 1020 2046 q'uo
1043 1967 1196 2048 sequitur,
1224 1967 1287 2031 hoc
1316 1967 1534 2052 impedimen-

223 2093 302 2157 tum,
317 2099 393 2144 cum
408 2079 451 2142 ad
466 2077 681 2142 substantiam
696 2073 892 2138 matrimonii
907 2071 1067 2156 reseratur,
1084 2076 1117 2139 in
1143 2095 1337 2158 caussasse,
1354 2092 1391 2142 ut
1420 2079 1537 2144 matri-

223 2189 369 2254 monium
384 2205 422 2250 eo
437 2204 502 2250 non
528 2185 675 2248 obstante
703 2193 914 2262 contractum,
944 2181 1069 2246 irritum
1097 2181 1226 2266 penitus
1256 2181 1298 2246 sit
1326 2183 1535 2248 habendum.

223 2299 319 2364 Forte
333 2313 532 2378 quemquam
556 2292 682 2356 turbare
712 2291 824 2374 poterit
840 2289 1020 2374 capitulum
1048 2291 1078 2354 2.
1109 2291 1149 2354 da
1179 2291 1362 2376 desponsat.
1392 2291 1534 2376 impub.,

220 2407 276 2470 ubi
291 2404 492 2478 ¹constituitur
507 2401 648 2486 quidem,
665 2419 729 2463 non
744 2397 807 2462 nisi
822 2409 893 2482 post
922 2395 1101 2484 legitimam
1129 2405 1268 2466 aetatem
1293 2401 1438 2466 contrabi
1454 2419 1534 2484 pos-

218 2533 253 2578 se
267 2513 427 2600 conjugia;
444 2512 553 2576 statim
569 2521 679 2572 tamen
694 2507 850 2592 adjicitur,
866 2507 1045 2590 aliquando
1064 2529 1159 2594 posse
1174 2530 1247 2574 eam
1262 2510 1533 2595 conjunctionem

216 2627 367 2706 tolerari,·
381 2643 484 2708 quum
499 2621 652 2688 nimirum
667 2619 910 2702 urgentissima
924 2621 1102 2686 moremus
1116 2623 1322 2702 intervertat,
1338 2622 1449 2710 utpote
1462 2643 1535 2708 pro

217 2733 297 2800 bono
308 2731 413 2816 pacis.
448 2729 520 2812 Ego
535 2729 569 2792 in
584 2725 664 2790 meis
679 2725 940 2791 adnotationibus
955 2727 990 2792 iu
1005 2748 1146 2794 canones
1162 2727 1352 2793 Gratian'eos
1367 2729 1409 2794 ad
1425 2749 1531 2794 cano·

218 2859 295 2906 nem
311 2841 339 2902 1.
355 2857 443 2902 caus.
459 2835 510 2900 30.
526 2833 706 2918 quaesta,
722 2853 763 2898 ex
778 2854 844 2918 quo
858 2833 982 2900 dictum
996 2831 1176 2920 capitulum
1191 2833 1419 2919 depromptum
1435 2835 1534 2900 ride-

218 2963 278 3032 tur,
289 2952 359 3034 jam
374 2957 622 3012 monumentum
638 2945 725 3010 istud
740 2947 963 3030 apocryphum
986 2967 1058 3012 esse
1078 2947 1234 3032 judicavi,
1245 2949 1431 3031 praesertim
1447 2968 1532 3014 vero

218 3069 376 3141 tanquam
391 3039 563 3120 recentiore
578 3073 680 3118 manu
692 3053 817 3140 adjecta
829 3049 919 3138 rejeci
930 3065 1091 3138 postrema
1103 3053 1161 3118 illa
1171 3055 1307 3140 capituli
1317 3057 1425 3136 verba,
1438 3077 1531 3140 quae

218 3165 442 3232 difficultatem
458 3163 627 3227 inducunt:
672 3163 750 3228 Nisi
755 3163 849 3246 sorte
864 3161 980 3248 aliqua
994 3165 1238 3248 urgentissima
1252 3167 1444 3232 rncessitcte
1460 3167 1531 3252 dc.

217 3291 419 3356 quamquam
433 3270 615 3334 habeantur
629 3267 663 3334 in
677 3269 781 3352 prima
795 3268 983 3334 collectione
1012 3271 1240 3354 Decretalium,
1255 3295 1326 3358 cap.
1341 3275 1371 3339 t.
1395 3275 1436 3339 de
1450 3275 1530 3340 dea-

218 3397 308 3464 pons.
324 3379 445 3462 impub.
488 3373 601 3442 Facile
615 3387 725 3440 autem
750 3388 799 3440 est
827 3377 991 3462 conjicere,
1007 3399 1046 3442 ea
1062 3381 1159 3445 verbe
1187 3381 1328 3464 primum
1357 3381 1530 3468 irrepsisse

218 3488 252 3552 in
268 3496 393 3549 textum
407 3483 529 3568 primae
551 3481 746 3546 colleclionis
760 3503 802 3546 ex
823 3482 968 3566 quadam
993 3485 1164 3569 marginali
1194 3487 1411 3569 adnotatione,
1427 3491 1470 3554 ab
1485 3513 1530 3558 co

218 3595 297 3660 forte
312 3593 436 3678 adjecta
451 3611 547 3676 prope
562 3589 662 3654 linem
677 3589 797 3655 saeculi
812 3587 1005 3670 duodecimi,
1019 3593 1076 3675 qui
1107 3605 1223 3674 nosset,
1254 3595 1432 3680 aliquando
1446 3617 1528 3663 con-

215 3701 306 3788 jugia
322 3695 698 3782 impubenrmdissoluta
726 3717 792 3762 nou
821 3695 930 3763 fursee.
974 3697 1097 3765 Referri
1127 3701 1194 3766 huc
1223 3715 1327 3786 potest
1355 3703 1527 3775 decretum

219 3805 385 3891 quoddam
400 3803 643 3868 cantuariensis
658 3805 793 3870 Concilii
814 3807 875 3870 sub
902 3803 1067 3871 Richardo
1094 3809 1342 3896 Archiepiscopo
1370 3814 1529 3884 celebrati

220 3935 308 3982 anno
324 3913 415 3981 117³.
459 3913 493 3978 in
508 3932 579 3976 can.
591 3911 641 3977 35.
654 3913 742 3997 apud
755 3913 964 3980 Mansinmin
976 3915 1187 4000 Suplemento
1201 3917 1377 3983 Labbeano
1388 3919 1433 3983 ita
1448 3943 1528 3992 con-

220 4029 359 4112 ceptum:
383 4023 457 4089 Non
472 4023 686 4088 coarctatur
696 4023 951 4090 nrctrirnoninrn
964 4027 1051 4090 inter
1072 4025 1202 4112 cliqrcos
1215 4027 1311 4110 insrc
1325 4049 1437 4109 anona,
1453 4033 1529 4098 nisi

222 4160 263 4205 aa
276 4137 521 4222 dispensatione
534 4135 621 4199 inter
635 4135 822 4222 Principes,
838 4135 889 4201 vel
902 4158 1048 4222 magnos
1061 4139 1159 4219 uiros,
1172 4139 1456 4223 reconciliationis,
1473 4147 1531 4212 vel

220 4249 317 4336 pacis
327 4263 439 4310 cansa.
481 4239 559 4306 Viae
572 4238 677 4306 suerat
690 4251 769 4308 tunc
784 4245 934 4328 temporis
945 4246 1109 4329 aliquibus
1129 4247 1212 4311 haec
1226 4249 1372 4333 exceptio
1386 4271 1452 4316 non
1467 4273 1531 4337 pa-

222 4375 296 4421 rum
309 4363 497 4438 opportuna,
512 4349 644 4433 qnando
657 4350 791 4416 discisso
803 4355 836 4418 in
852 4354 990 4420 frustula
1005 4357 1142 4442 Imperio
1156 4356 1367 4442 occidentali,
1382 4381 1529 4448 emerge-

217 4463 302 4528 bant
317 4461 348 4524 in
365 4459 623 4525 successionibus
637 4459 875 4545 provinciarum
897 4461 1083 4531 idemtidem
1108 4465 1301 4551 gravissima
1315 4467 1461 4554 dissidia,
1477 4477 1531 4544 uti
