3120 4980
182 391 223 458 90
413 408 503 456 eune
519 409 646 469 rainu,
671 405 1187 466 nreennuunroeecunnn,cue.
1202 383 1246 452 11.
1274 451 1285 469 ,

183 545 268 598 esset
286 531 437 616 aruspicio,
462 533 514 596 vel
530 533 573 596 ab
598 531 747 594 Ecclesia
763 529 912 610 probatis,
937 525 1214 609 quemadmodum
1238 523 1470 608 rulgctraditur

184 641 225 706 de
240 641 328 707 libris
354 642 514 725 origenis,
539 651 570 703 ct
587 638 792 704 Tertulliani.
835 637 982 707 Quando
998 637 1080 701 uero·
1101 637 1327 700 recentioribus
1340 635 1470 700 'saeculis

183 749 335 812 imrnanis
351 747 468 830 prodiit
493 747 667 820 multitudo
682 747 843 826 librorum,
869 743 1055 810 Tridentini
1070 745 1181 810 Patres
1196 751 1215 807 e
1229 761 1263 807 re
1278 743 1420 814 fidelium
1427 763 1473 806 es·
1555 737 1556 742 ’

91 912 94 926 .
181 875 217 920 sc
232 867 434 936 censuerunt,
461 857 490 920 si
505 855 545 920 de
559 855 746 939 perniciosis
769 853 974 933 delendie,et
987 853 1028 921 dc
1043 873 1144 920 menn
1162 853 1348 920 studiorum
1363 854 1468 922 subtru·

181 963 298 1030 hendis
324 965 545 1043 deliberarent,
573 965 620 1028 uti
635 964 739 1045 liquet
756 963 957 1026 excessione
975 962 1022 1028 te.
1066 962 1110 1024 At
1122 979 1205 1032 cnm,
1222 960 1334 1025 omnia
1347 955 1474 1022 concilii

182 1089 323 1160 temporo
349 1075 459 1159 perfici
475 1095 540 1140 non
558 1077 753 1158 ,potuissent
778 1074 955 1140 absoluturi
980 1072 1153 1157 Synodnur
1174 1073 1208 1135 in
1224 1070 1324 1138 fidem
1337 1068 1472 1144 Romani
1555 1077 1556 1160 ξ

181 1182 358 1262 Pontificio,
386 1195 417 1248 et
431 1182 635 1266 vigilantiam
660 1184 771 1247 omnia
795 1181 1006 1258 contulerentr
1032 1181 1243 1262 quamobrem
1259 1179 1387 1264 jamdiu
1407 1177 1474 1242 obli·
1555 1225 1556 1240 ,

182 1293 261 1371 nuit,
277 1293 461 1374 praesertim
478 1301 549 1375 post
562 1293 833 1355 Ooncnroriooon
851 1290 940 1356 Ouum
954 1289 1181 1358 Hebraeorum
1199 1285 1380 1351 Clementis
1394 1282 1472 1348 lllll.

181 1403 260 1466 anni
277 1399 367 1468 1593.
383 1413 420 1466 ut
433 1401 587 1468 librorum
602 1401 687 1481 fidei,
703 1411 734 1464 et
749 1402 892 1466 moribtu
906 1399 1161 1482 perniciosorum
1172 1415 1309 1463 censura
1326 1396 1372 1460 ab
1385 1395 1473 1476 Apus·

182 1508 277 1570 tolica
292 1507 376 1572 Sede
390 1521 600 1592 exspectetur.
649 1510 696 1574 De
712 1510 827 1574 libellis
841 1507 976 1574 semesis
992 1509 1027 1576 in
1040 1507 1273 1572 contumeliam
1288 1505 1415 1587 scriptis
1427 1523 1476 1568 au·
1555 1509 1556 1580 l

182 1618 290 1698 tiquac
306 1629 419 1682 extant
432 1621 604 1684 Romanae
617 1620 713 1702 leges,
728 1619 848 1702 quibua
861 1629 892 1682 et
907 1631 1054 1685 auctores
1067 1617 1200 1700 capituli
1221 1617 1384 1682 sententia
1396 1613 1475 1680 dum·

180 1735 309 1803 uantur,
324 1733 357 1788 et
380 1729 540 1809 corrumpi
556 1728 652 1792 libroe
678 1727 794 1792 debere
808 1729 1009 1811 praecipitur,
1037 1727 1058 1790 l.
1074 1746 1129 1790 ιιιι.
1151 1726 1221 1790 cod.
1245 1722 1477 1800 defumosisli·

124 1831 131 1844 “
182 1829 282 1893 bellis.
326 1831 409 1896 Item
425 1835 458 1896 iu
474 1833 619 1896 Gonoilio
640 1833 841 1898 Eliberitano
855 1835 1065 1902 anathemate
1081 1833 1220 1916 perculsi
1241 1845 1319 1898 ctrut
1333 1832 1366 1912 ii,
1381 1831 1435 1913 qui
1448 1828 1477 1894 li·

180 1941 253 2002 bros
268 1941 425 2024 ejusmodi
440 1943 474 2005 in
491 1944 639 2007 Ecclesia
654 1945 848 2026 posuissent,
861 1929 935 2008 con,
953 1943 982 2007 32
997 1961 1087 2010 caus,
1100 1945 1131 2010 ὅ.
1147 1956 1272 2026 quaest
1288 1945 1317 2006 t„
1408 1993 1411 1999 .

225 2047 309 2114 Cum
327 2049 407 2112 nihil
422 2051 513 2116 aliud
536 2063 577 2116 eu
591 2053 881 2131 haereticumesse,
905 2071 1006 2133 quarn
1022 2052 1098 2116 fidei
1107 2051 1321 2134 dogmatibus
1338 2051 1480 2119 aureus·

180 2153 322 2238 ri,juvat
348 2157 719 2245 animadvertere,quid
745 2159 872 2224 dicatur
896 2159 1025 2244 dogma
1040 2159 1126 2238 fidei,
1153 2160 1334 2226 utlacilius
1349 2161 1491 2242 quisque

115 2317 119 2322 .
182 2261 360 2347 dignoscat,
387 2269 419 2330 in
436 2287 534 2350 quern
560 2281 638 2332 nota
663 2270 814 2334 haeretici
839 2269 994 2334 inuratur.
1015 2313 1019 2318 ,.
1040 2269 1095 2332 Etr
1108 2268 1237 2333 ¹rinobus
1259 2269 1387 2352 pendet·
1406 2268 1479 2339 fitltt

183 2387 301 2444 nostra:
327 2379 468 2462 primurn
480 2395 536 2443 cx.
551 2378 671 2444 divinis
685 2379 833 2457 oraculis,
859 2377 1136 2459 ceuncrctaione,
1160 2379 1296 2460 quaein
1310 2379 1411 2446 verbu
1427 2374 1480 2442 net

168 2479 233 2549 ¹uel
249 2489 374 2570 scripto,
390 2488 443 2551 vol
459 2489 576 2553 tradito
589 2489 916 2570 conticetur3·deinde
928 2507 972 2552 ex
987 2489 1203 2555 declaratione
1218 2489 1401 2572 Ecclesiae,
1421 2505 1481 2570 qua

181 2607 385 2678 proponatur,
412 2598 537 2680 aliquid
552 2598 663 2662 divino
687 2597 819 2662 oraculo
832 2599 1010 2676 revelatum
1024 2599 1133 2680 fuisse,
1144 2603 1241 2684 juxta
1267 2597 1481 2684 uulgarem-il·

183 2705 249 2770 lern
262 2708 440 2791 Auqrrstini
453 2709 647 2772 annectam
659 2707 957 2790 conrreepicolam
972 2707 1176 2774 fundamenti
1187 2727 1265 2792 cap
1276 2711 1309 2774 ἃ
1329 2710 1482 2792 Eoongc

181 2817 226 2883 lio
239 2827 306 2884 uon
320 2819 492 2898 crederem,
517 2819 650 2882 uiciate
673 2817 844 2882 Ecclesrite
857 2819 1273 2884 amaranaauoartroo.
1318 2815 1483 2909 igiturex.

180 2945 235 3007 gr,
253 2927 309 2990 ubi
335 2924 460 3008 aliquid
475 2939 583 3009 aperte
608 2926 640 2988 in
657 2925 758 2989 sacris
783 2923 883 2988 litorio
898 2925 1078 3003 exhibetur,
1100 2919 1483 3008 qudcumquerelragrbi·

183 3045 242 3113 tur,
258 3035 368 3098 etatirn
382 3035 507 3098 dicetur
520 3033 710 3114 haereticus,
724 3035 804 3117 quia
820 3031 968 3096 Ecclesia
978 3032 1120 3115 ,quiquid
1134 3033 1234 3097 sacris
1248 3032 1378 3101 eisdem
1393 3029 1486 3096 literis

181 3141 371 3221 continetur,
388 3153 547 3224 tanquam
561 3139 712 3207 divinum
725 3140 896 3206 eraculani
910 3139 1060 3207 fidelibus
1075 3141 1248 3223 proposuit
1281 3141 1347 3204 Ast
1362 3139 1419 3204 ubi
1432 3146 1485 3200 aut

180 3253 223 3320 de
249 3255 395 3320 obscuris
423 3253 609 3318 divinarum
637 3253 826 3317 earrrmdenr
849 3253 1016 3344 literarum
1044 3253 1210 3317 sententiis
1239 3249 1486 3334 interpretandis

181 3373 305 3444 agetur,
321 3371 379 3424 aut
393 3357 433 3424 de
447 3361 512 3424 alio
526 3359 674 3426 noudnrn
689 3361 731 3424 ab
746 3361 892 3425 Ecclesia
908 3363 1040 3444 probatu
1053 3361 1184 3430 oracrrlo
1210 3361 1282 3439 Dei,
1299 3379 1402 3426 uerno
1417 3361 1486 3424 bue·

181 3472 299 3536 reticus
310 3469 374 3535 din
387 3473 507 3555 poterit,
519 3490 690 3554 quousque
702 3470 870 3536 Ecclesiae
881 3469 1102 3544 testimonium
1113 3489 1179 3536 non
1190 3470 1378 3554 accessoria
1391 3486 1487 3554 quam

180 3603 262 3648 sane
277 3583 353 3648 lidei
368 3584 524 3648 racionem
542 3585 631 3646 lleus
645 3583 714 3668 ipse
729 3567 916 3676 habandane
930 3583 1035 3648 voluit
1045 3583 1082 3651 r'n
1097 3583 1301 3648 institutione
1319 3583 1488 3649 Ecclesiae

182 3711 269 3770 cuae,
286 3713 327 3757 ne
338 3693 421 3758 lorte
437 3693 549 3757 fideles
564 3704 730 3776 praetextu
747 3691 931 3758 divinornm
953 3693 1167 3772 oraculorum,
1182 3711 1268 3776 quae
1282 3695 1416 3776 privato
1430 3691 1489 3774 spi·

181 3803 242 3866 ritu
258 3803 348 3869 ducti
373 3801 609 3886 praeseferrent,
635 3801 731 3866 facile
745 3799 1033 3881 circumferrentur,
1056 3803 1151 3885 juxta
1167 3779 1313 3884 phrasim
1331 3797 1489 3885 Apostoli,

181 3913 268 3979 omni
287 3923 382 3975 vento
397 3909 569 3974 doctrinae.

223 4022 389 4086 Adversus
399 4021 586 4100 haereticus,
597 4039 804 4104 quocumque
815 4023 947 4086 nomine
954 4029 1159 4098 censeantur,
1171 4017 1392 4101 grauissimae
1402 4035 1489 4082 cons·

179 4133 296 4198 titutee
311 4141 388 4193 curn
401 4149 533 4213 poenae.
578 4129 623 4193 Et
636 4133 769 4213 quando
784 4131 934 4196 haeretici
948 4149 1014 4194 non
1030 4129 1136 4193 solrun
1145 4127 1407 4192 ecclesiasticam
1425 4125 1490 4190 uni·

181 4253 280 4308 tatem
295 4239 491 4320 discindunt,
507 4243 733 4306 verumetiam
754 4243 944 4326 gravissime
965 4241 1096 4307 turbant
1110 4241 1377 4324 Rernpublicanr,
1399 4243 1490 4322 cujus

181 4351 437 4418 incolumitatem
454 4353 623 4436 praecipue
634 4349 721 4415 foret
735 4354 898 4432 sanctine,
914 4371 953 4416 ac
964 4351 1110 4418 soliditas
1124 4351 1311 4434 Religionis,
1328 4350 1491 4435 optimum

183 4460 253 4540 luit,
280 4471 317 4524 ut
330 4481 434 4544 aeque
458 4462 667 4528 ecclesiastici
691 4462 870 4542 ananus,
894 4479 934 4526 ac
948 4461 994 4545 pii
1018 4461 1184 4546 Principes
1210 4461 1244 4528 in
1258 4459 1333 4524 illos
1362 4475 1491 4526 severas
