3146 4980
281 487 328 534 ns
343 484 475 546 mnus,
497 483 541 532 sc
562 479 878 532 concurri-artace
899 476 1155 528 coumoroaurr.
1304 457 1368 526 sut

98 611 271 676 umentem
281 611 445 696 conjstttgo
460 609 530 695 dc,
544 609 596 674 vet
609 609 688 674 attis
700 607 808 671 uerbis
813 607 921 692 justa
930 613 1099 691 receptum
1110 604 1373 692 unuiuscujusque

97 703 272 787 Provinciae
286 721 400 784 ritum.
444 717 591 782 Alterum
606 727 662 798 est,
684 715 823 801 duplicis
838 721 964 800 generis
988 735 1060 780 esse
1074 717 1155 780 ritus
1180 715 1373 780 ecelesiasti-

91 845 134 890 cos
146 827 183 891 ed
197 829 374 894 nitidiorem
389 827 593 894 sacramenti
617 826 929 892 administrationem
944 827 1158 910 praestitutos.
1201 825 1266 890 Alii
1280 827 1370 892 enim

44 953 45 958 ¹
91 945 214 1016 spectant
228 935 409 1018 simplicem
424 933 620 999 matrimonii
635 933 900 1014 benedictionem,
925 953 1010 1016 qnae
1025 934 1057 996 in
1074 934 1144 1017 ipsu
1157 931 1373 998 contrahendi

92 1043 209 1127 conjugii
222 1053 298 1108 acta
312 1061 438 1126 semper
453 1053 502 1106 est
515 1041 720 1127 perficienda,
749 1051 781 1106 et
795 1061 861 1106 non
877 1043 947 1106 sine
962 1042 1079 1108 delicto
1092 1043 1298 1123 omitteretur3
1314 1041 1372 1106 alil

90 1163 215 1234 spectant
236 1149 494 1219 benedictionem
516 1151 705 1230 solemnem,
730 1161 762 1215 et
776 1169 861 1233 quae
883 1149 921 1214 fit
934 1159 1011 1216 cum
1026 1150 1186 1216 oblatione
1209 1147 1368 1216 Sacrificil

89 1262 165 1326 statis
175 1264 318 1346 publicis,
332 1271 365 1327 et
379 1281 489 1327 coram
503 1261 623 1346 populo
638 1263 786 1344 precibus
807 1263 841 1326 in
856 1261 959 1326 Missa
973 1263 1169 1328 Parochiali.
1208 1265 1300 1330 Haec
1315 1283 1371 1330 au

89 1378 140 1431 teni
152 1369 299 1437 solemnis
324 1367 505 1434 benedictio
532 1369 566 1434 in
580 1367 732 1432 secundis
758 1369 881 1452 nuptiis
906 1369 1063 1434 omittitur
1087 1389 1129 1434 cx
1146 1371 1373 1454 antiquissimo

89 1475 235 1544 Ecclesiae
258 1478 462 1563 praescripto,
486 1475 765 1560 quemadmodum
779 1488 811 1541 at
825 1478 860 1542 iu
874 1479 997 1562 nuptiis
1013 1487 1153 1561 tempore
1171 1475 1283 1542 feriato
1296 1495 1372 1542 con·

17 1569 18 1580 ἵ
88 1589 239 1672 tenendis,
263 1591 325 1655 etsi
338 1589 426 1655 euim
442 1587 596 1673 Episcopi
622 1589 912 1672 cumquibusdam
935 1607 1092 1654 excausa
1114 1587 1311 1671 dispensent,
1333 1599 1372 1654 ut

88 1699 310 1765 matrimonium
335 1697 530 1764 contrahent
554 1709 695 1784 tempore
719 1697 841 1778 sarlato,
867 1700 901 1762 iu
917 1698 1155 1780 dispensatione
1180 1707 1290 1762 tamen
1303 1715 1373 1762 mo·

87 1805 330 1884 uentParoelros‚
356 1819 394 1869 ut
413 1805 456 1868 ab
469 1823 509 1868 ea
534 1803 671 1868 solemni
697 1801 918 1868 benedictione
939 1805 1131 1868 abstineant
1174 1803 1257 1868 ltem
1271 1804 1371 1870 etiam

87 1911 108 1974 si
124 1911 364 1976 saluberrimum
388 1908 563 1974 consilium
585 1909 712 1994 sponsis
736 1909 819 1973 alias
844 1929 909 1974 non
933 1909 1095 1993 impeditis
1120 1911 1318 1993 praebeatur,
1334 1922 1371 1976 ut

86 2015 155 2080 lanc
167 2017 345 2082 solemnem
370 2015 628 2080 benedictionem
653 2016 834 2082 sParocho
858 2027 977 2100 petant,
1002 2027 1172 2100 praecepto
1192 2027 1313 2082 tamem
1328 2017 1371 2081 ud

86 2147 144 2190 eam
158 2125 332 2212 mutiam
346 2145 413 2192 non
428 2125 613 2210 adiguntur,
636 2127 713 2191 data
728 2139 891 2211 praeterea
904 2129 983 2212 ipsis
998 2128 1160 2209 facultate,
1181 2137 1217 2192 ut
1230 2147 1303 2194 eam
1317 2129 1372 2194 vel

86 2247 260 2322 cotempore
285 2246 404 2322 petant,
418 2255 496 2320 .quo
519 2237 706 2322 conjugium
731 2238 919 2318 celebratur,
946 2237 1000 2301 vel
1014 2238 1049 2303 in
1063 2237 1154 2306 atiud
1167 2237 1371 2304 commodius

16 2377 17 2380 π
85 2353 197 2432 ιοωριιβ
212 2343 370 2428 differant,
385 2344 564 2412 dummodo
577 2363 644 2412 uon
658 2345 700 2412 sit
714 2345 914 2412 diutmnum.

574 2860 812 2933 QUAESTIO
833 2861 859 2928 I.

84 3108 129 3175 du
139 3111 360 3198 filiifamilias
373 3111 628 3177 nutrimentum
647 3115 854 3191 contrectari,
867 3118 1058 3198 peroratum,
1084 3109 1123 3174 in
1137 3127 1278 3196 quorum
1290 3115 1371 3174 sam

179 3231 350 3309 potestate,
361 3229 475 3310 petere
488 3229 521 3288 et
534 3223 677 3290 obtinere
690 3243 884 3289 comessum
900 3221 1083 3288 macerarit>
1096 3219 1250 3286 debeant?

83 3527 411 3756 Reuertemur,
440 3683 473 3740 et
492 3675 684 3759 obsequium
708 3665 895 3759 parentibus
918 3673 989 3757 ipsa
1013 3671 1227 3758 praecipiente
1253 3681 1369 3736 natura

82 3783 288 3850 exhibendum
302 3789 324 3850 it
337 3779 556 3851 filiusfamilias
570 3787 718 3872 conjugia
733 3785 933 3867 contrahant,
956 3805 1056 3867 quam
1072 3785 1099 3848 si
1113 3784 1300 3848 eorumdem
1314 3800 1369 3867 pa·

81 3903 192 3962 rentum
215 3916 396 3962 cousensus
410 3895 553 3961 accedat.
597 3893 683 3959 Hinc
692 3897 765 3980 jure
779 3895 901 3978 optimo
924 3893 1128 3960 Justinianus
1145 3895 1248 3978 princ.
1268 3893 1368 3958 instit.

81 3997 114 4062 de
127 4007 239 4089 nuptiis
254 4009 368 4092 ajebat,
394 4025 460 4072 non
474 4005 604 4071 civilem
619 4005 734 4085 solum,
760 4001 820 4068 sed
832 4006 1023 4070 naturalem
1042 4007 1205 4070 rationem
1218 4003 1368 4082 secedere,

82 4119 113 4170 ut
134 4113 328 4180 filiifamilias
352 4115 423 4179 sinc
444 4113 656 4199 praecedente
679 4123 851 4198 pareutum
875 4131 1035 4177 consensu
1059 4111 1209 4196 conjugia
1233 4105 1369 4171 minime

82 4223 265 4306 contenent
293 4223 501 4307 nequeenim
526 4223 567 4287 de
582 4223 647 4287 levi
672 4223 800 4306 negotio
823 4222 937 4306 egitur,
961 4221 1018 4285 sed
1033 4220 1073 4284 de
1088 4226 1171 4300 eo,a
1192 4235 1258 4300 quo
1271 4215 1368 4301 pluri-

82 4345 161 4396 mum
174 4354 221 4398 res
235 4313 411 4414 familiaris,
437 4355 476 4400 ec
491 4335 675 4414 domestica,
702 4335 801 4420 patris
816 4333 920 4398 officio
935 4339 956 4399 a
969 4343 1086 4398 natum
1099 4331 1246 4409 comissa,
1269 4345 1368 4412 prope

83 4439 224 4526 universa,
240 4445 341 4509 immo
355 4453 388 4509 et
401 4443 544 4510 familiae
558 4445 659 4530 ipsius
674 4449 694 4509 d
710 4445 897 4528 parentibus
911 4461 953 4507 ex
978 4443 1048 4526 ipso
1063 4451 1198 4504 naturae
1211 4437 1367 4501 instinctu

84 4563 195 4631 ⁸P⁰1ata
206 4557 389 4641 perennitas
410 4555 537 4644 pendet.
580 4557 668 4624 Eam
682 4555 723 4622 ob
737 4575 805 4624 rem
819 4557 921 4704 etiur'rlr¹
933 4550 1288 4704 milefnfflhlbamffias’
1309 4548 1368 4635 qui

923 4660 981 4706 ou.
1054 4673 1104 4702 .·-
1148 4682 1158 4701 .
