3210 4990
187 339 248 404 166
541 359 782 408 oresaaranro
803 359 959 422 aniana,
982 359 1059 406 ene.
1082 337 1141 406 III.

184 480 280 544 modo
294 480 381 546 enim
397 479 492 546 libere
508 483 681 548 adhaerere
706 495 816 566 perget
830 485 965 548 maritus
979 485 1072 548 uxori
1093 482 1149 561 illi,
1162 499 1263 564 quam
1278 471 1404 559 deinde,
1419 497 1490 545 ceu

185 591 329 672 agnitam
353 591 514 670 ancillam,
540 611 695 675 passurus
710 593 751 655 sit
776 593 941 656 adomiuo
971 590 1143 656 vindicarit
1185 587 1360 676 Quomodo
1373 595 1393 652 e
1407 607 1493 652 con-

183 717 276 761 verso
301 698 397 762 libere
412 700 586 764 adhaerere
609 711 718 783 perget
733 720 815 764 uxor
829 701 877 764 illi
900 701 1023 779 marito,
1038 719 1135 782 quem
1161 697 1286 778 deiude,
1301 717 1362 762 ceu
1391 698 1490 780 agui·

182 817 253 872 turn
267 828 405 888 servum,
432 828 567 892 passura
581 811 622 874 sit
636 809 678 873 ad
703 811 873 876 dominum
898 810 1027 874 revertil
1070 809 1241 874 Dominica
1266 809 1363 891 plane
1378 819 1491 890 potes·

182 925 233 978 tas
247 925 318 998 post
343 906 491 998 agnitum
506 935 641 980 errorem
667 917 795 980 turbare
809 917 920 997 incipit
949 915 1039 978 illam
1053 918 1139 980 vitae
1153 915 1424 991 communionem,
1441 911 1491 976 de

181 1043 248 1106 qua
262 1025 465 1106 potissimum
479 1027 640 1110 conjuges,
655 1025 736 1092 dum
750 1025 981 1106 contraherent,
1000 1025 1192 1108 cogitabant.
1235 1025 1335 1098 Quod
1351 1025 1378 1089 si
1393 1024 1490 1089 insu·

180 1155 237 1220 per
261 1137 417 1202 naturalis
439 1137 581 1221 conjugii
606 1136 681 1201 fiuis
705 1146 872 1220 spectetur,
896 1136 1004 1219 qualis
1029 1147 1078 1200 est
1102 1137 1277 1219 procreatio
1299 1135 1489 1214 liberorum,

182 1242 263 1306 haec
278 1243 374 1308 etiam
389 1246 424 1308 in
439 1243 611 1306 discrimen
626 1243 806 1308 adducitur.
849 1243 885 1310 si
900 1245 987 1306 enim
1002 1242 1121 1306 ancilla
1142 1243 1185 1306 sit
1200 1261 1290 1322 uxor,
1304 1261 1388 1322 quae
1402 1241 1490 1307 olim

181 1347 281 1412 libera
300 1351 495 1430 credebatur,
520 1350 672 1414 dominus
687 1349 780 1414 facile
804 1352 981 1431 conabitur,
997 1362 1033 1414 ut
1047 1352 1168 1414 venuit
1190 1351 1330 1428 nomine,
1346 1367 1405 1414 auo
1415 1348 1488 1433 juri

180 1455 294 1520 liberos
320 1459 449 1541 abroget
463 1477 529 1522 nou
555 1460 625 1522 sine
639 1459 756 1544 injuria
779 1463 886 1542 patris.
929 1460 965 1524 st
980 1479 1093 1524 servus
1108 1460 1149 1524 sit
1170 1463 1314 1538 maritus,
1330 1460 1387 1541 qui
1402 1458 1487 1522 clim

181 1563 259 1628 liber
274 1566 453 1648 putabatur,
470 1586 529 1630 neo
545 1565 703 1632 desineret
721 1567 874 1634 dominus
889 1581 974 1634 certa
987 1571 1062 1654 jura
1077 1570 1138 1633 sibi
1152 1569 1186 1634 in
1209 1569 1323 1632 liberos
1338 1568 1490 1632 vindica-

179 1693 212 1738 re
226 1676 260 1738 vi
285 1675 466 1742 dominicae
481 1677 655 1762 potestatis,
681 1678 734 1742 cui
759 1680 871 1742 omnia
895 1689 1029 1760 paterna
1048 1681 1124 1764 jura
1144 1699 1187 1742 ax
1212 1678 1336 1760 legibue
1350 1675 1486 1743 cedunt.

177 1784 268 1848 Haec
283 1787 378 1868 plane
402 1805 533 1850 omnem
548 1785 679 1848 omnino
704 1805 900 1852 consensum
915 1785 1096 1850 excludunt
1108 1786 1151 1847 ab
1179 1784 1243 1862 illo,
1258 1785 1313 1866 qni
1331 1782 1486 1862 liberast,

178 1905 211 1956 et
225 1894 360 1960 liberum
374 1914 444 1957 esse
459 1897 619 1976 censebat,
634 1913 719 1974 eum,
735 1913 877 1976 quocum
894 1904 929 1958 ut
942 1893 1149 1974 contraheret,
1166 1891 1362 1956 deliberavit.
1384 1891 1487 1954 Hane

136 2053 141 2060 .
178 2001 401 2084 exceptionem
415 2002 498 2066 sacri
521 2019 664 2066 canones
678 2021 829 2086 expresse
854 2002 1078 2086 probaverunt,
1092 2020 1164 2064 can.
1179 2001 1219 2080 4.,
1234 2011 1266 2064 et
1280 2002 1307 2064 6.
1324 2019 1413 2064 caus.
1428 2001 1488 2064 29.

124 2111 127 2118 ’
177 2119 301 2192 quaest.
317 2109 347 2174 2.
362 2130 432 2192 cap.
447 2111 487 2190 2,
503 2111 606 2176 et'ult.
622 2111 663 2176 de
678 2112 804 2194 conjug.
820 2130 936 2176 servor.
980 2109 1126 2194 Idipsum
1152 2112 1248 2176 etiam
1265 2129 1378 2174 verum
1393 2121 1486 2191 puto,

177 2215 205 2278 si
220 2226 306 2278 statu
321 2216 454 2280 liberam
468 2219 541 2300 quis
555 2238 666 2284 errans
681 2217 838 2302 duxissem
854 2239 894 2282 ea
917 2220 1003 2282 euim
1020 2220 1093 2282 licet
1106 2219 1274 2282 eveniente
1288 2218 1485 2296 conditione,

176 2335 233 2388 aut
248 2327 396 2389 veniente
412 2337 530 2390 statuto
545 2327 606 2408 die,
622 2329 657 2392 in
671 2347 771 2412 quem
795 2328 911 2392 collata
929 2327 1058 2392 libertas
1078 2327 1148 2408 fuit,
1164 2327 1344 2411 liberarint,
1360 2327 1488 2390 interea

176 2444 286 2498 tamen
302 2436 421 2498 ancilla
435 2447 492 2515 est,
508 2436 528 2500 l.
544 2437 573 2501 9.
588 2436 621 2500 ff.
638 2435 678 2500 dc
699 2446 784 2502 statu
800 2437 897 2516 liber,
923 2437 984 2501 uisi
1000 2435 1115 2502 eadem
1142 2437 1211 2520 ipso
1226 2438 1415 2520 nuptiarum
1428 2437 1488 2500 die
1593 2439 1594 2444 ’

176 2545 276 2610 libera
290 2567 360 2610 esse
376 2549 537 2632 inciperet,
553 2547 830 2630 quemadmodum
844 2550 1000 2632 contingit
1015 2551 1049 2614 in
1063 2569 1102 2623 ea
1117 2551 1231 2634 specie,
1247 2570 1314 2632 qua
1329 2549 1488 2616 domiuus

176 2656 330 2722 ancillam
345 2677 440 2722 suam
454 2657 553 2724 alicui
578 2657 737 2740 ignoranti
752 2658 868 2740 nuptui
893 2656 998 2738 tradit,
1014 2657 1034 2720 L
1051 2677 1106 2722 un.
1130 2661 1152 2726 i.
1168 2659 1197 2721 9.
1213 2669 1245 2722 et
1259 2660 1348 2726 auth.
1365 2661 1410 2724 cd
1423 2660 1488 2724 boc

176 2763 246 2828 eod.
273 2765 313 2828 de
328 2765 418 2830 latin.
444 2766 545 2830 libert.
561 2765 691 2832 tolleud.
735 2764 878 2835 Quodsi
907 2784 1052 2848 quaeras,
1084 2768 1202 2830 ubido
1227 2787 1337 2848 errore,
1363 2769 1415 2832 vel
1441 2769 1486 2836 de

178 2874 313 2937 scientia
327 2873 497 2954 dubitetur,
523 2873 565 2936 ad
580 2893 756 2956 quemnam
772 2873 915 2956 probatio
944 2884 1073 2958 spectet,
1089 2893 1149 2958 ego
1164 2884 1251 2958 puto,
1267 2893 1488 2956 utrumquem·
1593 2869 1594 2872 ¹

178 3001 241 3066 que
256 2983 418 3064 praesumi
433 2981 556 3044 factum
572 2982 717 3046 alienum
731 2982 885 3066 ignorare,
902 2983 1098 3064 proindeque
1113 2984 1228 3064 siquis
1243 2980 1361 3065 alleget
1375 3004 1410 3047 se
1424 2983 1490 3050 du·

179 3088 267 3150 xisse
282 3088 444 3166 ancillam,
460 3107 560 3170 quam
576 3086 711 3152 liberam
724 3087 883 3168 credebat,
899 3088 1076 3153 dummodo
1101 3089 1211 3171 probet
1225 3091 1379 3154 ancillam
1396 3111 1487 3156 reve·

178 3214 214 3258 ra
228 3214 307 3274 esse,
324 3194 404 3257 nihil
420 3193 511 3257 aliud
526 3193 690 3257 ostendere
706 3195 873 3274 tenebitur;
891 3194 948 3258 sed
963 3195 990 3258 si
1012 3195 1131 3258 ancilla
1148 3197 1206 3258 viri
1223 3198 1391 3262 scientiam
1407 3199 1486 3262 alle-

178 3317 239 3392 get,
257 3307 327 3390 ipsa
342 3307 470 3370 debebit
480 3305 706 3387 demonstrare,
731 3325 801 3390 cap.
817 3307 867 3368 47.
880 3305 921 3368 de
950 3326 1013 3387 reg.
1025 3308 1086 3390 jur.
1103 3307 1136 3370 in
1152 3309 1190 3386 6.,
1206 3308 1226 3370 Ι.
1242 3309 1293 3372 21.
1306 3308 1341 3372 ff.
1357 3308 1398 3370 de
1413 3329 1486 3390 pro-

178 3417 295 3483 bation.
339 3416 414 3480 Non
429 3435 508 3478 sane
523 3421 541 3478 e
556 3416 712 3480 contrario
727 3415 881 3494 dicemus,
898 3416 1022 3478 irritum
1048 3414 1116 3478 fieri
1131 3414 1372 3490 matrimonium
1386 3435 1429 3478 ex
1444 3435 1485 3480 eo

179 3545 289 3603 errore,
306 3545 370 3606 quo
384 3527 440 3608 qui
456 3535 549 3608 putat
564 3524 679 3588 ducere
694 3524 855 3604 ancillam,
872 3523 961 3586 ducit
975 3523 1116 3602 liberam,
1134 3543 1210 3587 cum
1227 3524 1299 3591 talis
1313 3543 1397 3588 error
1411 3527 1486 3589 nul-

182 3635 213 3698 lo
227 3633 324 3698 modo
338 3653 534 3696 consensum
548 3632 720 3696 excludere
736 3633 892 3696 videatur.

224 3743 279 3807 Ex
294 3764 331 3806 eo
348 3754 517 3826 praeterea,
533 3741 618 3824 quod
635 3743 670 3806 in
680 3744 866 3826 conjugium
882 3760 947 3806 uon
962 3740 1191 3818 consenserint,
1207 3739 1331 3808 irritum
1346 3748 1394 3802 est
1408 3758 1485 3804 con-

177 3854 307 3940 jugium
324 3853 460 3932 illorum,
475 3851 531 3934 qui
546 3853 587 3932 ri,
603 3863 634 3914 et
658 3861 747 3914 metu
773 3851 880 3914 adacti
903 3850 1040 3914 suerunt.
1085 3851 1203 3915 Verum
1219 3849 1305 3913 enim
1321 3867 1395 3912 vero
1410 3849 1484 3912 heic

183 3962 428 4027 deliberandum
443 3972 491 4024 est
505 3961 546 4026 ob
565 3961 671 4023 varias
697 3971 895 4042 emergentes
918 3959 1131 4042 quaestiones
1157 3977 1241 4039 quac
1267 3955 1394 4020 facilins
1408 3955 1483 4020 diri-

183 4084 321 4158 mentur,
335 4070 469 4154 quando
484 4071 624 4154 primum
640 4070 801 4152 generalia
817 4069 978 4153 quaedam
995 4070 1150 4150 principia
1164 4067 1279 4130 saltem
1295 4065 1484 4150 attingendo

183 4181 392 4264 expendatur,
409 4179 524 4242 deinde
534 4178 713 4261 specialiter
723 4179 879 4263 conjugiis
891 4178 1181 4242 accommodentur.
1205 4178 1286 4240 Fere
1298 4196 1363 4242 non
1379 4177 1482 4244 solent

183 4286 399 4350 Jureconsulti
414 4289 518 4349 trima
542 4295 632 4348 metu
655 4285 857 4369 distinguere,
873 4305 938 4350 non
964 4303 1042 4349 saue
1065 4283 1152 4364 quod
1168 4282 1296 4346 nullum
1311 4285 1392 4352 inter
1404 4289 1480 4364 vim,

183 4407 215 4458 et
228 4408 352 4462 metum
367 4394 540 4458 discrimen
562 4405 748 4480 agnoscant,
772 4393 829 4457 sed
855 4392 943 4476 quod
968 4399 1151 4457 contractus
1176 4401 1264 4454 metu
1289 4389 1388 4454 initus
1409 4399 1482 4473 post
