3216 4988
649 439 695 484 ns
725 441 863 487 neonis.
996 481 1000 490 ,
1095 445 1101 457 ’
1349 427 1411 488 263

94 568 198 624 turem
213 557 297 640 dote,
313 560 399 624 nileit
415 561 490 624 inde
504 572 683 644 sperantes,
699 564 793 642 quasi
809 562 981 626 consilinm
995 561 1171 628 ealdbebat
1187 563 1229 626 ad
1246 565 1411 646 perlectio-

91 689 185 748 nem,
203 687 268 732 non
284 677 493 751 praeceptum
514 669 556 732 ad
572 671 795 735 necessitatem
812 671 935 736 salutis.
982 672 1130 752 Denique
1146 685 1332 736 sanctorum
1350 675 1407 736 Pa·

93 789 187 842 trnm
203 777 290 840 dicta
316 778 480 860 appellant
495 779 666 860 populares
688 778 951 859 declamationes
969 780 1038 842 sive
1061 778 1213 844 homilias
1230 781 1272 843 ad
1288 781 1413 846 abusus
1501 761 1505 772 ¹

92 905 236 950 suorum
252 897 432 968 temporum
447 885 721 966 accommodatas,
737 885 855 964 quibus
871 895 1085 948 avocarentur
1101 905 1189 948 avan
1207 888 1355 950 homines
1371 891 1415 951 ab

91 995 271 1076 exigendis
298 971 404 1058 usuris
420 995 628 1075 gravissimis,
655 999 745 1056 aute
774 994 978 1079 pauperibus,
1006 994 1235 1074 indigentibus,
1262 1009 1293 1058 et
1316 998 1412 1077 quasi

92 1103 217 1168 Sancti
231 1102 278 1164 illi
305 1103 362 1164 viri
379 1081 453 1184 plus
469 1102 628 1164 dixissent
654 1103 686 1164 iu
703 1111 793 1162 aestu
822 1100 994 1178 concionis,
1022 1100 1132 1162 minus
1146 1101 1188 1162 ab
1206 1103 1414 1162 audientibus

90 1211 240 1292 intelligi
256 1209 444 1272 voluissent.
594 1279 596 1284 .
1392 1269 1397 1278 ,

138 1316 278 1380 Prolixa
293 1317 397 1398 nimis,
414 1324 445 1378 et
461 1297 694 1398 propemodum
710 1315 838 1378 infinita
860 1314 1050 1396 disceptatio
1067 1312 1163 1392 fieret,
1180 1314 1207 1374 si
1223 1299 1413 1395 aggrederer

91 1423 337 1505 inpraesentia
362 1422 493 1504 singule
508 1422 590 1484 baec
612 1441 787 1510 ¹aramrurn
808 1419 939 1503 effugia,
966 1419 1146 1501 eademque
1169 1423 1414 1484 accuratissima

91 1531 247 1594 oratione
263 1530 443 1592 refutarem.
488 1531 582 1611 Opus
597 1543 681 1602 esset
707 1533 740 1594 in
756 1531 842 1606 hanc
858 1549 925 1592 retu
941 1531 1066 1612 integra
1093 1531 1291 1608 tractatione,
1306 1532 1415 1611 qualis

92 1657 215 1706 tamen
231 1661 304 1705 meo
330 1629 489 1723 proposito
504 1642 638 1714 minime
652 1644 811 1722 congruit.
845 1642 941 1712 ¹Sunt
953 1641 1065 1704 eximii
1080 1640 1155 1718 viri,
1183 1648 1239 1722 qul
1256 1641 1416 1723 hocopus

92 1752 226 1834 egressi
240 1750 274 1812 id
289 1751 415 1832 egregie
431 1749 639 1832 perfecerunt,
657 1767 797 1830 quorum
810 1765 941 1829 operam
956 1748 1022 1812 huc
1037 1747 1204 1814 traducere
1219 1745 1412 1830 supervaca-

93 1880 205 1926 neum
222 1868 278 1922 est.
324 1861 374 1924 Ne
389 1879 464 1924 vero
479 1859 511 1924 id
528 1863 645 1924 tacitus
666 1860 800 1932 omnino
815 1859 983 1940 praeterire
999 1858 1118 1939 videar,
1141 1859 1207 1924 duo
1222 1861 1413 1942 generaliter

92 1972 223 2044 dicam:
250 1969 397 2032 Primum
411 1980 468 2047 est,
495 1970 623 2057 nullum
640 1987 710 2030 esse
725 1987 767 2030 ex
782 1967 879 2030 modo
893 1967 1032 2050 objectis,
1059 1967 1147 2050 quod
1161 1970 1274 2034 Sancti
1301 1969 1412 2034 Eccle-

93 2081 171 2142 siae
187 2077 301 2142 Patres
326 2088 358 2140 et
381 2079 589 2160 apertissime,
615 2087 655 2142 et
672 2076 873 2164 validissime
897 2093 963 2140 non
978 2057 1196 2142 confecerint..
1227 2081 1293 2144 Gur
1315 2082 1415 2163 igitur

92 2198 176 2272 post
203 2184 387 2253 confutatas
412 2187 532 2250 dlliris
556 2184 806 2267 sapientissimis
833 2176 1042 2264 ratiunculas,
1067 2183 1148 2248 istae
1163 2187 1279 2250 iterum
1301 2188 1333 2250 in
1350 2207 1414 2250 me-

93 2297 197 2362 dium
226 2296 441 2378 proferanturl
484 2293 577 2358 Ideo
592 2294 693 2358 tutius
716 2293 877 2358 observari
893 2305 1023 2373 oportet,
1051 2295 1106 2357 ubi
1132 2296 1238 2376 egitur
1252 2295 1293 2358 de
1308 2315 1416 2360 sacra·

93 2421 177 2466 rum
197 2401 363 2481 literarum
390 2401 660 2484 interpretatione3
688 2418 762 2470 curn
779 2400 867 2490 enim
893 2400 1035 2464 Verbum
1050 2401 1111 2464 Dei
1137 2401 1292 2485 scriptum
1309 2406 1364 2468 ubi
1380 2408 1414 2468 in

94 2515 245 2592 obscuro
258 2513 367 2575 adhuc
383 2509 739 2586 delitescerevideatur,
756 2509 912 2580 illustrari
925 2508 1040 2573 debeat
1054 2525 1096 2576 ex
1112 2511 1335 2576 traditionibus
1354 2514 1417 2578 Pa-

93 2631 200 2696 trurn,
219 2633 305 2697 quae
330 2619 452 2700 passim
467 2619 671 2700 appellantur
687 2617 828 2686 Verbum
845 2617 905 2680 Dei
921 2617 1085 2696 traditum,
1108 2619 1189 2700 quid
1203 2622 1311 2684 conari
1327 2625 1415 2704 quis·
1439 2640 1440 2646 ¹

94 2744 208 2809 quarn
224 2726 325 2806 possit
338 2745 412 2788 eam
427 2726 720 2808 interpretationem
735 2725 889 2805 affingere
905 2725 1025 2794 diuinis
1035 2727 1146 2806 literis,
1165 2705 1249 2808 quae
1264 2729 1414 2814 interpre-

93 2831 284 2896 tationibus
308 2833 443 2896 Petrum
457 2833 661 2899 adversetur?
705 2833 853 2896 Alterum
869 2842 925 2910 est,
953 2833 1083 2899 nullum
1097 2853 1168 2896 esse
1192 2854 1234 2898 ex
1249 2837 1345 2900 modo
1360 2841 1414 2902 ob·

88 2944 205 3025 jectis,
215 2939 310 3040 guod
336 2941 450 3004 eadem
466 2941 589 3006 ratione
615 2959 680 3004 non
695 2951 910 3018 courmostret,
937 2953 994 3004 aut
1009 2942 1209 3032 immodicas,
1233 2956 1291 3008 arn
1310 2946 1352 3008 ab
1367 2949 1413 3010 iu·

97 3045 296 3129 dignoribus
311 3049 396 3128 exigi
415 3057 529 3112 usuras
545 3066 648 3128 posse,
663 3048 796 3128 quando
813 3061 921 3119 tamen
936 3069 978 3113 ex
994 3049 1238 3126 adversantium
1252 3057 1418 3119 sententia

96 3169 135 3220 er
149 3152 309 3229 modicas,
335 3165 367 3215 et
381 3159 402 3216 a
416 3153 571 3217 divitibus
595 3154 783 3232 praesertim
798 3173 839 3216 ex
866 3165 1065 3226 mercaturae
1087 3158 1281 3224 exercitione
1296 3179 1417 3239 usuras

96 3261 193 3344 exigi
222 3278 316 3342 posse
332 3261 491 3342 probatur,
516 3259 797 3348 quomadmodum
822 3260 917 3324 facile
933 3263 1108 3343 unicuique
1128 3265 1343 3334 consideranti
1360 3289 1416 3352 pa-

97 3371 194 3435 tebit.
230 3371 328 3437 Quae
342 3369 535 3451 objiciuntur
560 3368 601 3432 de
616 3369 792 3436 retentione
805 3367 941 3434 dominii
968 3371 1002 3436 in
1019 3383 1152 3452 mortno,
1179 3374 1221 3436 de
1235 3375 1321 3442 lacta
1336 3397 1418 3458 qna·

98 3482 184 3564 darn
201 3476 360 3567 pecunim
375 3476 542 3562 locatione,
558 3487 590 3538 et
604 3474 830 3553 conductione,
838 3475 897 3538 orel
912 3476 952 3538 de
967 3479 1129 3558 emptione
1144 3499 1275 3543 annuae
1289 3485 1415 3563 pensio-

98 3592 166 3666 nis,
182 3587 226 3650 de
243 3607 305 3651 usu
331 3588 487 3670 pecuniae
498 3588 602 3674 pretio
617 3587 820 3665 aestimabili,
835 3587 876 3650 de
892 3589 1028 3658 utilitate
1042 3601 1074 3652 et
1088 3592 1279 3672 mutuantis,
1298 3603 1329 3657 et
1343 3615 1412 3660 mu-

98 3694 248 3773 tuatarii,
273 3712 375 3774 aeque
390 3687 505 3758 locum'
524 3694 688 3771 obtinent.
703 3697 773 3756 sive
790 3711 907 3758 usurae
923 3697 1005 3759 inter
1020 3697 1182 3763 modicam
1195 3705 1414 3781 quantitatem

98 3803 343 3878 condneantnr,
371 3779 441 3864 sire
456 3802 552 3866 istam
567 3799 735 3879 excedant,
752 3801 822 3862 sire
837 3819 954 3864 usurae
970 3807 990 3866 a
1005 3801 1169 3886 divitibus,
1192 3807 1261 3872 sive
1276 3811 1321 3873 ab
1332 3812 1416 3876 indi-

101 3910 261 3994 gentibus
276 3909 456 3989 exigantur.
502 3909 621 3972 Paucis
637 3909 735 3972 etiam
750 3907 873 3992 adjicio,
901 3910 1002 3990 primo
1017 3909 1138 3974 salsum
1153 3932 1234 3992 esse,
1249 3918 1416 3979 usurarias

100 4023 275 4106 pactiones
290 4038 367 4082 cum
393 4021 621 4086 mercatoribus
636 4023 733 4091 initas
760 4022 885 4100 utrique
901 4021 1104 4104 contrahenti
1129 4023 1225 4085 utiles
1239 4043 1319 4105 esse;
1339 4027 1414 4092 licet

101 4130 196 4194 enirn
220 4127 301 4190 forte
325 4147 367 4192 ex
382 4146 532 4210 prospero
557 4127 700 4208 quodam
726 4137 846 4192 eventu
871 4127 905 4188 id
930 4129 1128 4209 qrrarrdoque
1151 4133 1326 4212 contingat,
1349 4109 1414 4200 sere

102 4257 236 4320 semper
262 4247 369 4300 tamen
384 4237 508 4300 debitor
533 4237 565 4300 in
582 4236 724 4318 periculo
736 4247 795 4314 est,
820 4235 954 4316 quando
977 4237 1112 4302 creditor
1137 4238 1177 4300 de
1195 4238 1281 4302 luero
1307 4227 1416 4308 certus

94 4344 246 4423 exaltan
273 4363 378 4425 neque
405 4343 525 4424 patitur
538 4345 696 4425 aequitas,
720 4354 922 4411 contractum
947 4345 1110 4424 celebrari,
1135 4365 1177 4410 ex
1192 4367 1257 4428 quo
1276 4355 1350 4432 quis
1366 4353 1413 4416 lu-

103 4472 199 4518 crum
214 4463 300 4516 certo
315 4455 356 4516 sit
371 4463 599 4534 reportaturus,
614 4453 694 4516 alter
706 4451 931 4516 tantummodo
942 4452 1109 4530 danum,
1126 4453 1170 4514 ita
1187 4464 1222 4518 ut
1237 4455 1333 4520 etiam
1349 4475 1417 4539 quo
