3134 4984
158 383 265 458 'iifl
379 379 384 387 ¹
449 404 540 454 etas
556 404 684 470 earne,
701 404 1107 472 brunesvicensis,
1123 389 1250 458 carii.
1338 371 1346 390 ’

133 515 136 520 ’
198 519 511 609 veluticlanoulum,
533 541 566 593 et
579 532 662 596 iuter
676 531 800 597 amicos
813 543 996 597 contractae
1010 531 1156 599 difficilis
1176 553 1247 598 asae
1261 531 1482 617 soletprcbatio
1556 521 1557 616 l

198 643 232 706 iu
253 641 393 724 judiciis,
420 640 601 718 voluerunt,
630 641 775 725 ejusdem
801 661 902 704 ceusu
926 642 1112 724 semiplenis
1135 645 1236 710 etiam
1263 645 1481 732 probationibus

196 759 396 833 reum'posse
411 749 568 815 damnari.
612 750 779 815 Praeterea
793 769 835 814 ex
851 761 940 834 perte
965 771 1175 834 personarum
1190 753 1318 818 admitti
1343 755 1482 836 potestei-
1556 831 1557 856 χ

193 861 312 938 monia,
329 873 365 923 ut
381 859 558 924 madorem
575 861 775 943 spiritualem
789 859 992 940 conserentis,
1007 862 1105 926 simul
1131 873 1164 926 et
1177 864 1366 945 accipientis
1379 863 1418 926 sit
1430 875 1482 928 ιιιι1

193 969 314 1049 pitudo,
332 965 427 1030 ruodo
443 978 569 1030 tautum
592 965 785 1030 conserentis
803 987 866 1034 rem
880 968 1093 1050 spiritualem,
1113 989 1190 1034 eum
1206 989 1258 1034 ex.
1275 989 1325 1051 gr.
1339 971 1405 1052 ipse
1416 969 1483 1050 quid

192 1078 366 1161 temporale
381 1079 505 1160 accepit
519 1079 562 1140 ab
576 1089 730 1142 extraneo
745 1081 848 1162 gratie
863 1081 1042 1162 suscepturi
1058 1100 1189 1145 sactum
1202 1081 1359 1158 ordinem,
1373 1093 1427 1144 aut
1439 1083 1481 1145 ba
1556 1087 1557 1152 ι

191 1185 347 1250 celicium
373 1185 412 1248 de
429 1185 568 1264 simonia
590 1186 723 1248 minirue
738 1187 867 1262 conscii,
893 1206 962 1267 cap.
979 1188 1030 1250 59.
1054 1185 1096 1252 de
1110 1187 1213 1266 elect,
1237 1208 1313 1271 cop.
1327 1190 1377 1252 27.
1401 1189 1483 1252 desi-

190 1314 289 1373 mam,
305 1293 400 1356 modo
424 1305 551 1361 tautum
567 1294 777 1376 succipientis
802 1313 869 1360 ram
885 1295 1097 1376 spiritualem,
1120 1313 1198 1360 cum
1207 1275 1263 1358 ex.
1289 1315 1338 1378 gr.
1354 1295 1397 1358 rei
1410 1293 1483 1377 spiri·

190 1403 289 1466 tualis
302 1403 436 1466 collator
462 1403 590 1468 unlluut
607 1403 731 1468 lucrum
747 1405 852 1480 sentit,
862 1455 865 1460 .
876 1417 936 1470 ant
949 1406 1029 1486 quia
1047 1417 1152 1488 pactio
1168 1405 1213 1484 fir,
1244 1417 1279 1470 ut
1293 1405 1388 1470 detur
1401 1423 1482 1488 pecu·

191 1510 245 1572 nia
262 1510 312 1594 vel
339 1510 514 1590 Ecclesiae,
542 1511 595 1574 vel
612 1513 818 1594 pauperibus,
842 1532 914 1584 can.
930 1514 959 1576 9.
983 1531 1073 1576 caus.
1102 1515 1129 1578 1.
1143 1529 1270 1596 qrraeat.
1285 1513 1327 1592 3,
1351 1515 1483 1595 autquia

160 1625 166 1636 ‘
189 1617 358 1700 ignorante
372 1617 526 1686 collatore
551 1621 595 1686 rei
610 1621 787 1703 spiritualis
813 1621 957 1706 ejusdam
970 1622 1172 1688 administris
1198 1624 1323 1705 aliquid
1340 1635 1482 1706 erogetur,

188 1746 259 1809 cap.
278 1730 304 1792 ι.
321 1729 362 1792 de
386 1723 537 1810 siuiouia3
554 1730 636 1793 adeo
654 1741 688 1792 ut
715 1743 813 1795 ettam
829 1731 969 1798 sirucaia
994 1731 1273 1812 dicatur-admitti,
1300 1753 1380 1798 cum
1394 1749 1483 1814 aequa

94 1879 99 1886 -
187 1837 379 1916 concedens,
404 1857 509 1919 neque
526 1839 681 1921 recipiens
696 1841 817 1909 conscii
833 1840 874 1906 de
888 1841 1027 1908 simonia
1044 1839 1170 1919 luerint,
1196 1840 1297 1906 veluti
1312 1844 1341 1904 ei
1357 1839 1427 1922 quis
1438 1856 1484 1900 cx·

187 1941 318 2012 traueus
333 1949 435 2014 inscio
462 1949 587 2019 Clerico
601 1947 736 2014 donaret
761 1948 894 2029 aliquid,
910 1961 967 2012 aut
982 1949 1105 2032 aliquid
1133 1951 1330 2033 promitteret
1347 1949 1483 2016 ministrit

188 2035 342 2136 Episcopi
359 2054 493 2120 turuirue
516 2056 645 2132 corrsaii,
664 2067 699 2118 ιιι
715 2057 914 2139 Episcopum
936 2057 979 2123 ad
994 2057 1241 2134 concedendurn
1264 2060 1392 2124 Glerico
1405 2061 1484 2124 bene-

188 2161 302 2224 ficium
316 2161 492 2227 adducant.
537 2163 636 2225 Tuuc
651 2165 738 2236 cuim
754 2179 784 2228 et
810 2166 939 2238 collatio
953 2169 1133 2234 simoniaca
1158 2189 1214 2251 per
1228 2189 1263 2233 se
1277 2169 1370 2248 soret,
1391 2187 1423 2234 et
1436 2167 1483 2250 qui

188 2282 245 2336 aut
260 2269 427 2349 dederuut,
443 2283 499 2332 aut
523 2273 763 2352 promisserunt,
780 2286 837 2338 aut
851 2288 1054 2358 acceperuut,
1084 2289 1243 2358 iniquam
1256 2275 1425 2349 simoniaci
1438 2275 1484 2336 ιιι-

179 2379 285 2450 Ιιιιιιιιι
300 2396 417 2444 esseut.
462 2381 594 2446 Utirrom
612 2381 698 2446 hauc
725 2383 759 2445 in
769 2401 841 2446 -rern
856 2384 898 2448 ob
912 2384 1024 2448 oculos
1040 2397 1220 2449 versmmnr
1241 2385 1381 2450 terribile
1393 2401 1484 2448 exem

187 2487 279 2569 pluru
294 2489 394 2565 Giezi,
421 2487 462 2552 de
477 2508 545 2570 quo
558 2500 677 2555 tuentio
696 2489 738 2552 ιιι
754 2490 786 2551 ιιι
801 2509 873 2573 cen.
892 2491 949 2567 ιι,
976 2501 1008 2552 et
1025 2490 1073 2554 lu.
1095 2509 1184 2564 caus.
1212 2493 1244 2554 1.
1256 2506 1384 2572 qrraest
1408 2495 1434 2556 ι.
1447 2507 1482 2552 er

187 2598 255 2662 libr.
271 2599 299 2662 ιι
316 2600 446 2682 Regum
462 2619 534 2681 cap.
552 2601 590 2678 l.,
609 2599 663 2662 ubi
679 2615 755 2662 cum
773 2598 926 2664 Elisoeus
940 2600 1080 2670 salutem
1097 2599 1222 2685 leproso
1237 2603 1433 2676 restituisset,
1444 2615 1484 2662 ra·

187 2720 300 2774 cusato
315 2729 523 2792 quocumque
539 2727 681 2788 mouere,
696 2719 729 2770 et
744 2708 837 2772 (ilari
852 2709 974 2774 Elisaei
990 2729 1069 2792 puer
1082 2708 1265 2792 quidquam
1284 2710 1429 2775 oblatum
1441 2725 1483 2770 ec

187 2819 332 2900 cepisset,
350 2819 437 2902 lepra
452 2819 610 2882 divinitus
627 2835 798 2900 percussus
813 2829 871 2900 est;
890 2818 1046 2886 iudicium
1059 2820 1150 2896 attint
1165 2819 1288 2884 ibidem
1300 2831 1350 2885 aet
1363 2819 1484 2884 divinat

187 2933 373 3012 voluntatis,
400 2933 519 3014 ‹pribus
534 2933 696 3008 docentur,
724 2930 944 2998 ministrantes
958 2947 1071 3011 eoque,
1094 2947 1317 2998 essenorum
1328 2928 1483 3011 depensa

188 3050 304 3107 toresn
322 3045 479 3106 simoniae
494 3043 627 3105 crimine
642 3061 712 3104 esso
726 3038 842 3102 debere
857 3039 986 3121 penitus
1000 3039 1135 3102 alienos.

211 3148 284 3222 „Ex
301 3164 388 3230 perte
404 3150 458 3227 rei,
482 3153 568 3230 qliae
585 3149 674 3230 pretii
691 3147 797 3210 locum
815 3141 908 3225 tenet,
926 3145 1089 3228 tripliciter
1103 3145 1276 3210 simoniam
1296 3143 1423 3208 admitti
1436 3141 1480 3204 dc

187 3269 324 3342 strepuit
338 3271 370 3320 -·ι
386 3272 509 3320 veteres
525 3256 643 3334 Patres,
670 3269 708 3320 et
720 3256 907 3320 recentiores
928 3253 1105 3326 Pontifices
1125 3255 1274 3319 Maximi.
1319 3255 1443 3322 Primus
1456 3247 1482 3313 id

188 3371 408 3452 Hierouyruus
424 3369 542 3448 docuit,
559 3369 639 3434 dura
655 3387 735 3432 suae.
750 3369 864 3432 aetatis
875 3369 945 3452 jeru
961 3368 1198 3434 invalescentes
1217 3365 1481 3442 abususdolcbat,

187 3479 388 3542 inscribens
415 3479 446 3540 iu
461 3497 533 3541 can.
548 3479 578 3540 b.
605 3495 692 3540 caus
709 3475 739 3539 8.
765 3487 901 3556 quaest,
921 3477 948 3538 1.
977 3474 1068 3542 Narra
1083 3477 1250 3543 ceratum
1268 3475 1392 3559 plures·
1408 3473 1483 3536 baar

187 3609 258 3654 rem
271 3588 461 3671 berrrfioium
474 3589 593 3676 [acere
618 3587 716 3671 (liceto
731 3606 809 3662 rem,
838 3583 942 3661 idest,
968 3583 1174 3648 tributionem
1200 3579 1481 3654 ecclesiasticorum

187 3699 373 3778 munerum)
388 3705 425 3758 ιιι
437 3717 500 3760 ceu
516 3703 679 3780 qrtacrorrt
693 3715 746 3760 eos
762 3696 799 3758 iu
812 3693 965 3762 Ecclesia
979 3693 1108 3776 erigere
1119 3691 1301 3768 colman,
1316 3709 1397 3774 quoe
1408 3685 1481 3770 plut

172 3815 385 3889 ,coercuerant
409 3805 580 3870 Ecclesiae
605 3805 766 3888 prodesse,
791 3804 851 3868 sed
863 3824 947 3888 otras
969 3801 1106 3886 eclipsi
1129 3809 1257 3879 amant,
1282 3801 1335 3866 oei
1353 3811 1481 3884 pactum

188 3921 268 3977 aurit
284 3913 445 3997 obsequiis
460 3911 598 3984 deliniti.
614 3914 666 3976 vei
677 3934 741 3997 pro
755 3912 874 3998 quibus
887 3913 1057 3994 majorum
1071 3907 1431 4000 paieqaaatrcgcrratit,
1443 3910 1479 3978 ⁸1,

187 4037 225 4092 at
239 4027 402 4092 deteriora
413 4033 529 4088 taceare
543 4026 609 4110 qui,
626 4033 667 4088 ut·
676 4026 798 4092 Clerici
803 4023 1145 4108 fleerdmttrraribut
1157 4024 1393 4106 impetrarat.
1410 4015 1479 4080 St&

186 4139 368 4204 culosexto
394 4136 568 4218 Gregorius
584 4135 728 4219 Magnus
749 4137 880 4204 intuens
907 4134 1065 4201 simoniae
1079 4134 1195 4198 vitium
1221 4123 1478 4215 nnus-grassari.

186 4246 326 4323 tradidit,
342 4247 514 4311 simoniam
531 4263 610 4323 esse,
633 4245 688 4310 ubi
705 4265 825 4308 munus
840 4245 1029 4328 praestitum
1044 4243 1245 4308 concessioni
1256 4257 1427 4310 sacrarum
1439 4253 1478 4298 t*

188 4377 259 4422 rum
275 4375 409 4418 causum
425 4357 522 4432 daret,
539 4365 568 4416 et
583 4353 744 4418 conclusrt
758 4354 879 4421 incau.
899 4353 967 4416 ιιι.
992 4371 1083 4416 cuns.
1102 4353 1130 4414 1.
1144 4359 1270 4432 quaest.
1287 4349 1326 4428 1,
1342 4342 1422 4412 aliud
1436 4357 1479 4403 ¹⁶*

187 4483 223 4542 se,
237 4459 416 4531 minusad
443 4463 603 4570 obacpuia
629 4460 726 4535 clirtd
737 4468 1045 4549 tantummono„
1063 4459 1163 4540 alind
1175 4455 1478 4573 meumst
