3276 4984
661 499 812 576 CAPUT
835 511 892 574 111.

289 771 439 848 Quinam
459 769 527 833 st'nl
547 765 756 852 sponsalium
777 764 840 826 rite
862 770 1103 826 cottlruclorunt
1125 761 1273 845 affectate?

140 1021 453 1231 SPONSALIBUS
475 1158 574 1222 semel
588 1159 646 1222 rite
670 1155 844 1233 celebratis
860 1152 1018 1217 naturalis
1043 1152 1205 1234 quaedam
1231 1163 1262 1214 et
1272 1152 1342 1234 jure
1359 1169 1426 1233 pro·

137 1279 201 1341 beta
215 1279 360 1342 nascitur
385 1275 536 1357 obligatio
551 1277 633 1338 inter
657 1291 882 1356 sponsasque
908 1271 987 1332 alter
1013 1269 1194 1350 postulante
1209 1267 1308 1328 altero
1334 1265 1376 1326 ad
1391 1264 1427 1328 fi·

136 1387 200 1450 dem
214 1386 417 1470 implendam
442 1383 588 1465 adigitur,
604 1383 666 1446 nisi
681 1383 824 1464 legitima
840 1392 897 1442 aut
915 1379 1057 1462 conjugii
1073 1379 1106 1441 in
1121 1377 1210 1440 aliud
1226 1387 1353 1458 tempus
1368 1374 1427 1438 dif-

134 1497 253 1576 t'erendi,
269 1506 330 1558 ant
343 1493 511 1558 recedendi
526 1493 658 1556 omuino
672 1499 693 1556 a
707 1491 783 1552 data
795 1488 868 1568 fide,
889 1489 991 1552 subsit
1004 1507 1114 1550 causa.
1159 1486 1209 1550 Ea
1224 1495 1335 1547 tamen
1348 1483 1427 1548 obli-

134 1607 209 1684 gatio
223 1602 324 1664 modo
348 1602 511 1679 minorem,
535 1599 632 1662 modo
646 1601 798 1683 majorem
823 1597 937 1660 habuit
957 1595 1151 1668 firmitatem,
1167 1593 1207 1656 de
1232 1613 1297 1676 quo
1312 1605 1346 1656 ιιι
1362 1613 1427 1656 rec·

135 1709 400 1774 temsententiarn
424 1707 515 1788 feras,
542 1719 757 1791 opportunum
782 1706 841 1768 erit
856 1703 1013 1785 imprimis
1038 1701 1239 1782 investigare,
1267 1697 1425 1780 quidnam

133 1827 224 1880 uetere
250 1819 477 1880 &manorum
498 1819 569 1900 juro
594 1817 756 1894 obtineret,
781 1812 897 1876 deinde
927 1811 1006 1892 quid
1033 1811 1177 1872 sanxerit
1203 1809 1424 1872 Ecclesiarum

132 1929 292 1992 Antistites
317 1928 488 1990 recentiore
503 1937 616 2005 aetate,
642 1945 680 1988 ac
696 1925 834 2004 denique
849 1921 927 2004 quid
942 1921 1170 1984 contrahentes
1185 1919 1246 2002 ipsi
1260 1918 1302 1980 de
1317 1917 1428 1980 futuro

130 2039 268 2121 conjugio
288 2037 393 2119 magis
408 2035 533 2100 solliciti
549 2035 749 2117 pactionibus
764 2033 895 2116 adjectis
911 2032 1088 2114 aliquando
1102 2043 1267 2094 conentur.

164 2147 252 2218 Quid
268 2155 379 2210 vetere
393 2145 615 2210 Romanorum
637 2145 708 2226 jure
723 2142 884 2219 obtineret,
912 2138 1026 2204 nullibi
1041 2140 1160 2202 clarius
1175 2146 1308 2214 constat,
1324 2153 1426 2217 quam

130 2254 207 2334 apud
222 2253 378 2332 Gellium,
395 2251 452 2334 qui
477 2253 511 2318 in
527 2253 596 2316 libr.
611 2251 641 2314 t.
658 2260 740 2314 noct.
768 2251 896 2312 Atticar.
912 2269 981 2331 cap.
998 2248 1028 2310 4.
1044 2247 1167 2330 prolato
1179 2247 1282 2310 Servii
1296 2243 1428 2327 Sulpitii

129 2355 340 2422 iureconsulti
355 2359 471 2424 veteris
486 2359 668 2424 testimonio
683 2358 850 2440 distinguit
874 2358 955 2420 inter
966 2359 1020 2440 jus
1035 2357 1131 2435 Latii,
1147 2365 1180 2418 et
1190 2358 1244 2438 jus
1260 2355 1428 2421 Romanae

128 2461 281 2528 Civitatis.
325 2464 442 2544 Latini,
458 2465 537 2548 quid
552 2467 696 2548 stipulari
719 2467 752 2530 in
768 2467 972 2549 sponsalibus
992 2465 1146 2545 solebant,
1163 2465 1189 2526 si
1204 2463 1283 2528 forte
1299 2475 1357 2528 aut
1372 2483 1427 2547 pa·

127 2595 199 2657 rsus,
214 2599 320 2661 quam
335 2581 531 2662 promiserat,
548 2582 691 2664 puellam
705 2582 782 2646 duci
796 2589 817 2647 a
831 2603 949 2666 sponso
968 2601 1034 2648 non
1050 2583 1176 2662 sineret,
1200 2591 1257 2644 aut
1271 2599 1427 2664 sponsam

127 2706 256 2769 sponsus
274 2689 392 2755 ducere
414 2689 610 2771 detractaret,
626 2711 668 2754 ex
683 2711 804 2774 sponsu
820 2693 961 2756 actiones
983 2691 1151 2775 injudicio
1171 2691 1428 2773 experiebantur·

129 2795 237 2879 Jndex,
253 2817 359 2881 quam
373 2801 415 2863 ob
435 2819 508 2862 rem
518 2799 603 2878 data,
619 2813 793 2882 acceptave
818 2819 883 2864 non
898 2809 983 2862 esset
997 2817 1087 2877 uxor,
1103 2797 1287 2879 quaerebat;
1304 2794 1332 2858 si
1347 2795 1430 2858 nilril

124 2906 223 2987 justae
236 2927 361 2972 causas
386 2906 561 2988 videbatur,
577 2910 667 2973 litem
692 2909 830 2991 pecunia
852 2909 1051 2988 aestimabat,
1078 2907 1256 2990 quantique
1280 2905 1430 2970 interfue-

125 3021 168 3076 rat
180 3033 253 3080 eam
284 3031 418 3078 uxorem
433 3015 543 3098 accipi,
569 3014 800 3094 sedericum,
826 3016 883 3097 qui
905 3015 1128 3098 spoponderat,
1153 3025 1212 3078 aut
1227 3015 1282 3095 qui
1298 3013 1431 3096 stipula-

129 3127 175 3182 tus
201 3131 283 3199 erat,
306 3120 555 3203 condemnabas
587 3119 759 3204 disciplina
784 3139 872 3202 sane,
897 3139 982 3204 quae
1006 3122 1204 3204 congruebat
1227 3121 1431 3203 generalibus

119 3229 176 3292 uris
202 3230 333 3313 regulis,
350 3230 587 3310 stradsntibns,
618 3231 651 3294 in
668 3229 929 3313 stipulationibus
952 3229 1028 3293 lacti
1043 3249 1110 3294 non
1134 3241 1203 3293 tam
1226 3231 1334 3294 venire
1363 3229 1429 3293 fac·

129 3347 192 3402 turn
217 3342 338 3423 ipsum,
364 3359 466 3422 quam
490 3339 532 3418 id,
559 3339 646 3422 qnod
672 3340 750 3418 fieri,
774 3339 827 3402 vel
854 3357 918 3402 noo
945 3338 1014 3402 fieri
1044 3340 1175 3404 intersit
1220 3339 1313 3402 Haec
1341 3340 1428 3404 Latii

128 3446 298 3533 disciplina
321 3451 366 3512 ab
391 3467 454 3513 usu
478 3449 554 3513 inde
570 3449 700 3512 recessit
726 3458 797 3531 post
812 3448 911 3510 latam
936 3447 1042 3530 legctn
1057 3447 1187 3526 Juliam,
1203 3467 1245 3510 ex
1264 3465 1332 3528 qua
1353 3466 1430 3510 cum

133 3559 236 3624 Latini
251 3577 368 3622 omnes
392 3569 500 3622 essent
520 3559 670 3621 Romana
695 3557 836 3620 Ciuitate
864 3555 982 3636 donati,
1017 3555 1186 3618 Romanae
1215 3554 1322 3636 potius
1348 3553 1435 3616 otvi-

126 3667 195 3729 tatis
211 3683 318 3730 mores
344 3665 436 3748 sequi
450 3663 638 3745 debuerunt,
664 3665 806 3744 caeteris,
836 3683 921 3746 quae
949 3662 993 3726 ad
1018 3663 1202 3728 Romanam
1225 3662 1431 3746 disciplinam

127 3773 251 3840 minime
278 3775 486 3858 pertinebant,
512 3777 640 3858 penitus
662 3775 834 3858 abrogatis.
878 3775 1002 3840 Romae
1029 3793 1104 3838 uero
1120 3775 1201 3839 haec
1227 3775 1427 3840 consuetudo

126 3880 231 3963 neret,
260 3897 297 3948 ut
320 3883 478 3966 quoniam
501 3885 666 3966 sponsalia
681 3903 736 3967 per
760 3885 940 3948 solemnem
961 3882 1203 3965 stipulationem
1226 3883 1325 3944 ctiam
1348 3880 1428 3942 cele·

127 3989 259 4073 brautnr,
275 3991 395 4058 exinde
415 3991 552 4076 quidem
565 4003 750 4058 nasceretur
776 3993 859 4056 aetio
874 4012 916 4056 ex
930 3993 1096 4074 stipulatu,
1123 3991 1260 4056 sednon
1281 3991 1358 4054 satis
1373 3989 1429 4052 ho-

127 4111 250 4168 nesturn
274 4101 435 4166 rideretur
449 4102 491 4181 id,
517 4102 606 4186 quod
621 4121 664 4166 ex
678 4121 718 4164 ea
742 4121 843 4164 causa
857 4101 1041 4186 pnterssset,
1066 4101 1269 4182 investigare,
1284 4098 1430 4172 definire,

126 4229 160 4274 ae
184 4214 515 4296 pecuniaasstimare.
558 4214 650 4278 Num
675 4213 763 4276 enim
788 4213 953 4276 aestimari
976 4214 1115 4296 pecunia
1140 4213 1273 4276 decebat
1288 4221 1428 4292 autpro·

128 4313 178 4379 boe
192 4337 329 4402 sponsae
354 4337 467 4400 mores,
482 4331 540 4384 aut
554 4321 732 4403 ingenitam
758 4322 930 4404 gratiosam
946 4321 1034 4386 illius
1060 4321 1211 4400 indolem,
1235 4331 1293 4384 aut
1307 4319 1428 4402 specio-

129 4447 196 4494 sam
219 4430 365 4514 ejusdem
378 4431 518 4516 corporis
542 4431 689 4516 formam,
705 4433 785 4498 item
814 4444 962 4515 aenam,
986 4432 1154 4512 familiam,
1178 4441 1369 4516 caeteraque
1394 4433 1429 4498 id
