3210 4990
164 493 226 560 180
280 481 284 490 ’
520 492 760 544 erssatttamo
782 489 938 548 aureus,
960 484 1035 531 aaa.
1059 461 1113 529 tr.

163 657 205 703 ex
220 633 292 699 aliis
307 627 448 705 familiis,
463 641 603 706 quarum
628 635 732 682 mores
755 624 847 677 erant
875 605 1116 692 corruptissimi,
1131 614 1161 666 et
1177 608 1197 667 a
1214 601 1277 665 veri
1294 597 1356 664 Dei
1372 597 1466 664 culta

162 747 307 812 maxime
343 737 448 814 alieni,
486 747 586 794 uxore
615 727 739 802 ducere,
769 741 854 804 quae
883 717 999 780 eadem
1034 735 1136 779 causa
1165 711 1234 790 suit,
1265 729 1322 772 cur
1351 709 1468 772 divino

164 859 331 938 praecepto
346 845 387 907 ed
404 837 590 904 exeundum
607 834 647 896 de
671 843 752 894 terra
768 849 828 893 sua
843 807 1015 910 urgeretur,
1047 825 1095 886 uti
1123 823 1261 904 legimus
1276 821 1310 882 in
1325 837 1395 900 cap.
1413 819 1466 881 12.

158 961 335 1034 Geneseos3
353 967 437 1033 quaa
452 945 563 1009 itidem
586 939 701 1004 eadem
724 955 824 1001 causa
839 933 910 1014 fuit,
925 953 1024 1016 quare
1040 933 1156 994 iterum
1171 927 1337 991 Abraham
1352 927 1468 991 divino

162 1067 296 1133 'consiliu
312 1081 374 1144 que
403 1055 527 1119 familia
542 1051 640 1134 patris
655 1049 705 1111 sui
736 1035 870 1108 u'xorem
899 1041 966 1104 filio
995 1059 1054 1102 suo
1082 1037 1253 1120 quaesierit
1281 1035 1466 1100 Rebeccam

160 1185 349 1262 proneptem
375 1185 469 1230 suam
484 1183 525 1226 ex
540 1160 635 1223 fratre
663 1155 802 1232 Naclror,
832 1153 949 1214 Geues.
975 1167 1044 1230 cap.
1059 1147 1119 1223 24,
1135 1163 1219 1227 quae
1234 1145 1373 1226 denique
1388 1163 1471 1206 eau-

161 1301 202 1351 sa
215 1283 285 1363 fait,
303 1279 388 1344 unde
404 1272 591 1357 generaliter
605 1277 771 1329 caveretur
786 1263 820 1324 in
835 1279 904 1342 cap.
923 1259 980 1337 18,
997 1269 1029 1319 et
1042 1257 1093 1319 20.
1109 1257 1252 1335 Leviticl,
1270 1268 1306 1318 ut
1321 1257 1467 1340 exceptis

159 1395 276 1482 paucis
291 1386 487 1476 quibusdam
510 1379 663 1466 personis,
679 1374 767 1458 apud
797 1373 938 1436 ludaeos
954 1371 986 1432 in
1015 1369 1129 1431 eadem
1159 1369 1283 1431 familia
1309 1369 1466 1434 constitu-

164 1516 213 1572 tos
227 1500 376 1586 conjugia
391 1493 531 1558 invicem
551 1491 773 1573 jungerentur-3
803 1498 844 1543 tre
860 1478 980 1542 forteal
996 1479 1027 1539 in
1061 1479 1225 1539 remotiore
1254 1475 1356 1558 gradu
1372 1493 1467 1538 cons-

161 1619 271 1683 titutas
297 1611 449 1696 conjuges
472 1601 573 1683 aliqui
588 1598 648 1662 sibi
673 1613 825 1677 quaerere
852 1589 1049 1667 debuissent,
1066 1588 1264 1668 alienigenas
1287 1585 1347 1648 sibi
1364 1607 1464 1668 quae-

160 1735 264 1794 rerent
279 1719 449 1786 sociandas
463 1715 498 1776 in
514 1709 742 1773 detrimentum
758 1701 930 1782 religionis.
974 1697 1035 1761 His
1050 1697 1127 1760 addi
1143 1707 1245 1780 potest
1257 1697 1405 1784 divinum
1419 1693 1467 1757 al-

159 1845 264 1898 terum
276 1835 482 1912 praeceptum
511 1816 732 1880 Hebraeorum
748 1808 867 1891 populo
893 1805 1047 1887 singulari
1067 1807 1138 1888 jure
1168 1805 1326 1867 indictum
1341 1803 1381 1865 de
1396 1823 1466 1867 non

160 1933 354 2022 quaerendis
382 1926 537 1992 uxoribus
553 1939 594 1983 ex
610 1920 716 1982 aliena
737 1917 829 1993 tribu,
847 1933 913 1976 una
928 1925 1063 1994 excepta
1092 1912 1249 1992 Levitica3
1268 1931 1308 1973 nc
1324 1912 1467 1974 occasio-

160 2063 201 2107 ne
216 2041 349 2114 dctium,
377 2047 410 2098 et
439 2031 666 2114 legitimarum.
683 2023 933 2100 successionum,
961 2019 1068 2082 factae
1091 2021 1323 2084 distributionis
1338 2021 1472 2084 funicu-

162 2155 212 2216 lus
229 2152 434 2230 rumperetur,
450 2141 549 2221 idque
572 2136 615 2198 ad
644 2134 809 2216 publicam
839 2131 915 2194 illus
942 2130 1049 2212 populi
1067 2149 1190 2213 pacem,
1206 2141 1237 2192 et
1252 2131 1470 2210 tranquillita-

160 2270 234 2321 tem.
278 2256 385 2333 Atque
400 2247 490 2312 ntad
507 2243 681 2308 recentiora
710 2251 854 2321 tempora
882 2237 1128 2318 descendamus,
1145 2249 1176 2300 et
1206 2237 1468 2304 Christianorum

159 2361 365 2444 disciplinam
395 2353 583 2428 indicemus,
613 2357 748 2423 constat,
781 2347 890 2427 primis
921 2345 1089 2406 Ecclesiae
1105 2343 1252 2422 saeculis,
1268 2345 1386 2426 quibus
1402 2345 1468 2408 Ec-

159 2472 258 2536 alesia
274 2473 307 2531 in
335 2467 395 2529 hae
421 2483 454 2526 re
484 2459 650 2544 publicum
680 2457 900 2519 Romanorum
924 2456 979 2536 jus
1009 2453 1208 2532 requebatur,
1236 2452 1380 2530 fratrum,
1410 2451 1468 2516 vel

161 2597 305 2648 sororum
332 2577 422 2654 filios,
439 2593 477 2636 ac
492 2581 657 2656 propterea
680 2565 824 2630 secunda
839 2567 1043 2647 generatione
1065 2571 1085 2628 a
1101 2563 1265 2626 communi
1281 2565 1387 2646 stipite
1402 2565 1469 2628 dis·

161 2703 273 2768 tantos,
289 2687 430 2772 potuisse
444 2684 526 2746 luter
540 2697 574 2740 se
589 2678 668 2742 inire
679 2674 837 2758 conjugia,
851 2673 870 2734 l.
883 2673 921 2752 3,
934 2684 965 2735 et
979 2673 1030 2736 67.
1049 2675 1071 2739 l.
1089 2675 1116 2736 l.
1132 2671 1164 2734 ff.
1180 2673 1220 2735 de
1237 2675 1297 2736 ritu
1308 2673 1468 2756 'nuptiar.,

161 2817 361 2887 quamquam
387 2809 497 2858 tamen
512 2791 545 2854 id
561 2787 740 2852 admodum
766 2803 835 2847 raro
851 2785 1055 2866 contingeret,
1072 2797 1103 2846 et
1118 2795 1188 2846 tum
1204 2783 1345 2864 demum,
1362 2805 1468 2867 quum

161 2927 342 2976 eommunis
358 2923 472 2989 parens
488 2901 521 2964 id
547 2897 718 2960 consilium
734 2893 833 2956 velini
856 2891 998 2956 familiae
1020 2893 1178 2975 optimum
1196 2894 1400 2974 praebuisset,
1417 2897 1468 2958 uti

161 3023 249 3102 leges
264 3015 359 3079 modo
387 3011 537 3075 laudatae
559 3005 790 3080 demonstrans
818 3001 917 3063 immo
932 3012 963 3061 et
985 2999 1110 3080 quoties
1133 2997 1328 3078 contigisset,
1355 2999 1471 3079 vulgo,

162 3139 235 3196 ntrt
250 3125 399 3208 legitima,
416 3137 480 3182 non
497 3129 604 3179 tamen
619 3111 699 3176 satis
713 3113 848 3174 honesta
878 3111 1087 3186 habebantur,
1105 3108 1124 3170 l.
1139 3109 1169 3170 Β.
1184 3107 1254 3170 cod.
1271 3107 1312 3170 de
1328 3109 1465 3173 institut.

163 3251 194 3302 et
210 3237 369 3301 substitut.
413 3231 491 3299 Quo
507 3225 649 3309 pertinet,
664 3219 752 3303 qued
767 3220 863 3281 tradit
885 3219 918 3281 S.
935 3217 1139 3298 Augustinus
1163 3217 1196 3278 in
1214 3216 1232 3278 l.
1250 3219 1298 3280 15.
1323 3218 1364 3279 de
1380 3217 1470 3280 (livi.

164 3363 228 3416 tute
244 3349 305 3412 Dei
320 3365 389 3425 cap.
408 3343 456 3404 16.
472 3339 525 3400 ibi:
549 3335 696 3418 Experti
711 3334 814 3396 etitem
828 3349 944 3392 sumus
963 3329 1001 3390 in
1016 3327 1184 3390 conrtubt'c's
1199 3325 1471 3394 consobrinarum

165 3460 265 3523 ettam
282 3452 403 3516 nostris
418 3445 619 3529 temporibus
629 3449 767 3526 prepter
779 3437 931 3521 gradum
944 3435 1209 3519 propinquitatis
1214 3437 1371 3518 fraterno
1383 3457 1469 3518 gra-

165 3567 225 3630 dui
238 3562 438 3649 proximum,
455 3575 555 3640 quam
570 3571 647 3615 raro
659 3571 722 3634 per
735 3546 955 3631 ntoresfiebat,
972 3543 1143 3628 quotlfieri
1153 3565 1216 3628 per·
1238 3545 1327 3627 loges
1341 3547 1470 3626 licebat,

167 3677 248 3764 quia
261 3673 298 3735 id
313 3689 370 3734 aee
397 3665 582 3730 diabaulau
606 3659 783 3744 probibuit,
800 3665 829 3718 et
854 3653 999 3717 amodum
1013 3653 1227 3736 prohibuerat
1242 3655 1294 3717 lea
1308 3654 1472 3721 bermone.

169 3791 213 3854 Et
228 3783 359 3868 quidem
383 3781 482 3843 hasce
497 3774 626 3855 nuptias
651 3765 790 3833 Rotnani
805 3765 899 3828 facile
923 3765 1145 3846 permiserunt,
1173 3773 1208 3825 ut
1231 3777 1473 3830 removerentur

169 3897 276 3986 plures
291 3893 397 3957 obices
420 3887 616 3968 nuptiarum,
631 3897 713 3961 quos
738 3895 867 3939 summa
890 3876 1041 3938 honestas
1062 3876 1243 3956 posuissset,
1260 3875 1391 3956 quando
1406 3880 1470 3958 ipsi

171 4014 321 4075 interesse
333 4000 523 4084 reipublicae
534 4001 734 4077 putaverant,
749 3999 783 4050 ut
793 4007 856 4050 non
867 3985 958 4049 aliter
966 3986 1175 4049 consisterent
1186 3987 1356 4066 connubia,
1368 4009 1473 4070 quam

170 4122 252 4182 iuter
266 4121 354 4179 cives
368 4113 542 4176 Romanos.
585 4101 680 4164 Hanc
695 4099 737 4161 ob
752 4117 817 4160 rem
832 4114 928 4158 nemo
939 4094 1005 4172 erit,
1020 4093 1077 4175 qui
1092 4113 1157 4156 non
1172 4096 1374 4178 apocryphos
1384 4097 1475 4179 judi-

170 4227 255 4292 cabit
269 4240 411 4289 canones
425 4217 454 4280 2.
469 4215 500 4278 3.
511 4211 540 4274 4.
556 4211 595 4288 7.,
611 4220 642 4271 et
668 4209 716 4272 ta.
732 4227 820 4270 caus.
836 4203 886 4268 35.
902 4215 1024 4286 quaest.
1040 4205 1080 4282 2.,
1095 4205 1127 4266 in
1144 4203 1261 4286 quibus
1277 4205 1474 4273 exhibentur

173 4330 379 4402 vetustissimi
405 4319 576 4390 Pontifices
602 4315 761 4394 Oellxtus,
789 4315 965 4390 Fabianus,
992 4323 1024 4374 et
1046 4311 1153 4375 Julius
1178 4315 1475 4396 consanguinitatis

166 4447 241 4530 jura
255 4441 297 4506 ad
313 4433 579 4520 impedimentum
591 4425 832 4490 matrimonium
844 4421 886 4484 ad
902 4421 1033 4483 ulterius
1049 4419 1168 4502 gradus
1184 4421 1380 4504 produxisse.
1403 4424 1476 4490 Pri.

171 4559 246 4620 mus
268 4543 470 4616 ibeoriesiua
485 4537 669 4622 Imperator
685 4533 774 4618 (sum
788 4529 885 4593 verba
900 4525 1058 4592 Ambrosii
1071 4525 1104 4592 in
1119 4527 1210 4611 epist.
1225 4527 1267 4591 ad
1281 4527 1477 4616 Paternum)

6 4659 123 4942 l
