3274 4974
223 353 288 420 tto
523 378 614 426 rans
630 379 804 442 securos,
822 378 1065 432 cresceres-ro
1080 385 1240 448 ocreas,

673 783 830 852 CAPUT
848 785 1079 854 ULTIMUM.

339 1007 393 1074 De
406 1010 521 1093 modis,
539 1011 658 1099 quidus
673 1011 912 1094 irregularitas
927 1021 987 1078 cul
1002 1013 1280 1098 impedimentum
1291 1028 1403 1100 masal,

718 1129 778 1184 ant
792 1130 872 1186 nolo
884 1121 1025 1208 deletur.

218 1341 345 1560 NON
369 1505 495 1571 semper
519 1501 674 1572 perpetuo
698 1501 748 1554 cst
763 1487 995 1574 irregularium
1016 1491 1076 1556 scd
1099 1491 1202 1558 medo
1216 1495 1302 1581 juris
1324 1493 1498 1573 arroteritae,
1590 1489 1591 1494 ’

216 1593 313 1658 modo
328 1613 370 1658 ex
386 1597 457 1678 ipsa
482 1596 726 1679 irregularitatis
740 1598 849 1662 indole
871 1599 1072 1682 dispositioni
1083 1603 1166 1684 juris
1181 1603 1428 1676 accommodate,
1445 1617 1496 1664 nto

216 1702 259 1768 do
272 1723 315 1767 cx
331 1703 572 1786 disponsatione
587 1706 729 1770 Praelati
742 1725 817 1771 earn
837 1707 1093 1792 jurisdictionem
1118 1711 1270 1774 babentia
1292 1711 1390 1776 littam
1410 1711 1495 1776 babet

216 1807 303 1875 loris
317 1813 492 1896 nttctoritas
507 1813 685 1892 intercedit,
700 1817 826 1898 quoties
842 1817 905 1896 lex,
919 1837 1006 1900 tutae
1021 1819 1293 1910 irregularitatem
1304 1819 1435 1896 intinxit,
1452 1830 1499 1879 aot

214 1923 375 1986 contraria
391 1925 469 2006 lego,
485 1937 543 1988 snt
557 1927 716 1990 cotttraria
728 1927 974 2007 comnotudine,
1001 1947 1087 2011 qnae
1102 1931 1170 1994 vim
1185 1931 1266 2014 legis
1279 1929 1406 2008 babeat,
1427 1929 1496 1992 aare

215 2041 321 2114 garon
336 2049 402 2112 qna
418 2033 544 2094 ratione
555 2033 681 2096 mtrltae
695 2033 955 2118 irregularitater,
979 2055 1065 2116 qttne
1078 2037 1156 2102 olitn
1171 2037 1205 2100 iu
1223 2055 1286 2100 usu
1301 2047 1404 2114 crartt,
1422 2031 1497 2096 bodie

215 2138 356 2220 emplius
373 2155 440 2202 noa
455 2140 579 2222 vigent.
619 2139 674 2203 Ex
690 2140 762 2224 ipsa
776 2143 1018 2224 irregularitatis
1030 2143 1141 2208 indole
1156 2144 1359 2228 dispositioni
1375 2145 1447 2228 juris
1458 2159 1496 2204 nc·

215 2247 422 2312 commodata
447 2247 662 2314 finembabet
686 2249 913 2332 irregularitas,
937 2255 1064 2335 qitotics
1090 2256 1161 2337 ipsa
1176 2255 1416 2337 irregularitatis
1435 2249 1495 2314 iodi-

216 2355 340 2422 candae
354 2357 442 2438 ratio,
469 2369 501 2422 ot
515 2378 624 2438 carisa,
650 2357 702 2421 vel
717 2371 805 2422 certa
820 2359 974 2444 adjuncta
992 2368 1012 2427 o
1028 2361 1097 2445 lege
1112 2362 1245 2444 probata
1259 2361 1413 2440 suadent,
1429 2356 1495 2422 atli-

215 2485 292 2532 nern
307 2467 453 2550 accipiet.
495 2467 600 2538 Quod
627 2480 662 2531 nt
686 2470 853 2553 perspicue
878 2469 1122 2550 demonstretur,
1149 2471 1346 2536 stabilienda
1366 2468 1497 2534 suatdno

217 2575 317 2640 veluti
334 2577 497 2660 principia,
513 2597 652 2662 quornm
669 2580 809 2660 primum
823 2591 880 2648 est.
908 2581 964 2645 rix
980 2591 1122 2662 tempore
1136 2582 1359 2646 circumscribi
1377 2581 1455 2644 illato
1467 2575 1496 2638 ir·

216 2686 466 2770 regularitatem,
489 2705 575 2769 nuno
590 2703 632 2750 ex
647 2689 781 2752 crimine
796 2700 902 2752 ertnrn
916 2689 1028 2752 habet:
1048 2688 1186 2754 alterum
1200 2701 1258 2766 cst,
1286 2701 1323 2752 ut
1346 2687 1497 2770 plurimun

198 2793 316 2860 'littero
332 2795 450 2860 habero
466 2795 748 2879 irregularitatem
769 2813 855 2878 qnae
869 2815 911 2858 ex
926 2795 1054 2860 deleme
1070 2795 1291 2879 proficiscitur,
1309 2795 1363 2860 ubi
1378 2791 1499 2858 delectur

216 2909 398 2988 cessaverit,
414 2921 472 2972 ortt
489 2909 541 2974 ubi
558 2907 702 2972 deiectos
718 2909 844 2972 otiliam
860 2907 1002 2990 tttnplius
1018 2909 1173 2972 rationem
1188 2907 1311 2986 haberi,
1334 2910 1365 2972 io
1383 2909 1446 2990 juro
1457 2901 1498 2965 de
1591 2893 1592 2978 l

216 3019 359 3086 finiatur.
401 3021 547 3085 Priorum
576 3021 772 3104 principium
795 3019 877 3082 adeo
902 3021 1052 3103 generale
1074 3031 1132 3098 est,
1161 3033 1195 3098 nt
1218 3019 1259 3082 ad
1284 3020 1366 3085 illud
1381 3037 1436 3082 oon
1451 3011 1499 3078 nbi
1591 3075 1592 3086 ,

217 3137 282 3196 tres
296 3131 504 3213 exceptiones
520 3131 553 3194 iu
565 3131 636 3214 jure
652 3130 801 3212 probatas
817 3129 993 3192 inveniam.
1037 3127 1147 3192 Pritoa
1160 3130 1311 3210 exceptio
1326 3141 1380 3205 est
1397 3123 1496 3188 asco

216 3237 376 3302 diaconus
392 3241 634 3302 triatrituonium
660 3239 865 3322 contraxerit,
888 3251 921 3299 ct
943 3235 1061 3300 deinde
1085 3236 1162 3301 lecti
1179 3225 1349 3319 poenitens
1373 3231 1496 3298 utotnrl'r
1591 3213 1592 3296 Ῐ

217 3369 290 3415 carn
317 3351 417 3414 vitam
434 3350 655 3432 amplectatur,
679 3367 749 3432 cap.
765 3349 796 3412 2.
817 3351 874 3432 qni
892 3349 975 3412 cler,
994 3351 1042 3414 vcl
1067 3361 1196 3413 vovent.
1240 3350 1497 3426 Secundacsreo

217 3461 332 3538 ticest,
358 3461 385 3522 si
400 3459 596 3522 constitutus
622 3459 653 3523 in
671 3459 851 3534 mineribus
875 3457 1043 3522 ordinibus
1066 3471 1198 3524 incente
1222 3458 1385 3534 iterarent
1403 3451 1496 3534 brutis

199 3579 321 3650 'mann
346 3569 465 3633 deiude
481 3568 696 3630 nrottestictun
721 3567 823 3628 vitain
842 3564 1003 3648 professus
1027 3565 1133 3644 suerit,
1158 3585 1228 3649 cap.
1244 3567 1282 3644 2³,
1301 3566 1344 3632 de
1358 3571 1499 3647 corniano

218 3681 387 3764 Srquidcm
413 3683 445 3744 in
462 3682 551 3744 bisce
577 3679 705 3742 duobus
719 3679 850 3742 casibus
876 3679 985 3740 visum
1004 3690 1062 3756 ost,
1086 3678 1346 3759 delinquentium
1362 3673 1501 3759 poeniten·

218 3797 297 3861 tiam
321 3773 527 3858 scrionuimo
553 3795 586 3857 in
603 3793 799 3858 Monostcrio
823 3801 985 3874 peractam
1002 3791 1047 3854 ita
1072 3789 1179 3853 delere
1201 3789 1332 3867 crimen,
1357 3799 1392 3851 nt
1414 3784 1501 3848 deleat

218 3905 316 3970 etiarn
333 3905 437 3986 ipsam
454 3902 695 3984 irregularitatis
711 3907 829 3978 notam,
846 3917 931 3981 quae
945 3917 987 3960 ex
1004 3897 1042 3960 iis
1056 3897 1246 3961 criminibus
1259 3903 1419 3960 contracta
1439 3887 1501 3952 iuis·

219 4021 275 4075 set.
319 4009 432 4074 Tertia
447 4011 595 4091 exceptio
620 4007 831 4071 demonstrari
859 4019 962 4090 potest
986 4006 1020 4069 io
1038 4005 1145 4088 speeie
1168 4001 1305 4086 capituli
1327 4005 1358 4066 2
1382 3996 1500 4064 dsCler·

219 4137 285 4184 oon
301 4115 367 4180 ord.
384 4117 519 4179 ministr.
563 4117 767 4198 Propositum
782 4113 887 4179 fuerat
901 4115 1035 4180 Urbano
1047 4115 1117 4194 111,
1141 4115 1324 4180 Diaconum
1344 4105 1501 4196 quemdem

220 4227 396 4294 Missarnm
411 4226 570 4290 solemnia
584 4225 806 4289 celebravisse.
851 4225 1040 4309 irregularis
1054 4225 1187 4308 qnidam
1202 4237 1279 4303 crat,
1299 4225 1371 4288 sine
1384 4239 1437 4303 spo
1448 4214 1504 4279 nile

116 4317 122 4330 ⁸
220 4335 432 4398 ordinationis
449 4333 675 4399 Sacerdctalrs:
702 4345 737 4396 at
750 4333 792 4397 de
807 4335 963 4399 beneficio
977 4346 1034 4399 oct
1051 4353 1117 4400 noo
1132 4333 1316 4411 auferendo,
1340 4344 1398 4395 sut
1410 4341 1504 4393 conce·

223 4441 331 4508 deado
344 4441 509 4525 agebatur,
525 4459 565 4504 ne
582 4439 729 4504 laicalem
743 4443 877 4506 omnino
892 4443 994 4508 vitem
1008 4443 1089 4508 inire
1103 4453 1277 4526 cogeretur.
1320 4437 1504 4520 &pomum
