3134 4984
189 381 258 453 122
424 405 519 454 raas
532 405 660 471 aaran,
676 409 918 460 orssaaaasro
932 411 1107 477 amusos,
1128 409 1207 464 etr.
1223 393 1268 464 ll.

190 523 290 592 citato
304 525 479 596 schismate
504 543 715 614 perseverent.
758 533 853 606 Quid
866 535 955 601 enim
970 537 1168 606 aohisnratiei
1193 541 1246 606 isti
1261 537 1481 624 responderant,

191 638 221 702 ai
236 637 514 723 interrogarentur,
529 659 630 724 quare
644 661 679 706 se
693 643 870 725 diviserint,
883 657 917 710 et
931 647 975 712 ad
990 647 1148 714 unitatem
1163 649 1278 714 reverti
1293 650 1415 734 nulline
1429 651 1481 716 uisi

191 758 250 814 aut
264 768 299 812 se
313 750 447 814 omniuo
471 759 563 816 extra
577 751 762 816 Ecclesiam
777 753 862 817 selle
886 755 1067 837 consistere,
1083 767 1141 822 aut
1154 773 1286 822 eenmre
1306 760 1404 822 stiam
1414 755 1482 822 diri-

191 855 316 922 sionem
333 857 517 923 Eicolesistn
532 861 613 943 petii
637 861 759 944 igitur
771 863 815 926 ab
831 863 892 930 boc
913 864 1091 929 schismate
1104 865 1147 930 ad
1172 867 1332 932 haeresim
1356 887 1418 934 noo
1430 868 1482 934 trist

191 978 279 1030 ttttus
294 976 351 1046 est,
366 977 399 1032 et
413 967 546 1049 quidem
560 966 664 1034 facilis
679 968 811 1052 'gradus
856 971 1058 1038 Postremum
1072 985 1130 1056 est,
1145 973 1278 1058 quaudo
1292 977 1368 1058 quis
1388 976 1484 1042 uate
1563 1048 1564 1062 χ

192 1073 418 1156 siamdividit,
445 1077 598 1158 ignoraus
613 1077 741 1159 quiade
758 1080 903 1162 pluribus
930 1079 1259 1148 contendentibusde
1287 1083 1485 1168 Episcopatu,
1563 1065 1564 1140 i

192 1183 245 1246 vel
261 1182 457 1248 Pontificem
472 1183 620 1250 Maximo
636 1204 709 1249 vere
724 1186 765 1251 sit
779 1188 869 1252 illam
884 1189 1074 1272 dignitatem
1090 1189 1238 1274 adeptus.
1282 1191 1356 1258 Non
1367 1193 1423 1256 ‘hic
1435 1203 1485 1275 pu·
1563 1189 1564 1192 ’

192 1301 241 1356 tat
257 1292 439 1356 Ecclesiam
455 1312 549 1378 posse
564 1293 674 1374 dividi,
691 1297 736 1359 ita
751 1308 787 1360 ut
801 1308 860 1362 aut
873 1299 1058 1382 acephalus,
1082 1317 1142 1362 seu
1156 1300 1226 1362 sine
1240 1299 1354 1383 capite,
1371 1309 1403 1362 et
1415 1299 1485 1362 Pon·
1563 1325 1564 1342 ι

194 1401 279 1467 tifice
294 1421 365 1465 esse
379 1401 465 1482 velit,
481 1413 541 1466 aut
553 1402 702 1488 pluribus
717 1405 930 1472 Pontificibus
938 1419 1050 1490 'aeque
1062 1406 1207 1472 subesse:
1223 1423 1330 1488 neque
1345 1407 1401 1470 hic
1414 1403 1486 1468 iacto
1563 1443 1564 1446 =

192 1529 228 1574 se
243 1517 264 1576 a
279 1511 428 1574 Praelato
442 1523 599 1594 segregas
617 1525 745 1579 tanturn
760 1517 894 1598 ignorat,
918 1519 992 1599 quis
1007 1517 1050 1580 sit
1064 1515 1243 1595 Praelatus,
1257 1517 1398 1600 cuijure
1409 1517 1487 1579 otae

191 1621 317 1703 quium,
332 1630 364 1684 et
378 1622 560 1688 obedientia
575 1623 740 1704 debeatne
758 1628 858 1688 immo
870 1625 1063 1690 forte-etiam
1074 1627 1143 1707 ipse
1158 1626 1293 1688 unitatis
1307 1643 1424 1704 amora,
1438 1631 1487 1688 sut
1563 1639 1564 1652 ¹

191 1729 314 1799 nemini
329 1748 372 1794 ex
397 1730 508 1794 electis
525 1731 656 1814 parebit,
683 1731 771 1815 quod
779 1732 918 1800 tremine
942 1743 1111 1814 tamquam
1126 1727 1309 1816 legitimum
1333 1733 1488 1798 Pastorem

191 1844 336 1928 pensatis
351 1843 512 1928 adjunctis
526 1845 702 1928 agnoverit·
719 1856 779 1909 aut
792 1845 850 1910 uni
862 1863 904 1910 ιι
916 1845 1029 1910 electis
1043 1847 1150 1929 pot'ats
1163 1847 1399 1930 obtemperavit
1410 1849 1487 1912 iusu-

191 1975 248 2038 per
263 1955 382 2020 habitis
397 1956 540 2034 caeteris,
566 1954 654 2037 quod
668 1973 745 2021 eum
760 1966 929 2037 mmquatu
950 1955 1132 2038 lem'timum
1154 1954 1340 2020 Antistitem
1357 1953 1489 2037 probabi·

192 2065 325 2130 lioribus
340 2066 541 2149 argumentis
555 2065 732 2130 crediderit.
774 2064 886 2130 Refert
899 2063 1126 2130 Theodoretus
1141 2065 1210 2130 libr.
1226 2068 1256 2130 5,
1271 2085 1341 2148 cap.
1365 2063 1425 2144 23,
1438 2063 1490 2128 hu·

185 2175 241 2258 jus
256 2174 382 2256 generis
406 2173 549 2238 schisma
563 2172 665 2238 fuisse
676 2174 889 2238 'concitatum
903 2171 1156 2238 insumemus
1181 2173 1339 2251 Ecclesia,
1359 2191 1429 2254 qua
1441 2189 1489 2232 ta·

190 2293 287 2348 cante
302 2283 415 2348 divisis
430 2283 618 2366 eligentium
634 2283 798 2366 suffragiu
810 2284 903 2348 electi
917 2275 1138 2362 duo-fuerant,
1158 2281 1350 2362 Flavianus,
1367 2293 1400 2346 et
1415 2281 1491 2346 Era·

191 2399 290 2484 grius,
306 2411 337 2462 et
353 2397 393 2463 de
408 2397 593 2462 alterutrius
609 2395 1038 2480 praesegmina-gravissime
1053 2393 1270 2474 dubitabatur,
1285 2395 1414 2458 interea·
1426 2409 1490 2456 reto

185 2499 363 2574 ¹excusatos
387 2508 487 2573 fuisse
512 2521 737 2590 quoecumque
761 2505 945 2570 alterutrius
961 2506 1068 2588 partis,
1096 2507 1206 2570 studia
1227 2508 1411 2570 traxissent.
1454 2505 1492 2568 lt

191 2620 280 2684 enim
297 2617 538 2682 observandum
553 2627 612 2697 est,
627 2619 837 2682 excusatione
852 2617 969 2699 dignos
982 2615 1058 2697 fore,
1082 2617 1271 2682 antediem
1286 2615 1492 2702 indulgentior

191 2745 231 2790 ao
245 2726 418 2790 clementia
434 2725 659 2790 schismaticos
673 2727 772 2812 hujus
786 2727 921 2809 generis,
942 2727 988 2792 ita
1003 2737 1039 2790 ut
1053 2733 1075 2791 e
1088 2726 1371 2794 schismaticorum
1387 2726 1491 2813 poenis

191 2839 286 2904 facile
301 2841 519 2920 absolvantur,
536 2841 669 2924 quoties,
686 2839 774 2922 quod
790 2840 881 2904 Deua
895 2848 1028 2919 avertat,
1043 2837 1258 2904 manotensis
1281 2843 1428 2904 rrraxiure
1441 2838 1493 2905 du·

192 2950 247 3016 bia
261 2951 359 3016 etiam
374 2950 462 3034 apud
478 2952 601 3034 probos,
617 2961 650 3014 et
664 2951 828 3034 religiosos
842 2951 928 3013 viros
943 2949 1121 3030 baberetur,
1145 2951 1192 3016 uti
1207 2951 1388 3033 aliquando
1401 2951 1493 3016 couti-

192 3064 278 3146 gissa
293 3063 408 3145 lerunt3
434 3075 598 3128 caeterum
611 3073 649 3127 nt
673 3063 926 3141 assumtionem,
948 3061 1000 3124 vel
1015 3061 1146 3125 veniam
1169 3071 1363 3144 mereantur,
1377 3069 1494 3146 oportet

192 3174 342 3258 primum,
358 3184 394 3236 ut
409 3171 526 3236 saniori
544 3172 624 3254 parti
647 3172 822 3236 adhaerere
835 3184 1000 3253 conentur,
1017 3175 1134 3240 deiude
1147 3185 1185 3239 ut
1200 3173 1304 3258 parati
1324 3173 1392 3236 sint
1405 3185 1492 3253 paea·
1564 3253 1565 3260 ἵ

192 3279 358 3359 mammo,
374 3290 406 3342 et
431 3280 501 3343 sina
515 3280 670 3344 seditione
686 3279 720 3344 in
743 3301 818 3346 earn
832 3293 957 3366 partem
981 3285 1124 3365 tutnsire,
1150 3301 1251 3367 quarn
1266 3281 1386 3347 ddnde
1404 3297 1493 3345 nove
1564 3263 1565 3356 i

193 3385 258 3449 rint
272 3366 441 3452 saniorem'.
484 3387 620 3454 Avertat
634 3389 725 3454 Deus
739 3389 784 3453 ab
794 3388 942 3456 Ecclesia
950 3411 1017 3456 sua
1032 3393 1132 3478 httjus
1145 3393 1272 3477 generis
1287 3391 1493 3456 dissidiorum

191 3515 319 3576 causas,
335 3515 369 3560 ιιι
384 3515 468 3579 quas
481 3499 510 3562 si
524 3497 606 3562 sorte
618 3499 787 3581 quaedam·
797 3512 887 3564 aetas
902 3501 1062 3584 incideret,
1078 3505 1247 3588 exemplar
1259 3505 1429 3588 egregium
1446 3519 1494 3566 re·

192 3618 245 3674 tus
260 3607 303 3672 ad
318 3607 484 3690 pacandas
498 3610 731 3673 controversias
745 3612 878 3694 proponi
893 3621 1009 3696 posset.
1052 3612 1215 3678 Nimirum
1227 3613 1289 3678 sub
1303 3613 1408 3678 linem
1421 3606 1494 3674 anui

191 3716 264 3780 tls.
280 3727 353 3800 post
364 3716 490 3780 obitam
511 3716 628 3782 Zmini
644 3717 753 3801 Papae
767 3717 952 3784 miserando
966 3719 1141 3784 schismate
1163 3719 1301 3784 otaansa
1315 3717 1495 3785 fueras-ue

191 3829 291 3895 etesia
305 3829 463 3909 Romana,
480 3829 523 3894 ad
538 3844 638 3911 qnam
653 3829 786 3894 ebullis
799 3839 933 3894 erectus
947 3831 1052 3895 marat
1065 3809 1262 3914 Boumatos,
1283 3829 1418 3896 assuta
1433 3829 1496 3892 liu-

192 3941 298 4006 lalios.
342 3939 382 4004 lrt
398 3942 489 4024 grati
504 3939 581 4004 facti
593 3939 795 4006 dubitatione
805 3937 851 4004 ad
864 3939 1038 4024 synodum
1053 3941 1412 4026 Episcopommdelata
1423 3955 1495 4004 eon·

191 4052 346 4118 troversia
360 4051 430 4131 luit,
447 4065 584 4133 querum
594 4047 717 4134 judicio
730 4049 904 4115 demittunt
918 4061 975 4132 est,
992 4049 1176 4134 praevalere
1197 4047 1358 4115 Bonifacii
1369 4045 1496 4112 emus

190 4151 277 4228 nem.
321 4161 390 4227 Nec
405 4177 505 4225 mora:
520 4160 630 4224 statim
655 4156 920 4243 partitionum
943 4157 1046 4223 animi
1067 4156 1273 4222 Bonifaoium
1300 4157 1497 4237 receperam

157 4250 162 4260 ¹
191 4277 297 4344 Immo
310 4285 343 4340 et
358 4275 509 4340 Eulaliae
533 4275 611 4358 ipse,
626 4283 659 4338 et
683 4271 873 4340 Bonifatius
896 4271 1033 4356 insignis
1058 4271 1292 4336 moderationis
1307 4267 1496 4351 exemplum

192 4387 418 4471 praebuerunt.
456 4383 548 4449 llam
564 4381 715 4450 Eulaliae
729 4401 796 4448 non
810 4381 934 4466 quiebit
947 4381 1052 4463 modo,
1069 4397 1109 4445 ue
1121 4379 1375 4466 purnit'tantdla,
1391 4373 1455 4440 aad
1466 4381 1499 4438 et

191 4505 418 4577 postmortem
430 4491 590 4560 mutuati
613 4500 723 4562 utute
737 4493 899 4560 Romanis
911 4500 1051 4579 rogatas,
1067 4491 1095 4556 ai
1110 4489 1193 4556 tides
1213 4497 1263 4556 eat
1278 4487 1348 4554 libri
1361 4479 1499 4552 smm-
