3168 4982
257 452 352 502 anan
375 451 534 500 vincum
557 453 790 500 vonusuanrr
813 455 998 498 consuens
1021 453 1162 500 onerum.
1292 436 1353 500 211

17 569 18 574 ’
71 573 124 656 jun
139 571 223 637 alteri
237 575 384 658 conjugio
401 577 504 662 juncti
532 587 617 656 sunt,
641 577 691 638 vel
708 577 785 658 quia
801 585 960 660 perpetuo,
983 595 1085 660 eoque
1100 575 1237 638 solemni
1257 585 1355 640 eontr-

76 682 182 743 nentiae
196 695 268 744 voto
291 703 325 746 se
341 685 410 746 Deo
440 683 681 747 dedicaverunt.
724 681 825 753 Quod
849 682 1005 765 imprimis
1020 681 1062 743 ad
1084 702 1138 744 eos
1154 681 1274 760 attinet,
1296 681 1354 763 qni

71 787 210 871 conjugali
234 789 302 872 jam
337 791 468 853 viuculo
497 789 750 872 adstringuntur,
784 809 848 852 non
879 787 999 868 dubito,
1036 789 1113 871 quin
1145 787 1256 851 diurno
1272 789 1352 872 jure,

72 898 224 978 etquidem
244 919 285 960 eo
313 899 390 981 ipso,
413 897 501 981 quod
525 899 614 962 initio
636 899 768 961 Creator
796 897 888 960 Deus
910 885 1034 959 homini
1063 893 1157 974 dedit,
1182 893 1215 956 id
1240 891 1353 956 delini-v

72 1013 124 1064 tum
143 1000 239 1083 fuerit,
266 1007 422 1086 quoniam
444 1005 488 1069 ita
518 1005 551 1069 in
575 1005 673 1069 saeris
690 1005 789 1068 literis
812 1005 1010 1088 apertissime
1025 1003 1269 1080 demonstratur,
1292 1003 1353 1066 Ge

71 1125 244 1193 neseoseop.
271 1112 307 1191 1.‚
324 1121 354 1174 et
376 1107 414 1191 2.,
442 1109 609 1176 Matthaei.
632 1133 702 1196 cap.
732 1113 780 1176 19.
824 1111 860 1177 Si
882 1113 915 1176 in
930 1113 993 1175 hoe
1015 1121 1204 1195 argumento
1220 1132 1258 1174 ea
1280 1132 1352 1175 con-

17 1289 18 1308 *
71 1235 154 1298 gerere
169 1219 287 1286 vellem
302 1223 461 1288 rationum
477 1235 648 1306 momenta,
668 1243 751 1307 qnae
767 1221 1005 1304 demostrarent,
1023 1227 1120 1286 unius
1135 1233 1261 1286 tantum
1276 1243 1352 1287 eum

71 1341 121 1387 unu
133 1328 371 1392 matrimonium
392 1350 462 1393 esse
478 1329 599 1410 debere,
627 1331 731 1394 multe
761 1329 856 1412 plane
871 1327 934 1392 dici
957 1339 1096 1414 possent,
1126 1327 1169 1391 ad
1184 1328 1353 1394 ostenden-

17 1485 18 1508 1
70 1431 138 1512 duro,
160 1435 192 1498 in
218 1435 389 1519 multiplici
411 1441 586 1523 conjugum
609 1456 744 1502 nurnero
766 1457 830 1500 non
854 1447 938 1500 reete
960 1435 1121 1499 observari
1147 1452 1239 1518 posse
1263 1447 1354 1501 nutu·

17 1529 19 1664 l
70 1543 133 1605 ulos
151 1545 346 1608 matrimonii
362 1545 453 1628 fines3
471 1547 552 1610 inter
566 1559 708 1609 caeteros
731 1557 841 1608 autem
856 1545 1026 1608 honestam
1048 1544 1219 1608 liberorum
1237 1545 1353 1608 eduea-

17 1699 19 1786 γ
70 1653 174 1731 tionem,
189 1667 222 1714 et
236 1653 368 1716 linnem
383 1654 463 1717 inter
476 1655 581 1718 virum
596 1665 628 1717 et
643 1668 778 1720 uxorem
793 1653 976 1718 animorum
990 1653 1257 1736 conjunctionem.
1281 1653 1354 1718 Dis-

17 1795 18 1860 t
69 1761 235 1844 tinguemus
263 1763 439 1848 speeiemb
460 1765 575 1848 speeie.
619 1763 693 1830 Non
709 1767 816 1847 agitur
840 1764 948 1828 hocin
972 1763 1042 1828 loeo
1064 1763 1104 1827 de
1126 1783 1164 1827 eo
1179 1783 1267 1844 casu,
1290 1783 1355 1847 qno

69 1873 126 1956 quis
150 1893 250 1940 uxore
275 1874 416 1957 dimissa,
446 1877 498 1940 vel
520 1877 636 1940 marito
665 1875 783 1958 relicto,
814 1895 937 1941 novum
966 1877 1153 1960 eonjugium
1174 1875 1353 1960 eontmhat;

66 1985 260 2064 opportunius
276 1983 362 2048 enim
384 1983 425 2047 de
440 1983 502 2048 heo
524 2005 557 2049 re
573 2004 677 2048 sermo
699 1985 832 2049 inferius
848 1987 1038 2062 instituetur,
1062 1985 1216 2052 nimirum
1231 1987 1264 2050 in
1287 2009 1356 2072 pos·

17 2165 18 2180 ¹
69 2093 387 2156 tremadissertatione
408 2093 448 2156 de
477 2093 589 2174 modis,
612 2092 732 2176 quibus
758 2093 859 2158 semel
881 2105 1045 2156 contracta
1073 2093 1223 2178 conjugia
1245 2093 1358 2158 dissol-

17 2219 19 2310 ᾖ
69 2211 174 2264 urntnr.
218 2203 372 2272 Tantum
400 2202 466 2265 huo
488 2203 622 2285 pertinet
638 2203 841 2285 investigare,
864 2221 907 2264 an
936 2211 1056 2266 retento
1079 2203 1181 2284 primo
1195 2213 1358 2267 contracto

17 2321 18 2374 l
67 2305 202 2389 conjugio,
226 2309 321 2371 alteri
336 2305 554 2371 eontrahendo
577 2307 666 2370 loe'us
689 2327 758 2370 esse
781 2293 888 2390 po'ssir,
904 2307 991 2390 quod
1015 2307 1113 2390 vulgo
1129 2307 1358 2373 simultaneam

17 2445 19 2474 r
69 2410 232 2496 bigamiam,
267 2415 319 2478 vel
341 2415 550 2500 poligamiam
576 2415 747 2498 appellant.
794 2417 872 2484 Qua
895 2413 927 2477 in
944 2433 976 2476 re
998 2415 1140 2493 observo,
1158 2430 1258 2479 unam
1280 2431 1360 2478 uxo

17 2515 19 2560 t
67 2525 287 2607 templaribus
312 2524 435 2588 maritis
457 2525 598 2608 conjugii
624 2523 794 2586 universas
817 2521 1050 2606 propemodum
1065 2534 1177 2607 gentes
1201 2525 1358 2606 improba-

17 2563 19 2718 l
68 2636 143 2718 visse
160 2637 192 2701 in
209 2637 275 2700 hoo
290 2637 377 2699 enim
392 2635 578 2718 multiplicis
593 2635 734 2720 conjugii
749 2654 865 2716 genere
888 2645 1010 2717 praeter
1026 2635 1091 2696 alia
1109 2633 1257 2714 absurda,
1273 2655 1359 2717 quae

17 2719 19 2834 l
66 2760 274 2824 agnoscuntur
295 2744 328 2806 in
358 2744 463 2825 speeie
486 2743 545 2805 viri
573 2742 679 2825 plures
702 2761 818 2804 uxores
850 2741 1006 2822 ducentis,
1030 2741 1095 2805 duo
1111 2742 1177 2804 alia
1191 2757 1362 2825 emergant

17 2841 19 2928 l
66 2851 233 2933 singularia,
260 2867 399 2933 quorum
428 2849 568 2934 primum
590 2861 646 2932 est,
676 2848 763 2932 qnod
787 2847 907 2913 incerta
933 2850 1037 2932 proles
1059 2869 1100 2913 ex
1130 2837 1172 2913 eo¹
1190 2851 1359 2934 multiplici

17 2929 19 3016 l
66 2963 193 3044 conjugio
210 2967 406 3039 nasceretur3
431 2957 550 3021 ineerta
565 2973 674 3022 autem
697 2952 800 3040 proles
817 2969 960 3040 respectu
985 2959 1085 3041 patris
1100 2956 1272 3023 honestam
1298 2961 1357 3024 im*-

68 3069 136 3148 pedit
169 3067 400 3134 educationem
436 3065 616 3147 liberorum,
646 3085 722 3130 cum
745 3085 840 3130 nemo
871 3067 964 3132 l'acile
986 3067 1147 3132 indicatur
1176 3069 1218 3132 ad
1241 3069 1361 3135 baben·

66 3173 126 3242 dam
139 3186 253 3243 curam
270 3167 449 3255 liberorum,
465 3195 547 3257 quos
563 3161 639 3238 s'uos
654 3195 724 3238 esse
749 3195 875 3258 prorsus
892 3177 1027 3258 ignorat;
1045 3177 1183 3242 alterum
1199 3191 1254 3257 est,
1270 3175 1358 3261 quod

17 3247 19 3382 l
67 3290 220 3357 iulamilia
243 3292 295 3354 vir
320 3291 467 3372 princeps
489 3287 633 3367 habetur,
650 3297 681 3351 et
703 3283 804 3350 veluti
832 3297 939 3369 eaput;
963 3291 1152 3350 econverso
1173 3287 1288 3352 rnulier
1310 3299 1359 3354 est

17 3383 19 3472 l
67 3401 175 3464 subdita
211 3400 295 3480 viro;
327 3405 485 3482 repugnat
517 3406 634 3474 autern,
664 3412 798 3458 urmrem
821 3395 958 3474 duabus,
989 3397 1177 3480 pluribusve
1213 3401 1358 3483 personis

65 3511 223 3590 eeqrraliter
263 3506 439 3600 subjectam
465 3503 529 3568 dici
565 3503 677 3566 eodem
714 3523 831 3586 genere
867 3505 1041 3587 potestatis3
1080 3507 1358 3588 quemadmodum

17 3591 19 3660 l
66 3619 298 3704 repugnatum
319 3617 437 3680 esseio
459 3613 572 3678 eedem
597 3610 721 3676 familia
743 3613 846 3678 solida
870 3616 985 3698 capita,
1008 3637 1065 3681 sou
1081 3606 1163 3682 dnos
1185 3621 1354 3705 principes,

66 3728 134 3791 unde
155 3741 212 3794 ant
226 3726 383 3806 confusio,
399 3737 456 3789 aut
470 3724 684 3807 repugnantia
705 3723 827 3806 imperii
850 3723 1109 3808 proficisceretur.
1154 3729 1256 3799 erod
1271 3731 1297 3794 si
1314 3731 1355 3796 de

66 3837 160 3898 marito
181 3843 309 3919 agatur,
325 3844 421 3914 atque
443 3833 630 3914 inquiratur¹
647 3851 689 3895 en
707 3831 819 3914 'plures
835 3831 896 3915 ipsi
918 3845 1074 3918 repugnet
1089 3835 1205 3902 ducere
1227 3856 1352 3920 tenores,

17 3977 18 3980 κ
65 3937 187 4018 observo,
204 3927 249 4004 ex
270 3960 308 4002 eo
332 3939 501 4022 multiplici
523 3920 671 4023 conjugio
700 3939 764 4003 alia
787 3939 928 4004 absurda
956 3947 1093 4008 evenire.
1137 3939 1353 4031 Quamquam

64 4049 134 4111 enim
148 4051 196 4112 vir
217 4047 422 4130 expluribus
446 4047 599 4111 uxoribus
613 4059 715 4111 certos
736 4049 777 4112 de
792 4067 826 4111 se
849 4047 962 4112 liberos
991 4049 1059 4134 ipse
1075 4053 1238 4134 suscipiat,
1261 4055 1351 4135 ipsae

17 4239 18 4244 ἵ
63 4173 172 4238 quoque
188 4175 306 4222 uxores
328 4143 438 4234 certes,
466 4173 679 4238 unaquaeque
705 4155 746 4218 de
769 4176 811 4235 se,
840 4154 954 4221 libetos
977 4167 1143 4240 susceptos
1162 4158 1278 4222 intueri
1294 4177 1350 4223 va-

62 4263 139 4346 leant,
160 4278 259 4350 atque
283 4265 441 4341 exhibere,
464 4275 572 4328 tamen
596 4275 628 4329 et
649 4266 704 4346 vir,
735 4275 767 4328 et
788 4265 886 4347 liberi,
909 4277 941 4330 et
966 4284 1083 4330 [uxores
1109 4268 1207 4329 variis
1229 4265 1347 4332 exinll'e
1403 4287 1406 4294 ·

64 4373 178 4439 obnoxit
199 4375 378 4438 redduntur
392 4362 604 4438 familiaribus
626 4371 766 4454 bissinis,
783 4363 894 4437 eontra
914 4370 1190 4456 bonnmeonjugii
1212 4357 1256 4435 ab
1271 4369 1349 4454 ipsis
1427 4399 1429 4404 ·
1482 4433 1485 4442 .

65 4495 188 4549 naturae
207 4485 335 4570 legibus
370 4485 604 4570 praestitutum.
649 4483 737 4554 Quis
765 4483 873 4547 statim
895 4503 958 4548 non
989 4481 1097 4546 videat
1119 4479 1264 4545 divisam*
1286 4479 1371 4548 urii·
