3168 4982
127 418 168 464 oa
190 377 379 475 oontnorrs,
403 413 532 463 coraus
555 411 691 458 oasrar
716 409 962 457 uacassrrnao
984 407 1249 456 ooorvrmonuu.
1303 392 1366 458 200

88 539 122 620 2.,
133 553 165 602 et
178 539 206 604 3.
222 538 419 623 apocryphos
435 555 513 616 esse,
529 534 624 598 facile
650 533 848 598 adhaesisset
863 533 999 598 Ooncilir
1019 533 1236 598 Triburiensis
1251 545 1283 598 et
1297 535 1374 598 Pas-

90 648 179 710 chalis
194 647 234 711 II.
250 645 383 710 decreto.
426 644 491 708 Sed
506 643 661 726 qnoniam
676 642 809 724 putabat
834 640 1020 726 imprudens
1043 641 1198 724 collector,
1214 663 1372 710 saeorum

88 758 222 820 omnium
243 773 405 819 canonum
420 751 607 816 auctoritate
622 751 728 830 teneri,
745 761 816 833 post
835 769 992 814 canonem
1008 753 1036 814 5.
1052 751 1203 815 laudatae
1217 756 1374 835 quaestio

89 869 138 944 nis,
152 867 236 930 iacta
251 865 454 930 distinctione
470 873 605 927 conatus
620 873 675 940 est,
693 873 728 924 ut
739 881 793 924 eos
805 857 944 924 iniicem
958 864 1179 946 componendo
1193 866 1376 930 conciliaret
1408 863 1411 871 ’

89 977 213 1054 tradens,
229 971 497 1056 distinguendum
512 991 582 1034 esse
599 972 680 1034 inter
694 967 842 1052 speciem,
858 989 923 1051 qua
938 971 1009 1051 quis
1025 989 1158 1034 uxorem
1172 973 1374 1054 cognovisset

89 1093 147 1164 post
159 1095 357 1145 contractam
383 1079 580 1164 spiritualem
605 1079 828 1162 cognationem
858 1091 889 1141 ct
904 1081 1051 1161 speciem,
1067 1099 1132 1162 qna
1160 1083 1232 1164 quis
1247 1093 1375 1148 tantum
1409 1097 1412 1106 '

86 1203 149 1254 ante
163 1202 360 1254 contractam
377 1211 449 1252 eam
465 1189 690 1271 cognationem
706 1188 916 1270 cognovisset,
933 1187 974 1250 ad
995 1187 1129 1270 priorem
1144 1189 1283 1269 speciem
1299 1189 1374 1252 refe-

87 1317 148 1362 rens
162 1319 304 1366 canones
319 1299 358 1379 l,
373 1311 404 1362 et
419 1301 447 1362 5.
491 1297 545 1362 Nil
573 1300 689 1362 mirum
703 1277 961 1380 'proptereatesse
983 1297 1084 1377 debet,
1100 1299 1134 1362 Si
1149 1299 1300 1362 Clemens
1315 1299 1374 1364 Ill.

86 1407 251 1474 doctrinam
267 1410 412 1472 Gratiani
427 1408 521 1472 facile
533 1397 672 1488 secutus}
689 1409 887 1490 cognationis
899 1409 1072 1492 spiritualis
1082 1411 1155 1493 jura
1169 1411 1212 1474 ad
1226 1411 1374 1476 adfinita-

84 1529 138 1577 tem
149 1517 245 1579 etiam
262 1515 440 1578 extenderit
457 1517 490 1578 in
505 1533 573 1598 cap.
590 1515 619 1578 4.
635 1515 675 1578 de
690 1527 816 1598 cognat.
840 1516 937 1598 spirit.
981 1515 1101 1580 Verum
1115 1517 1210 1580 hodie
1226 1517 1306 1582 haec
1322 1541 1373 1584 su·

85 1641 274 1704 pervacanea
289 1633 365 1688 sunt
393 1633 463 1706 post
479 1623 712 1688 Tridentntum
727 1623 899 1705 decretum,
915 1621 979 1708 quo
994 1639 1085 1688 extra
1101 1647 1196 1690 casus
1211 1627 1245 1692 in
1260 1631 1372 1695 eodem
1411 1642 1413 1650 ’

83 1733 194 1796 decreto
208 1753 364 1815 expresos
378 1735 525 1814 cognatio
541 1733 714 1814 spiritualis
729 1733 862 1798 minime
877 1731 1067 1796 extenditur.

118 1842 269 1906 Nondum
286 1841 499 1904 recedendum
515 1855 592 1924 puto
608 1841 725 1905 abbae
741 1843 881 1924 generali
897 1843 1128 1926 cognationum
1143 1845 1281 1924 materie,
1296 1863 1374 1927 quo

56 2007 58 2012 .
83 1967 171 2032 usque
197 1951 336 2014 nonulla
351 1951 513 2034 subjecero
532 1949 574 2012 ad
590 1951 863 2033 investigandum,
875 1971 918 2014 an
934 1971 1157 2036 quaecumque
1173 1974 1230 2017 seu
1246 1969 1374 2019 namra-
1410 1937 1414 1944 ¹

82 2059 123 2140 lia,
136 2082 190 2126 seu
206 2062 330 2140 divina,
347 2079 403 2123 seu
418 2063 565 2124 humana
586 2074 762 2143 praecepta,
778 2061 896 2142 quibus
912 2059 993 2124 inter
1017 2073 1170 2142 cognatos
1190 2065 1373 2145 cujuscum-

82 2191 135 2251 que
148 2171 282 2236 tandem
297 2171 422 2252 generis
436 2171 585 2252 cognatio
599 2169 702 2250 suerit,
719 2171 922 2234 matrimonia
938 2171 1114 2252 improbata
1140 2183 1225 2252 sunt;
1242 2173 1286 2236 ita
1301 2193 1373 2238 cone

76 2281 161 2362 jugiis
188 2283 326 2358 obstent,
358 2291 390 2342 nt
411 2277 561 2362 conjugia
583 2289 696 2342 contra
724 2299 762 2340 ea
784 2289 944 2342 contracta
969 2280 1096 2361 penitus
1119 2281 1204 2344 irrita
1234 2281 1374 2350 habean-

81 2399 129 2450 tur.
169 2389 259 2456 Sane
281 2387 365 2471 quae
394 2387 539 2450 diximus
561 2387 700 2450 naturali
727 2389 797 2469 jnre
812 2387 910 2449 vetita
926 2388 1007 2449 inter
1029 2373 1293 2471 consanguineos,
1322 2393 1372 2458 vel

78 2499 198 2579 adfines,
216 2499 306 2563 irrita
328 2499 457 2580 penitus
486 2509 588 2575 erunt,
612 2495 880 2578 proptereaquod
902 2495 1062 2576 honestati
1078 2513 1266 2581 repugnant,
1282 2504 1373 2586 justa

80 2611 192 2690 regulas
208 2609 376 2693 generales
398 2609 432 2672 in
460 2609 565 2689 capite
590 2607 616 2669 l.
648 2608 830 2689 praejactas.
874 2603 1022 2688 ldipsurn
1037 2619 1197 2688 praeterea
1219 2611 1374 2692 dicemus,

19 2767 20 2790 ,
78 2719 333 2798 quotiescumque
369 2727 484 2797 agatur
512 2713 553 2778 de
575 2716 755 2795 praeceptis
782 2709 912 2789 divinis,
935 2709 1023 2794 quae'
1054 2724 1111 2775 aut
1132 2717 1375 2798 explicaverunt

79 2841 213 2909 precepta
229 2825 394 2890 naturalia
416 2833 473 2888 aut
488 2824 584 2905 paulo
606 2823 704 2884 latius
718 2819 946 2884 extenderunt.
990 2821 1028 2886 In
1052 2825 1184 2887 caeteris
1198 2837 1306 2890 autern
1323 2847 1374 2891 ne

19 2965 20 2972 .
77 2936 301 2998 cessitndinum
330 2931 567 3014 impedimentis
591 2932 725 3014 positivo
749 2931 821 3015 jure
843 2933 1032 3012 constitutis,
1062 2953 1119 2996 cur
1140 2953 1204 2998 non
1231 2937 1371 3020 idipsum

19 3049 20 3066 ²
77 3037 239 3105 dicendum
256 3041 306 3120 sit,
328 3039 469 3122 qnando·
489 3039 545 3120 qui
568 3037 655 3121 leges
685 3037 816 3100 easdem
839 3039 993 3121 positivae
1022 3039 1199 3122 ediderunt,
1222 3045 1370 3129 exemplo

79 3153 220 3214 naturalis
245 3151 329 3234 juris
352 3149 401 3212 usi
423 3157 511 3226 sunt,
542 3149 652 3227 idest,
683 3147 843 3211 naturalia
865 3149 1103 3231 cognationum,
1117 3163 1151 3214 ot
1165 3155 1370 3220 necessitudi·
1404 3169 1407 3180 ’

19 3331 20 3340 ¹
78 3275 144 3321 unm
152 3263 225 3344 jura
249 3257 294 3320 ad
322 3256 403 3320 alias
425 3255 660 3320 necesitudines
689 3255 906 3335 extendentes,
930 3257 1107 3338 voluerunt,
1137 3259 1223 3342 quod
1246 3251 1364 3346 inillis,

77 3360 205 3430 idetiam
228 3365 264 3429 in
293 3366 363 3428 istis
378 3364 512 3428 servarit
555 3365 665 3428 Immo
685 3373 782 3426 etiarn
805 3363 913 3446 liquet,
944 3363 1030 3447 leges
1060 3369 1189 3433 easdem
1211 3373 1364 3453 positivae

77 3467 159 3534 luisse
181 3472 326 3536 munitas
355 3489 505 3554 expresso
527 3471 666 3534 irritante
690 3471 824 3553 decreto,
848 3483 905 3536 aut
919 3474 1034 3538 saltem
1056 3495 1095 3537 ea
1109 3475 1254 3560 formula,
1278 3502 1362 3564 quae
1402 3485 1406 3496 '

76 3572 185 3640 decreto
214 3579 350 3641 irritanti
370 3578 604 3662 aequipolleret
649 3579 693 3643 Ut
721 3587 741 3645 d
770 3583 1049 3664 consanguinitate
1078 3586 1231 3668 exordiar,
1261 3611 1361 3673 quam

76 3681 269 3750 Theodosius
297 3687 439 3769 Magnus
461 3687 503 3749 ad
532 3687 615 3751 filios
637 3688 779 3770 fratrum,
801 3702 833 3752 et
854 3709 996 3755 sororum
1012 3693 1134 3775 primus
1156 3700 1307 3781 extendit,
1325 3702 1359 3768 li-

75 3805 145 3874 quet,
172 3815 246 3860 eam
269 3795 369 3858 sitisse
397 3797 600 3878 Imperatoris
622 3816 772 3881 meniem5
802 3801 921 3863 etenim
954 3802 1085 3884 quando
1107 3807 1175 3890 ejus
1198 3807 1256 3872 filii
1282 3813 1314 3874 in
1337 3813 1356 3876 l

77 3897 114 3959 19.
139 3901 207 3964 cod.
242 3902 283 3966 de
312 3905 433 3985 nuptiis
463 3904 633 3970 voluerunt
661 3905 926 3973 'theodosianam
959 3910 1063 3996 legem
1091 3916 1251 4001 abrogare,
1289 3941 1356 4004 pro

76 4003 135 4070 lessi
148 4023 231 4091 sunt,
255 4013 288 4076 in
317 4025 480 4094 posterum¹
501 4033 539 4076 ea
565 4015 752 4080 matimonio
774 4019 927 4102 legitima
948 4020 1063 4103 fotura,
1093 4037 1125 4089 et
1147 4027 1305 4111 legitimos
1319 4029 1360 4110 fis

76 4105 121 4172 lios
134 4117 249 4180 exinde
270 4117 402 4200 genitos,
418 4119 505 4202 quod
528 4119 592 4185 dici
621 4141 686 4187 non
707 4127 870 4208 potuisset,
887 4131 949 4192 nisi
971 4131 1200 4200 Theodosiana
1216 4138 1267 4202 lex
1289 4142 1353 4205 irri-
1417 4157 1421 4166 ·

77 4225 131 4280 lun
158 4224 289 4287 omnino
310 4227 496 4310 conjugium
527 4229 669 4296 dixisset.
713 4235 857 4306 Quando
871 4239 1096 4306 recentioribus
1118 4245 1170 4308 ad'
1185 4247 1353 4318 ,ulterlores

75 4333 277 4402 generationes
305 4345 439 4400 extensa
459 4342 724 4423 consanguinitas
751 4343 820 4426 suit,
842 4347 993 4414 clausula
1020 4350 1145 4435 adjecta
1165 4353 1350 4442 suithujus-

19 4521 20 4552 ἦ
75 4435 156 4500 orodi:
173 4445 381 4528 conjugium·
396 4457 577 4532 separetur.
621 4451 672 4516 Ita
693 4454 726 4518 in
755 4455 907 4606 Concili'q
922 4459 1132 4612 Moglrplrtiup9
1140 4482 1211 4530 can.
1240 4467 1289 4532 54,
1314 4469 1348 4535 in

19 4557 20 4560 ’
910 4563 966 4608 oar.
1040 4583 1089 4608 .-
1134 4581 1165 4612 .-
