3276 4984
208 343 251 411 30
553 364 795 420 nrssnnnrrro
818 365 947 426 narare,
968 367 1119 414 consen.
1142 347 1168 412 Ι.

209 487 262 550 tiis
276 505 353 552 cnm
367 485 431 550 alia
440 486 512 570 jure
526 485 754 550 contrahendis
770 489 910 552 ruerem
927 506 1024 552 usum
1038 487 1248 568 concubinae,
1265 507 1367 572 qnam
1387 489 1513 572 quoties

211 600 259 663 vir
273 615 373 672 causa
388 597 548 682 legitimae
563 596 731 660 ducendae
761 599 870 670 uxoris
885 597 1067 678 dimisisset,
1083 618 1126 664 ex
1148 599 1292 684 ejusdem
1307 599 1426 665 Leonis
1440 620 1514 666 sen·

210 709 311 774 tentia
326 729 390 774 non
406 719 474 773 erat
488 708 664 792 duplicatio
673 710 822 792 conjugii,
833 709 890 774 sod
899 709 1059 794 profectus
1069 711 1255 790 honestatis,
1272 731 1343 776 can
1361 714 1409 778 11.
1424 731 1513 781 caus.

210 823 261 888 82.
277 833 400 912 quaest.
416 821 455 902 2,
472 832 568 902 atque
583 821 681 906 hujus
696 820 741 884 rei
757 821 837 884 ratio
852 819 1054 899 reddebatur,
1064 822 1142 904 quia
1157 822 1302 908 nuptiale
1314 825 1513 908 mysterium,

209 931 299 1034 quod
314 929 435 995 scilicet
445 929 479 992 in
495 926 712 1012 significanda
726 927 847 995 Christi
860 948 937 994 cum
951 928 1101 994 Ecclesia
1115 929 1340 1012 conjunctione
1356 930 1515 1014 consistit,

210 1045 245 1110 in
260 1041 443 1106 concubina
457 1037 699 1116 desideraretur,
714 1056 799 1120 qnae
815 1054 894 1100 sane
909 1036 1069 1100 sententia
1083 1042 1105 1102 a
1118 1038 1280 1120 proposita
1294 1035 1514 1122 disputatione

210 1157 311 1221 distat
324 1171 424 1234 quam
438 1149 635 1236 longissime.
658 1148 830 1214 Caeterum
845 1145 888 1212 ad
903 1147 1003 1232 hujus
1013 1146 1128 1229 capitis
1140 1147 1429 1232 interpretationem
1445 1149 1514 1232 plu·

210 1268 331 1330 rimum
341 1265 455 1348 juvare
468 1271 584 1346 posset,
600 1269 744 1324 mentem
759 1258 877 1322 Leonis
889 1256 1090 1322 rescribentis
1101 1256 1213 1324 intime
1223 1259 1423 1342 perscrutari,
1432 1278 1515 1341 quc·

211 1377 251 1441 lis
267 1372 477 1440 deduceretur
491 1390 533 1434 ex
548 1370 645 1434 totius
660 1366 813 1450 epistolae
836 1365 980 1444 lectione,
1008 1361 1286 1448 quemadmodum
1309 1383 1368 1448 ego
1378 1365 1446 1448 jam
1461 1365 1515 1432 ob-

211 1484 339 1550 servavi
354 1483 388 1546 in
417 1481 498 1546 meis
527 1476 863 1558 animadversionibus
878 1476 912 1540 in
936 1475 1129 1540 Gratianum
1144 1485 1234 1558 parte
1248 1475 1277 1538 2.
1308 1485 1383 1538 torn.
1401 1476 1428 1540 l.
1442 1495 1513 1558 cap.

211 1599 261 1663 42.
305 1593 438 1660 Juvabit
452 1607 581 1672 qnoque
596 1607 636 1652 ea
649 1587 825 1664 observare,
841 1605 925 1668 quae
950 1583 1082 1648 inferius
1098 1582 1225 1648 tradam
1239 1583 1272 1646 in
1289 1595 1412 1666 quaest.
1427 1584 1456 1648 4.
1472 1583 1513 1648 de

211 1720 359 1772 veterum
387 1699 613 1796 concubinatu,
645 1695 700 1758 ubi
728 1695 816 1758 hanc
845 1693 950 1777 ipsarn
980 1691 1097 1757 Leonis
1124 1689 1294 1774 epistolam
1320 1708 1513 1754 commemo·

212 1818 298 1884 rabo.

714 2133 951 2210 QUAESTIO
973 2133 1015 2198 11.

219 2423 389 2502 Quomodo
412 2421 450 2484 in
470 2417 624 2503 conjugio
649 2413 920 2479 Cbr'isticnornm
952 2406 1144 2470 erthoerecnt
1166 2412 1197 2468 et
1218 2407 1304 2468 ratio
1330 2413 1515 2470 cordrcctus

671 2547 802 2610 cirelio
829 2539 1055 2606 Socrantcnti?

213 2835 482 3050 BUPLIGEM
511 2986 582 3030 esse
611 2961 806 3026 matrimonii
834 2959 916 3023 inter
944 2955 1122 3023 Oristianos
1152 2954 1219 3017 initi
1250 2955 1412 3034 rationem,
1443 2953 1514 3022 infi-

211 3083 288 3150 ciari
305 3101 400 3145 nemo
415 3087 526 3163 potest;
544 3073 696 3140 nimirum
711 3072 745 3134 in
760 3089 798 3133 co
826 3069 1003 3132 celebratur
1017 3076 1048 3130 et
1063 3075 1245 3128 contractus
1270 3064 1405 3146 qnidam
1419 3067 1514 3130 certis

212 3192 433 3274 legibusintcr
461 3187 615 3270 conjuges
644 3177 872 3255 custodiendis,
902 3176 995 3259 cnjus
1024 3175 1057 3237 vi
1085 3171 1267 3236 communis
1282 3185 1331 3236 est
1344 3173 1514 3239 connubiis

211 3299 363 3366 omnibns
378 3296 447 3357 sive
462 3294 542 3355 inter
571 3287 780 3363 Christianos,
812 3283 881 3345 sive
896 3281 977 3344 inter
1005 3289 1147 3343 caeteros
1162 3279 1311 3342 homines
1325 3277 1458 3360 indoles,
1474 3299 1513 3345 ac

212 3420 337 3485 natura3
354 3416 387 3466 et
400 3403 649 3466 Sacramentum
675 3391 852 3470 Ecclesiae,
867 3391 960 3474 cujus
974 3375 1076 3453 causa
1089 3387 1254 3451 connubia
1282 3387 1430 3453 fidelium
1445 3402 1513 3456 tam

211 3517 253 3579 ob
267 3513 453 3579 nobiliorem
483 3505 763 3590 supervenientem
780 3499 978 3583 dignitatem,
1005 3517 1107 3581 quam
1136 3499 1177 3561 ob
1192 3499 1382 3582 spirituales,
1398 3499 1454 3581 qni
1469 3519 1511 3565 ex

212 3625 321 3688 diviua
339 3605 538 3684 institutione
553 3613 807 3697 proficiscuntur,
838 3605 980 3688 effectus,
1011 3607 1114 3672 multo
1141 3608 1313 3672 connubiis
1329 3607 1512 3676 infidelium

212 3737 383 3814 praestant.
428 3723 548 3786 Verum
563 3739 628 3803 quo
643 3715 764 3781 firmior
789 3715 876 3798 apud
905 3727 1030 3779 nostros
1042 3727 1090 3778 est
1109 3715 1171 3778 ista
1185 3716 1320 3796 traditio,
1337 3737 1375 3780 eo
1403 3719 1513 3784 minus

210 3849 334 3903 certum
349 3845 405 3912 est,
421 3827 583 3913 quomodo
598 3827 738 3890 invicem
753 3837 783 3887 et
798 3827 878 3888 ratio
892 3833 1083 3902 contractus,
1099 3833 1131 3884 et
1153 3821 1232 3884 ratio
1247 3821 1447 3887 sacramenti
1461 3843 1515 3888 co·

211 3951 375 4025 haereant,
391 3942 432 4008 ob
447 3943 554 4006 varias
569 3938 841 4003 Ssholasticorum
871 3935 1112 4020 disputatieues,
1138 3935 1257 4017 quibus
1273 3935 1419 3998 nondum
1436 3935 1512 3999 finis

212 4057 381 4141 impositus
396 4065 501 4116 estex
530 4049 698 4113 Ecclesiae
724 4035 921 4109 definitione.
965 4043 1010 4108 Ut
1024 4062 1138 4107 verum
1163 4041 1301 4106 candide
1316 4041 1424 4123 fatear,
1441 4055 1512 4127 post

212 4177 363 4252 pensatas
378 4165 567 4247 opinionum
581 4155 738 4235 omnium,
751 4173 835 4237 qnae
844 4153 923 4216 hinc
934 4148 1022 4216 illinc
1033 4163 1238 4231 emerserunt,
1250 4169 1375 4232 causas,
1391 4169 1512 4237 anceps

212 4278 294 4342 adeo
310 4289 391 4354 sum,
407 4281 445 4335 ut
459 4271 613 4353 ignorem,
630 4267 663 4330 ln
678 4283 778 4350 quarn
793 4249 899 4346 potins
914 4261 995 4324 mihi
1006 4263 1047 4322 sit
1061 4269 1185 4341 partem
1196 4257 1352 4341 eundum
1365 4257 1513 4341 illudque

211 4399 387 4473 opportune
402 4393 565 4466 usurpem,
576 4377 664 4464 quod
680 4377 713 4440 in
728 4371 924 4458 quibusdam
938 4369 990 4435 de·
1008 4361 1216 4436 sacramento
1229 4367 1381 4454 baptismi
1396 4389 1514 4454 quaes-
