3276 4984
191 402 247 490 ,at
561 419 804 466 nrsseararro
826 419 1002 479 secusne,
1024 417 1102 464 car.
1125 395 1151 462 1.

207 543 373 626 Equidem
385 543 464 608 hinc
477 541 571 607 video
586 543 695 606 statim
718 561 879 625 emergere
893 560 958 605 non
974 541 1078 605 levem
1092 539 1325 620 difficultatem,
1352 539 1433 606 dum
1448 537 1510 605 illi·

206 671 245 715 co
259 653 400 731 observo,
417 651 498 718 nihil
513 651 602 716 aliud
618 671 688 714 esse
702 651 816 729 dicere,
833 669 872 712 ea
887 649 1050 732 sponsalia
1060 649 1176 728 valere,
1190 659 1263 714 utut
1274 649 1396 728 illicita,
1408 669 1509 730 quam

207 757 321 836 dicere,
337 777 500 841 sponsum,
516 777 574 820 seu
589 777 742 840 sponsam
757 757 796 818 ad
810 756 921 818 datam
937 755 1036 819 fidem
1048 755 1248 838 implendam
1260 753 1404 838 obligari;
1417 773 1510 838 prop

123 925 126 932 .
207 878 355 952 aereaque
371 869 458 952 adigi
484 869 526 932 ad
540 869 782 934 matrimonium
804 867 1072 945 contrahendum,
1099 867 1186 950 quod
1201 869 1381 950 caeteroqui
1409 869 1510 950 patris

198 993 368 1058 ¹consensu
394 975 656 1057 nonaccedente
679 975 865 1058 probrosum
891 975 1058 1055 videretur,
1082 975 1215 1058 quando
1238 997 1277 1040 aa
1300 977 1453 1059 obligatio
1474 978 1509 1041 in

201 1098 277 1165 ¹rem
291 1079 437 1160 illicitam
450 1080 652 1147 conferretur.
698 1083 817 1148 Verum
831 1083 921 1149 enim
936 1103 1011 1148 vero
1036 1103 1096 1167 ego
1110 1086 1252 1165 observo,
1277 1087 1433 1168 quoniam
1449 1085 1510 1149 du-

207 1189 284 1276 plex
299 1202 348 1257 est
369 1192 576 1276 sponsalitiae
600 1190 802 1276 obligationis
828 1193 968 1274 effectus,
982 1213 1132 1277 ¹quorum
1158 1195 1240 1279 prior
1266 1208 1389 1278 spectet
1403 1195 1505 1260 futuri

200 1302 403 1386 ,matrimonii
431 1303 684 1385 celebrationem,
715 1305 796 1370 aiter
824 1316 948 1389 spectat
972 1325 1163 1389 sponsorum
1180 1307 1362 1388 vinculum,
1387 1329 1453 1390 quo
1464 1309 1511 1391 fit,

208 1419 245 1474 ut
259 1423 371 1474 neuter
395 1431 437 1478 ex
451 1411 529 1496 ipsis
554 1433 675 1477 novam
700 1412 798 1482 iidem
824 1413 880 1478 alii
906 1412 983 1480 dare
998 1413 1084 1478 licite
1100 1415 1207 1496 possit,
1223 1413 1343 1478 leforte
1359 1427 1510 1498 parentes

209 1519 408 1602 dissentiant,
438 1521 473 1585 in
486 1541 655 1604 ¹suspenso
679 1520 811 1604 quidem
835 1523 957 1590 interea
982 1539 1112 1586 manere
1140 1519 1276 1605 priorem
1306 1520 1509 1604 sponsalium

207 1623 366 1710 effectum,
382 1643 478 1708 quast
490 1640 665 1693 excusetur
678 1629 829 1708 eltejuter
854 1649 896 1694 ex
920 1631 1057 1713 sponsis,
1083 1630 1110 1692 si
1124 1629 1311 1714 conjugium
1335 1629 1414 1704 inire
1428 1631 1510 1694 nolit

206 1736 542 1816 connumerandam
556 1739 741 1821 parentibus
763 1735 914 1821 debilam3
941 1739 1209 1810 at'nihilominus
1232 1739 1317 1803 vires
1339 1757 1417 1802 siras
1432 1757 1511 1802 exe·

199 1866 277 1932 Irere
290 1845 441 1930 effectum
464 1850 610 1931 alterum,
636 1861 672 1913 ut
699 1849 783 1914 licite
797 1850 959 1917 ¹alteruter
983 1860 1123 1932 nequeat
1148 1849 1189 1912 de
1212 1849 1415 1914 matrimonio
1429 1869 1507 1916 uum

206 1953 274 2046 plia
301 1955 520 2022 crutrahendo
544 1959 722 2039 decernere,
746 1960 780 2022 in
808 1977 873 2041 quo
896 1958 978 2024 nihil
1003 1958 1160 2023 adversus
1187 1960 1398 2024 reverentiam
1423 1959 1512 2042 patri

204 2062 349 2146 deb'tam
361 2063 549 2146 admittitur,
565 2076 601 2129 ut
624 2067 754 2130 mittent
779 2067 859 2132 alios
882 2068 1083 2152 sponsalium
1108 2067 1250 2150 allectus,
1265 2069 1399 2151 quinon
1420 2067 1511 2133 futu-

204 2190 284 2264 rum
299 2173 551 2258 matrimonium,
573 2173 631 2237 sed
654 2175 761 2258 ipsum
785 2185 985 2244 contractum
1009 2173 1210 2259 sponsalium
1234 2175 1403 2239 vinculum
1419 2193 1510 2258 spec·

196 2291 287 2370 tant,
302 2281 389 2364 quod
403 2301 482 2346 sane
497 2281 623 2362 sufficit,
638 2293 674 2346 ut
685 2283 849 2367 sponsalia
859 2284 967 2348 adhuc
982 2285 1089 2350 valere
1103 2283 1283 2366 credautuq
1296 2284 1505 2368 nequeenim

197 2390 1511 2478 ¹generaliterverumest,,obliqutonemnascinonposse,quocumqueincasnli-

204 2499 269 2568 cite
283 2517 396 2566 ornnes
408 2499 549 2570 ,effectus
575 2499 677 2564 sortiri
691 2501 811 2583 nequit,
827 2501 1004 2568 dummodo
1022 2501 1099 2566 certi
1114 2501 1247 2568 effectus
1266 2504 1337 2586 jam
1362 2499 1439 2566 editi
1453 2499 1509 2568 de

206 2597 432 2698 monstrentur:
458 2607 572 2675 eodem
586 2607 651 2672 sere
666 2609 841 2692 modoque
862 2611 974 2690 multis
988 2612 1022 2678 in
1037 2612 1167 2688 casibus
1181 2611 1306 2694 legibus
1321 2609 1416 2676 datur
1429 2609 1507 2692 filio,

207 2728 245 2784 ιιι
259 2717 321 2796 sibi
346 2729 469 2802 patrem
483 2717 610 2801 obliget,
635 2729 667 2782 et
681 2718 799 2784 exinde
823 2719 942 2784 habeat
956 2721 1115 2797 actionem
1142 2721 1299 2784 adversus
1314 2731 1437 2803 patrem
1449 2737 1510 2803 pe-

200 2838 320 2913 samm,
346 2847 431 2909 quae
446 2838 478 2890 et
498 2829 646 2912 extingui
660 2839 772 2913 potest,
799 2841 831 2893 et
845 2829 965 2909 novari,
992 2829 1067 2892 item
1079 2829 1164 2901 datis
1179 2829 1429 2914 fidejussoribus,
1454 2827 1509 2894 uel

207 2935 396 3022 pignoribus
420 2935 611 3017 confirmari,
635 2927 836 3021 quamquem
850 2937 964 3001 eadem
978 2937 1062 3000 actio
1075 2955 1141 3012 non
1162 2936 1331 3018 impetrata
1345 2933 1509 3006 abacto·

203 3067 243 3136 're
258 3048 355 3115 venia
369 3047 402 3112 in
413 3047 534 3133 Judicio
556 3053 687 3132 proponi
702 3067 767 3114 non
783 3049 892 3133 possit
935 3045 1027 3120 Quid
1042 3067 1125 3126 vero,
1149 3047 1175 3110 si
1190 3057 1280 3130 pater
1293 3045 1370 3114 olim
1385 3044 1510 3110 dissen-

210 3161 302 3242 tiens,
326 3161 441 3228 deinde
464 3145 657 3228 consentiat?
700 3161 814 3240 Quid·
828 3163 854 3224 si
870 3171 960 3244 pater
984 3161 1153 3227 moriatur?
1195 3159 1299 3240 Quid,
1325 3159 1353 3223 si
1368 3157 1442 3222 telis
1456 3175 1510 3221 ee·

210 3291 267 3337 sus
282 3283 432 3356 emergat,
457 3291 522 3356 quo
537 3272 677 3355 amplius
702 3281 791 3354 pater
806 3289 865 3334 nec
885 3269 1065 3348 dissentire,
1092 3289 1151 3334 nec
1176 3269 1357 3333 consentire
1383 3265 1509 3332 valeat?

202 3382 310 3450 Tunc
325 3403 404 3448 sane
429 3383 520 3448 loeus
536 3383 591 3447 fiet
614 3381 705 3444 alteri
720 3377 920 3463 sponsalium
934 3379 1070 3458 effectui,
1096 3388 1133 3446 ut
1148 3377 1390 3442 matrimonium
1411 3373 1513 3438 etiam

211 3494 297 3560 licite
320 3496 536 3575 contrahatur,
561 3513 627 3558 non
649 3493 743 3575 quasi
765 3491 957 3574 obligatione
982 3501 1051 3556 tum
1066 3493 1207 3574 primum
1232 3497 1422 3571 emergente,
1449 3483 1509 3549 sed

211 3608 308 3689 quasi
323 3607 450 3672 sublato
475 3605 712 3689 impedimento,
738 3601 826 3684 quod
851 3601 961 3664 oberat
984 3599 1187 3684 obligationis
1201 3597 1384 3664 executioni
1408 3595 1512 3690 unde-

211 3735 351 3800 cumque
373 3716 565 3800 implendae.
608 3713 776 3778 Praaterea
800 3712 942 3790 observo,
968 3709 1099 3792 quando
1114 3711 1148 3774 in
1174 3731 1213 3774 ea
1227 3707 1415 3792 quaestione
1439 3723 1512 3768 ver

213 3841 331 3904 samur,
347 3841 428 3887 num
453 3823 606 3906 obligatio
621 3819 862 3903 seuyinculum
878 3817 1078 3902 sponsalium
1095 3821 1259 3898 consistat,
1284 3837 1350 3882 non
1364 3829 1431 3880 tam
1446 3812 1511 3877 sol·

214 3929 317 3994 licitos
330 3929 430 3996 fuisse
455 3931 564 4014 legum
579 3926 767 4008 conditores,
786 3938 817 3990 et
832 3929 978 4010 publicae
993 3926 1350 4011 disciplinaeviudices,
1375 3921 1454 4007 quid
1468 3921 1511 3987 ri·

214 4051 245 4106 te
259 4039 423 4124 agendum
438 4039 554 4104 deinde
568 4039 609 4102 sit
624 4039 751 4120 sponsis
764 4037 806 4101 ad
822 4047 943 4100 rectum
958 4035 1153 4100 familiarum
1167 4035 1314 4098 ordinem
1328 4031 1511 4098 custodien-

212 4145 303 4230 ¹duur,
318 4147 352 4211 in
375 4167 440 4229 quo
454 4147 579 4230 privata
604 4159 750 4210 versatur
764 4146 895 4225 utilitas,
921 4165 1021 4228 quam
1036 4145 1188 4208 sollicitos
1202 4143 1347 4206 extitisse
1360 4142 1402 4206 de
1416 4159 1511 4225 spon·

213 4259 332 4347 palium
347 4257 551 4323 consectariis
572 4259 667 4342 juxta
682 4257 846 4340 publicam
866 4255 1012 4334 formam,
1039 4255 1072 4318 in
1088 4271 1152 4336 quo
1167 4265 1312 4316 versatur
1326 4253 1447 4316 bonum
1462 4269 1512 4312 su

213 4371 344 4451 cietatis,
372 4369 505 4454 privatis
529 4387 609 4432 sane
634 4365 819 4445 commodis,
850 4375 882 4428 et
907 4363 1083 4428 rationibus
1109 4359 1362 4444 praeferendum.
1415 4357 1510 4429 Quid

213 4481 301 4568 enim
315 4501 365 4549 ex.
382 4499 437 4568 gr,
450 4479 479 4544 si
494 4489 565 4564 pust
579 4488 743 4547 contracta
758 4487 847 4560 patre
861 4473 1069 4538 dissentiente
1083 4469 1277 4556 sponsaliae
1292 4465 1511 4559 trimembres,
