3276 4984
335 367 466 415 aursus
489 367 539 412 ux
561 366 685 412 canere
708 365 903 417 sroussnre
926 368 1208 414 nrssoavnurua.
1386 348 1428 416 89

129 486 238 580 niente
245 486 316 552 siue
330 507 438 572 aequa
451 507 552 554 causa
566 507 704 572 sponsus
719 489 874 554 detrectat
897 488 996 554 tidem
1020 489 1162 572 implere,
1192 499 1225 553 et
1238 487 1358 554 differri
1373 490 1430 556 ad·

129 595 189 660 buc
204 595 450 662 matrimonium
464 596 613 680 postulat,
634 615 706 678 cap.
720 595 770 660 22.
787 595 827 658 de
856 597 1039 679 sponsalib,
1069 616 1134 678 quo
1148 597 1310 675 delinitur,
1332 597 1428 662 licere

129 721 270 786 sponsae,
285 723 371 786 quae
386 717 498 788 parata
511 715 579 768 erat
595 705 742 768 veniente
757 703 809 768 die
824 703 866 768 ad
886 705 1130 768 matrimonium
1158 701 1426 784 contrahendum,

127 812 167 874 ad
193 813 277 876 alias
306 815 439 897 nuptias
467 813 638 896 adspirare,
668 814 766 878 etiarn
796 814 823 876 si
838 813 1002 896 sponsalia
1017 811 1136 876 suerint
1153 812 1361 898 jurejurando
1377 810 1429 875 lir-

126 930 219 984 mata
264 920 348 983 Itern
362 921 527 1004 contingit,
543 923 667 1004 quoties
696 941 835 1006 sponsus
859 922 915 986 diu
945 922 1030 985 adsit
1045 923 1098 1001 ita,
1116 933 1152 986 ut
1167 941 1239 1006 spes
1255 922 1346 986 nulla
1375 941 1428 988 su·

125 1029 226 1111 parsit,
242 1048 322 1094 eum
336 1030 424 1094 brevi
440 1050 651 1110 reversurum,
668 1051 737 1114 cap.
755 1033 784 1094 5.
801 1029 841 1094 de
857 1031 1008 1114 sponsal,
1025 1031 1081 1094 ubi
1097 1051 1172 1094 cum
1184 1040 1316 1109 certum,
1327 1029 1427 1094 deter-

125 1137 351 1218 minatumque
366 1146 493 1220 ternpus
506 1157 573 1202 nou
587 1137 782 1222 designetur,
798 1137 1018 1222 supplendum
1047 1139 1105 1202 erit
1134 1157 1176 1210 ex
1204 1137 1224 1201 l.
1255 1139 1284 1202 2.
1312 1137 1371 1200 cod
1386 1137 1427 1202 de

123 1245 262 1327 sponsal.
294 1266 338 1310 ex
351 1265 418 1328 qua
433 1247 558 1310 absenti
584 1247 669 1312 intra
683 1247 832 1312 eamdem
849 1247 1047 1332 provinciam
1063 1247 1184 1312 biennii
1211 1259 1339 1330 tempus
1353 1265 1428 1311 con·

123 1356 255 1438 ceditur;
272 1357 356 1439 quin
370 1357 477 1422 ullum
491 1359 655 1440 negotium
672 1358 811 1422 facessat
828 1359 879 1422 lex
894 1359 924 1422 2.
940 1357 1010 1421 aod.
1025 1357 1065 1420 de
1078 1357 1230 1442 repudiis;
1242 1357 1329 1440 quod
1339 1357 1427 1420 enirn

119 1465 184 1549 jam
198 1467 332 1531 triennii
347 1478 474 1550 tenipus
497 1470 720 1550 exspectatum
734 1468 769 1530 in
795 1467 956 1550 proposita
971 1468 1077 1552 specie
1105 1465 1208 1546 inerit,
1239 1465 1280 1529 ad
1304 1465 1427 1530 factum

123 1577 264 1658 pertinet,
280 1595 349 1640 nort
362 1573 405 1638 ad
414 1575 496 1660 juris
511 1575 666 1658 regulam3
683 1576 745 1642 nisi
771 1575 876 1639 dicere
889 1574 995 1654 inelis,
1025 1574 1196 1654 Valeriani,
1225 1583 1258 1636 et
1286 1571 1427 1636 Gallreni

123 1685 329 1767 prudentiam
344 1685 532 1768 abrogatam
554 1683 663 1764 luisse,
686 1703 745 1748 seu
760 1685 844 1748 intra
872 1685 1020 1750 breviora
1049 1694 1191 1766 tempora
1220 1693 1425 1762 coarctatam,

124 1793 353 1878 Imperatorem
367 1792 549 1858 Constantii
564 1802 595 1856 et
610 1793 799 1858 Constantis
814 1794 1051 1860 constitutione.
1095 1794 1201 1858 Immo
1212 1811 1272 1876 ego
1286 1811 1353 1858 non
1367 1792 1429 1856 du·

123 1902 193 1984 bito,
208 1908 317 1987 ipsam
332 1901 442 1968 adhuc
471 1921 633 1984 sponsam,
650 1921 715 1968 nou
742 1913 927 1986 exspectato
945 1903 1064 1968 biennii
1092 1903 1239 1984 termino,
1259 1912 1371 1986 ¹petere
1392 1902 1426 1967 in

118 2013 239 2098 judicio
266 2032 363 2097 posse
394 2011 596 2096 sponsalium
632 2012 888 2093 dissolutionem,
920 2013 948 2076 si
985 2032 1047 2076 sua
1075 2013 1226 2076 interesse
1254 2011 1426 2095 putaverit;

123 2123 198 2206 qnia
210 2128 248 2188 in
263 2141 297 2186 re
310 2123 486 2206 plurimum
501 2122 688 2207 indulgetur
716 2123 845 2186 arbitno
865 2121 1032 2206 prudentis
1051 2119 1178 2206 judicis,
1194 2121 1251 2204 qui
1266 2140 1345 2184 sane
1360 2139 1427 2186 non

123 2233 375 2298 omittetrocare
400 2233 435 2296 in
455 2233 510 2316 J'us
538 2252 696 2316 sponsum
724 2233 902 2314 absentem,
934 2233 973 2296 iis
1000 2231 1132 2316 receptis
1162 2229 1276 2310 modis,
1306 2231 1426 2315 quibus

123 2345 218 2410 etum
232 2343 424 2408 absentibus
438 2340 538 2409 indici
553 2342 641 2421 solet,
674 2352 711 2406 ut
724 2363 759 2408 se
776 2344 809 2408 iu
832 2341 956 2426 judicio
985 2341 1109 2422 sistant
1136 2350 1243 2423 posset
1258 2340 1352 2419 enim,
1369 2333 1442 2422 qui'

123 2449 238 2516 absens
250 2460 309 2530 eet¹
324 2467 499 2532 pmpouore
511 2449 674 2532 legitimas
689 2451 854 2516 absentiae
878 2469 1005 2530 carrara,
1017 2451 1097 2514 dum
1112 2471 1147 2514 se
1163 2449 1196 2514 in
1217 2451 1340 2536 judicio
1369 2449 1426 2514 sis

123 2568 203 2640 teret,
219 2558 339 2642 quales
352 2570 429 2624 suut
443 2557 486 2622 ad
500 2559 745 2626 matrimonium
759 2560 1007 2644 propagandum
1017 2561 1089 2644 jure
1114 2560 1274 2644 probatae,
1290 2555 1310 2622 l.
1327 2559 1377 2622 17.
1392 2555 1426 2622 ff.

122 2666 391 2750 desponsalibus
1086 2649 1092 2664 ’
1362 2690 1368 2704 =

160 2775 236 2838 Nou
250 2792 378 2854 semper
405 2773 524 2838 sufficit
533 2778 640 2861 justas
654 2795 773 2842 causas
789 2777 915 2858 habere,
931 2780 1106 2862 exquibus
1121 2779 1279 2845 dissoluta
1294 2800 1426 2866 sponsa·

121 2883 161 2948 lia
174 2895 406 2968 proponantur,
421 2885 478 2950 sed
504 2896 541 2950 ut
555 2887 733 2970 plurimum
757 2887 832 2952 illae
857 2905 966 2950 coram
987 2887 1097 2972 judice
1122 2887 1313 2970 allegandae
1340 2899 1425 2972 sunt,

120 3003 213 3074 atque
228 2993 339 3073 etiam,
364 2993 422 3058 ubi
445 3014 527 3078 opus
552 2996 601 3070 sit,
627 2995 821 3080 probandae,
837 3017 913 3062 curu
929 3017 1095 3082 nusquam
1111 3009 1333 3080 praesumatur
1347 2999 1425 3064 obli·

118 3100 264 3180 gationis‚
281 3119 384 3180 quam
398 3102 497 3166 semel
513 3115 711 3170 contractam
734 3104 835 3170 luisse
859 3127 925 3171 non
947 3110 1129 3190 ambigitur,
1153 3110 1328 3190 dissolutio,
1345 3111 1425 3174 Dixi

119 3210 356 3292 utplurimum,
373 3221 410 3276 ut
434 3213 632 3294 exciperetur
657 3234 763 3295 cesus,
789 3237 855 3298 quo
881 3229 972 3282 tanta
998 3229 1082 3302 asset
1109 3227 1176 3284 tarn
1194 3221 1285 3304 juris,
1312 3241 1425 3302 quam-

117 3310 189 3376 lacti
205 3315 374 3396 certitudo,
392 3327 428 3380 ut
451 3320 571 3385 uenturi
596 3324 705 3384 venire
731 3323 918 3390 indubium
944 3337 1058 3408 posset,
1084 3329 1164 3409 quin
1187 3329 1252 3390 sint
1266 3327 1425 3394 dissoluta

117 3422 292 3504 sponsalia,
315 3425 594 3504 quemadmodum
616 3431 825 3512 contingeret,
852 3431 879 3494 si
907 3434 1058 3498 alteruter
1082 3454 1124 3498 ex
1147 3436 1273 3517 sponsis
1296 3437 1424 3518 publice

118 3533 164 3594 rel
178 3533 428 3598 matrimonium
442 3555 518 3602 cum
542 3538 644 3602 altera
658 3541 880 3620 contraxisset,
897 3543 948 3606 vel
964 3545 1178 3608 monasticam
1193 3545 1423 3626 professionem

118 3643 284 3721 emisisset,
310 3643 362 3706 vel
388 3663 517 3708 sacrum
543 3647 688 3712 ordinem
714 3651 916 3734 suscepisset.
960 3653 1000 3716 In
1025 3652 1205 3736 allegandis
1228 3654 1322 3716 certis
1348 3673 1424 3717 cau·

120 3751 166 3828 sis,
181 3753 306 3834 quibus
321 3753 450 3833 publice
465 3756 603 3836 interest,
631 3758 796 3840 sponsalia
824 3780 889 3824 nen
915 3760 1017 3824 sortiri
1043 3761 1203 3840 effectum,
1230 3762 1362 3843 quando
1377 3761 1426 3824 ni-

120 3860 235 3927 mirum
250 3861 401 3943 coguatio
426 3881 626 3944 sponsorum,
650 3876 708 3928 ant
722 3865 826 3928 simile
842 3867 1007 3948 quoddam
1018 3871 1099 3952 juris
1114 3870 1235 3953 publici
1252 3869 1423 3934 vinculum

117 3984 249 4048 sponsos
265 3967 469 4042 matrimonio
487 3971 582 4056 jungi
605 3971 768 4054 impediat,
793 3976 955 4058 singulare
976 3979 1032 4060 jus
1057 3989 1113 4059 est,
1139 3990 1176 4041 ut
1197 3980 1295 4042 etiem
1310 3979 1337 4042 si
1352 3975 1421 4040 uni-

120 4089 152 4134 co
166 4085 247 4138 teste
262 4075 445 4156 probentur,
461 4077 520 4142 iste
536 4089 643 4144 tamen
659 4081 827 4166 injudicio
844 4095 943 4148 totam
970 4105 1037 4150 reru
1051 4087 1210 4152 conficere
1224 4090 1332 4172 possit,
1347 4107 1423 4152 con·

121 4189 163 4244 tra
186 4203 289 4266 quam
315 4186 445 4268 vigeret,
472 4188 500 4249 si
525 4189 566 4252 de
592 4189 743 4256 celebrati
767 4194 909 4278 conjugii
932 4195 1143 4262 dissolutione
1167 4213 1322 4281 ageretur,
1349 4215 1419 4280 cap.

120 4289 164 4352 22.
187 4291 229 4356 de
256 4294 398 4376 testibus,
424 4315 492 4379 cap.
520 4298 567 4360 12.
595 4298 635 4362 de
660 4301 874 4384 sponsalibus;
902 4305 1012 4370 immo*
1030 4325 1090 4370 nec
1117 4318 1188 4372 turn
1211 4308 1421 4388 requireretur

120 4403 243 4472 eanum
266 4407 378 4479 citatio
396 4407 577 4492 judiciaria,
600 4410 777 4480 dummodo
801 4423 896 4482 testes
925 4418 987 4568 iprsi
1012 4429 1206 4568 sppppenpp
1222 4437 1255 4480 se
1270 4417 1419 4500 offerant,

977 4523 1034 4568 ou.
1109 4539 1158 4565 .-·-
1204 4549 1211 4565 .
