3276 4984
179 352 222 398 tu
243 353 356 398 etanta
377 351 683 398 cantaturttttottum
706 319 945 398 memarmouta
967 353 1053 396 atrt‘r
1077 349 1330 396 accitanam.
1384 325 1425 392 39

144 473 264 537 titmatis
277 485 362 557 actu3
390 475 516 558 aliquos
531 477 564 540 in
590 495 630 538 ea
643 474 744 540 fuisse
768 475 926 557 opinione,
943 485 978 538 ut
1003 475 1250 538 Sacramentum
1264 489 1335 533 esee
1350 469 1427 565 inei-

142 595 216 666 peret
230 595 300 666 post
314 587 481 667 baptisma,
508 585 639 666 quando
653 587 1016 667 conjuges'conseusum
1031 583 1108 646 oiim
1133 581 1357 663 praestitutum
1371 577 1425 640 vel

36 703 37 724 ¹
141 711 275 777 expresse
290 697 404 772 verbis,
420 696 472 757 vol
487 699 581 758 tacite
594 697 810 775 subsequente
825 693 941 774 copula
967 690 1166 754 confirment.
1210 690 1331 753 Verum
1346 689 1427 770 prio·

141 821 201 865 rum
214 805 321 886 opinio
336 805 417 868 mihi
442 807 519 870 satie
535 805 740 888 placarentur
766 814 878 886 potcst;
895 820 1001 881 neque
1023 801 1110 864 enim
1134 799 1281 882 percipio,
1294 801 1428 878 qrromoss

140 908 250 974 desine
264 912 368 976 sorrna
383 920 403 978 a
430 913 574 977 ministro
591 914 803 995 pronuntiata,
827 914 852 974 si
869 910 1075 976 Sacerdotem
1101 911 1303 982 Sacramenti
1318 907 1438 970 minis·

140 1028 211 1082 trum
225 1038 459 1104 supponamus,
475 1036 533 1084 atu
546 1021 573 1084 si
589 1023 799 1086 ministerium
824 1020 1155 1085 Sacramenti'dcmtrs
1170 1013 1369 1100 conjugibus,
1384 1007 1427 1078 na

139 1125 341 1210 cogitantibus
355 1129 487 1214 quidam
502 1129 624 1194 eisdem
638 1129 678 1191 de
693 1131 903 1194 Sacramento
914 1126 1137 1204 ministrando,
1145 1121 1423 1222 suscipiendoque
1519 1135 1521 1140 ’

138 1235 373 1302 Sacramentum
396 1239 595 1303 conficietur.
639 1237 745 1302 ldrmc
759 1240 926 1320 sidugae,
946 1239 1105 1324 'coniuges
1132 1233 1205 1328 ilios
1221 1251 1285 1298 non
1310 1228 1427 1306 eodem

138 1353 263 1428 tempere
277 1349 446 1430 baptizari,
465 1367 505 1412 eo
519 1349 692 1431 majoribus
717 1348 961 1416 difficultatibus
976 1365 1043 1410 rem
1060 1344 1243 1412 involutam
1258 1329 1425 1424 agnosces}

137 1471 202 1518 uam
212 1475 292 1520 cnm
305 1458 555 1522 Sacramentum
569 1477 635 1522 noa
650 1458 699 1536 ait,
715 1458 777 1520 uisi
789 1458 822 1520 in
839 1465 972 1538 utroque
986 1457 1132 1538 conjuge,
1148 1473 1213 1518 non
1227 1450 1332 1530 video,
1348 1447 1437 1530 quo·'

137 1561 265 1629 ruodoin
285 1567 482 1648 baptismate
498 1566 595 1630 unius
618 1565 724 1648 possit
746 1583 827 1628 esee
842 1564 1091 1638 Sacramentum
1115 1559 1257 1643 conjugii
1279 1557 1426 1656 etiamin

139 1669 228 1752 altero,
249 1679 310 1757 qui
335 1675 446 1740 adhuc
460 1675 670 1758 baptismum
682 1683 857 1756 exspectat
873 1685 931 1737 eut
943 1671 1107 1755 quomodo
1126 1655 1427 1752 inbaptismate'al-

138 1783 220 1846 teu'as
233 1785 370 1868 incipiat
384 1807 455 1852 esse
467 1788 714 1852 Sacramentum
729 1788 763 1852 iu
787 1797 932 1868 utroque,
947 1785 1084 1869 quando,
1094 1783 1154 1864 hia,
1169 1783 1226 1866 qui
1241 1791 1338 1848 autea
1353 1781 1428 1866 bap-

137 1894 239 1959 tizatus
253 1908 314 1976 est,
340 1897 419 1964 sorte
434 1899 474 1962 de
495 1898 688 1964 conferendo
713 1899 924 1963 Sacramenta
938 1909 1003 1964 nou
1025 1899 1152 1980 cogitet.
1195 1901 1265 1960 Nec
1279 1894 1439 1978 pastorio--

136 2017 197 2064 mm
208 2004 320 2086 opinio
335 2005 414 2068 eatis
436 2003 632 2069 conve'aiens
649 2005 728 2070 mihi
754 2004 889 2084 videtur,
906 2015 1015 2088 utente
1035 2022 1120 2087 quae
1135 2023 1178 2066 ex
1192 2019 1256 2068 usu
1270 2001 1340 2084 ipso
1355 1993 1432 2082 coti}
1466 2039 1470 2048 ·

132 2109 201 2192 jugii
212 2111 465 2176 Sacramentum
480 2131 640 2196 emergere
665 2133 759 2196 posse
773 2113 936 2196 supponiu
953 2132 1057 2194 neque
1071 2111 1158 2176 satis
1172 2118 1327 2172 consonat
1343 2107 1439 2182 Seu·

135 2221 188 2285 cilii
200 2223 389 2288 Tridentini
403 2225 537 2306 decreto,
552 2247 616 2310 quo
631 2229 700 2291 sine
717 2209 896 2309 praeseutia
913 2224 1048 2312 Paroeiti
1063 2222 1306 2288 matrimonium
1321 2225 1427 2306 rantra

135 2349 269 2397 mnenon
296 2353 395 2417 posse
420 2335 590 2400 definitum
609 2347 667 2417 est;
694 2341 773 2418 quin
800 2336 898 2415 dicas,
925 2335 1157 2398 Tridentinum
1183 2315 1348 2400 decretum
1362 2347 1430 2412 nttnv

134 2441 247 2508 adicere
260 2445 471 2510 matrimonia
495 2447 529 2509 in
544 2445 734 2510 infidelitate
758 2429 931 2528 contracta5
949 2463 1053 2526 neque
1078 2443 1166 2506 euim
1181 2459 1333 2523 repugno,
1343 2437 1428 2534 ,quia

133 2549 215 2614 tideo
227 2553 270 2618 de
284 2565 455 2620 contractu
470 2557 540 2639 jam
555 2555 632 2620 inito
655 2537 843 2620 sermonem
857 2556 992 2638 institui.
1035 2555 1078 2619 At
1093 2571 1169 2618 cum
1184 2551 1228 2616 de
1239 2543 1429 2645 Sacramen-

132 2666 160 2719 to
171 2658 332 2741 loquimur
346 2672 418 2744 post
443 2663 640 2744 baptismum
654 2663 869 2746 suscipiendo,
895 2665 982 2746 quod
997 2662 1119 2728 scilicet
1144 2671 1216 2743 post
1230 2659 1427 2741 baptismum

133 2765 243 2830 accedit
256 2767 495 2832 sanctificando
519 2773 697 2835 contractui
713 2773 791 2834 inito
805 2784 881 2836 aute
895 2773 1101 2856 baptismum,
1123 2788 1181 2832 cur
1195 2766 1437 2855 Tridentinum‘
1472 2761 1476 2768 ’

133 2870 296 2954 decretum,
322 2875 411 2958 quod
434 2877 747 2960 baptizatos'omnes
770 2881 900 2964 obligat,
927 2880 1034 2947 locum
1063 2897 1130 2944 uon
1150 2889 1200 2942 est
1224 2871 1426 2974 habiturum?

133 2983 219 3054 Quod
233 2987 262 3050 ei
288 2986 399 3051 adhuc
413 2988 581 3053 nonnullis
594 3008 633 3052 ea
647 2990 755 3072 opinio
780 2969 1141 3072 placeatnihiiomious
1164 2987 1426 3066 consectatorem

132 3091 231 3159 habeo.
276 3097 448 3180 Siquidem
471 3119 537 3182 qao
551 3112 692 3182 tempore
717 3115 788 3184 post
813 3111 1001 3184 susceptum
1026 3099 1196 3183 baptisma·
1212 3099 1352 3190 necdum
1367 3091 1428 3170 ,aui

131 3221 276 3287 expresse,
287 3205 688 3274 auttaci'teoouiirruatum
699 3206 939 3276 matrimonium
956 3213 1176 3296 aeonjugibus
1192 3210 1261 3297 suit,
1274 3207 1431 3288 nourufi-·

132 3314 314 3402 tiaturipee,
330 3322 469 3404 conjugii
484 3341 555 3384 esse
568 3333 771 3386 contractum
793 3324 862 3386 siue
887 3325 1028 3407 conjugii
1051 3323 1270 3388 Sacramenta.
1305 3323 1423 3410 'Finge
1532 3409 1536 3418 ¹

132 3441 206 3490 nunc
219 3427 323 3490 aliam
338 3426 487 3510 speciem:
503 3423 656 3494 nimirum
682 3431 924 3500 matrimonium
945 3433 1099 3496 celebrari
1113 3433 1196 3496 inter
1210 3431 1420 3514 baptizatum,

131 3537 432 3602 attatechumenam
448 3537 591 3620 legitima
616 3539 789 3602 accedente
812 3539 1079 3624 dispensatione,
1105 3545 1222 3608 Nonne
1236 3541 1417 3630 baptizatus

133 3655 317 3712 contractum
332 3647 510 3712 celebrasse
525 3647 649 3712 dicetur
660 3647 966 3714 stnesaoramentot
987 3653 1026 3716 ld
1037 3656 1167 3738 passim,
1178 3657 1416 3738 paucisexcep-
1484 3705 1487 3714 .

134 3753 398 3838 titet'l'heoiogi
424 3767 456 3820 et
480 3757 653 3821 Senonum
678 3757 868 3840 Interpretee
890 3759 1032 3840 traduut;
1058 3771 1090 3824 et
1112 3781 1314 3844 quamquam
1340 3751 1413 3836 sint,

134 3867 377 3953 quiscripseriut,
394 3887 435 3931 ex
450 3881 540 3952 parte
554 3869 706 3951 baptizati
733 3871 979 3936 Sacramentum
1004 3885 1084 3952 esse3
1110 3893 1186 3958 rogo
1209 3875 1289 3952 illos,
1317 3884 1353 3936 ut
1367 3873 1413 3934 in-

130 3973 220 4042 dicent
246 3979 337 4059 mitri,
366 3974 433 4062 'cluo
461 3979 662 4042 ministrante
686 3979 934 4043 Sacramentum
958 3982 1139 4064 baptizatus
1168 3981 1334 4070 acceperit.
1377 3975 1431 4041 Si'

130 4083 200 4147 euim
213 4087 236 4148 ii
250 4097 337 4164 aunt,
353 4087 410 4167 qui
424 4089 577 4168 conjuges
603 4085 688 4168 ipsos
715 4085 846 4148 tradunt
869 4087 1009 4150 invicem
1035 4089 1094 4151 sibi
1120 4107 1190 4152 esse
1211 4088 1413 4158 Sacramaut'r

36 4259 37 4276 χ
129 4195 284 4275 ministros,
300 4197 414 4260 docere
428 4197 597 4272 debebunt,
620 4197 784 4279 quomodo
809 4197 877 4261 fieri
902 4200 1010 4281 possit,
1036 4173 1312 4276 catechumenam,
1329 4185 1413 4278 quae

129 4297 251 4387 incapax
265 4317 314 4370 eet
328 4306 542 4388 suscipiendo,
569 4325 642 4369 esee
664 4307 858 4376 etinferendo
883 4311 1093 4376 Sacramento
1117 4331 1281 4394 capacam3
1295 4313 1412 4392 'neque
1488 4297 1492 4304 ’

128 4407 200 4474 euim
213 4413 302 4476 abuti
316 4431 372 4476 eos
386 4413 486 4478 veiim
499 4415 711 4482 similitudine
735 4423 905 4484 necessarii
919 4421 1138 4514 ,Sacramenti
1162 4421 1258 4508 quel'e
1274 4436 1322 4489 est
1336 4424 1412 4508 bap-
