3168 4982
267 489 314 537 na
329 489 462 549 nonus,
486 445 529 534 re
553 483 869 536 consummemus
891 481 1149 536 couruaroauu.
1298 461 1363 532 285

77 609 123 690 lea
135 621 164 674 et
176 611 209 674 in
225 611 384 695 Capitulis
401 609 535 674 lietardi
551 611 755 675 Turonensis
770 631 839 695 cap.
858 611 927 676 130.
956 613 998 677 Ut
1013 613 1128 677 trullus
1142 611 1263 677 occulte
1277 633 1362 696 nup·

78 721 256 802 tiassaeiet;
280 731 311 782 et
326 721 359 784 iu
374 722 441 784 libr.
467 721 497 782 6.
515 719 750 802 Capiurlarium
765 739 834 802 cap.
858 716 927 784 133.
946 717 1013 785 Nec
1026 723 1099 784 sine
1109 721 1254 805 publicis
1275 741 1361 805 narp-

79 831 306 916 liisqaisquern
333 831 452 892 uerbere
472 839 683 913 praesumat;
709 839 740 891 ct
766 825 905 909 denique
920 830 953 891 in
981 829 1048 892 libr.
1064 829 1094 891 7.
1120 849 1191 912 cap.
1209 829 1277 894 179.
1304 828 1359 892 cui

78 949 209 1000 consonat
224 937 406 1000 Concilium
423 935 650 1020 Troslcjanum
677 957 745 1019 cap.
761 935 801 1016 8.,
816 947 847 998 et
872 939 965 1000 Isaac
979 937 1195 1019 Lingonensis
1218 939 1251 1002 in
1268 939 1310 1000 tit.
1328 939 1358 1000 5.

78 1063 130 1128 cap.
144 1047 180 1126 6.,
195 1047 360 1113 sancitum
386 1055 442 1124 est,
460 1057 494 1107 ut
506 1047 658 1130 publicae
678 1031 821 1130 'areptiae
847 1045 887 1109 ab
902 1045 963 1124 dis,
991 1047 1048 1132 qui
1062 1049 1180 1110 uerbere
1206 1049 1354 1132 cupiunt,

72 1157 210 1238 fient...
228 1157 295 1220 Sed
306 1163 407 1242 prius
422 1157 658 1222 correctricudus
673 1165 720 1218 est
737 1155 905 1234 Sacerdos,
931 1157 968 1218 ire
983 1157 1078 1240 atejus
1093 1155 1261 1220 Paracltia
1276 1177 1362 1240 urrp·

78 1266 209 1350 tiaefieri
224 1265 337 1330 debent
364 1263 399 1328 in
418 1265 567 1328 Ecclesia
594 1281 704 1326 corum
715 1263 840 1348 popula
857 1263 918 1356 rie,
959 1258 1048 1324 Num
1065 1281 1139 1323 vero
1161 1261 1247 1324 irrita
1262 1265 1360 1328 etiam

76 1383 206 1454 perpetuo
222 1369 373 1454 conjugia
396 1369 512 1432 scierint
537 1369 623 1446 elatu
638 1379 812 1448 contracta,
840 1387 905 1430 non
920 1385 987 1430 uua
1002 1365 1187 1430 defiuitione
1209 1369 1361 1432 concludi

76 1493 167 1562 potest.
204 1481 320 1542 Primis
333 1479 498 1542 Ecclesiae
515 1479 652 1540 saeculis
664 1475 772 1538 adhuc
788 1475 1029 1538 matrimonium
1045 1477 1246 1557 consistebat,
1263 1497 1359 1558 quae-

74 1607 194 1668 cumque
210 1587 396 1650 solemnitas
412 1586 574 1664 defuisset,
592 1585 610 1647 l.
626 1585 655 1648 3.
682 1583 751 1646 cod.
768 1583 895 1646 Theod.
924 1579 963 1645 de
979 1595 1068 1666 nupt.
1084 1583 1137 1646 ibi:
1155 1584 1196 1647 Si
1211 1587 1355 1650 donalia-

76 1717 140 1760 ruurr
151 1707 223 1762 aute
234 1697 380 1780 nuptias,
395 1696 540 1762 caldelis
551 1696 775 1758 iustrumenta
785 1693 958 1800 defrreaiul,
970 1693 1095 1776 pompa
1107 1693 1214 1768 etiarn,
1228 1693 1362 1776 aliaque
1403 1719 1414 1740 κ

74 1811 253 1896 areptiarum
265 1807 433 1870 celebritas
450 1807 633 1884 orniltalur,
646 1805 761 1867 rudius
776 1804 914 1866 destinet
928 1801 964 1863 ab
981 1801 1017 1863 id
1030 1801 1146 1878 deesse,
1167 1809 1249 1862 recte
1270 1801 1360 1863 alias

75 1918 141 1980 inito
151 1917 310 2002 conjugio,
318 1915 527 1998 firmitatem,
539 1917 589 1978 cel
603 1915 792 1978 exacuetis
808 1911 918 1974 liberis
925 1913 1011 1998 jura
1023 1927 1117 1992 posse
1132 1909 1361 1989 legitimorum

74 2029 194 2110 arrserri.
233 2029 330 2096 Quae
340 2005 592 2110 jurisprudentia
607 2023 752 2088 noudum
768 2021 901 2084 discisso
915 2021 1049 2104 imperio
1064 2009 1244 2099 constituta,
1260 2039 1298 2082 ac
1310 2019 1362 2082 fir·

74 2145 154 2212 mata,
166 2135 197 2195 in
208 2132 409 2195 Occidentali
431 2153 541 2214 acque,
555 2145 650 2215 atque
672 2134 704 2194 in
716 2129 870 2194 Orientali
883 2124 1031 2191 Ecclesia
1040 2126 1184 2192 obtinuit.
1207 2129 1226 2192 J
1232 2129 1361 2192 ustinia·

73 2262 123 2308 nus
138 2237 310 2330 Imperator
326 2245 357 2307 iu
372 2257 457 2327 parte
470 2253 489 2310 a
501 2243 732 2310 Tricensima
746 2243 814 2327 lege
827 2245 963 2320 recessit,
977 2243 1010 2305 in
1026 2243 1113 2326 parta
1125 2239 1272 2338 eamdem
1288 2261 1362 2306 con-

73 2351 208 2436 firmarit,
226 2375 303 2418 nam
317 2355 347 2416 in
361 2353 444 2418 Nor.
457 2355 506 2434 rt,
519 2375 587 2438 cap.
602 2355 630 2416 4.
645 2357 760 2432 sanxit,
777 2365 812 2417 ut
826 2373 890 2416 non
903 2355 1024 2418 aliterd
1039 2353 1113 2416 viris
1125 2343 1360 2436 spectabilibus

71 2475 117 2526 aut
131 2465 160 2526 iu
176 2465 333 2548 dignitate
358 2463 539 2528 constitutis
566 2461 696 2543 nuptiae
714 2461 832 2541 flerent,
857 2481 957 2544 qrram
983 2463 1118 2554 publice,
1144 2473 1176 2524 et
1191 2461 1232 2524 ad
1248 2481 1362 2546 quam·

72 2571 300 2636 demorationis
316 2571 450 2634 domrrm
475 2589 583 2634 coram
599 2571 767 2634 Ecclesiae
795 2567 979 2651 Defensore,
1004 2572 1289 2634 intervenientibus
1311 2573 1361 2635 tri·

71 2679 128 2758 bus,
143 2693 199 2744 aut
214 2691 353 2764 quatuor
379 2678 520 2762 Clericis,
545 2688 576 2742 et
591 2679 674 2742 sacto
690 2679 722 2742 in
750 2682 875 2764 scriptis
891 2683 934 2744 rei
950 2690 1059 2764 gestae
1081 2693 1299 2762 monumento,
1316 2681 1361 2744 ita

71 2797 100 2850 ut
112 2790 136 2852 si
149 2810 186 2852 ea
201 2789 305 2880 forma
320 2809 385 2854 non
401 2789 615 2868 intercederet,
641 2767 747 2852 irrit'ae
763 2791 894 2874 nuptiae
920 2789 1031 2871 torena
1059 2801 1221 2853 caeterum
1237 2809 1301 2854 non
1317 2791 1361 2854 ita
1430 2799 1435 2810 '

70 2897 254 2962 serrandum
271 2897 373 2960 voluit
387 2898 421 2960 in
437 2897 556 2980 nuptiis
572 2897 765 2978 inferiorum,
781 2909 812 2960 et
827 2897 1035 2960 obscurarum
1050 2889 1268 2982 personarum,
1293 2895 1360 2959 illo-

69 3022 200 3090 rumque,
216 3007 273 3090 qni
288 3017 431 3071 armatae
453 3007 585 3071 militiae
602 3025 717 3070 nomeu
742 3005 915 3070 dedissent.
958 3005 978 3069 J
982 3017 1121 3088 ungatur
1136 3003 1273 3069 Novella
1289 3005 1359 3081 117,

69 3133 128 3196 cap.
142 3117 171 3182 t.
215 3112 307 3180 Haec
317 3115 570 3202 jurisprudentia
585 3116 619 3179 in
634 3115 765 3180 Oriente
778 3127 905 3180 tantum
922 3115 1132 3206 promulgata,
1159 3115 1229 3178 nod
1240 3113 1300 3178 suit
1315 3133 1361 3177 re·

68 3225 196 3306 captain
224 3225 373 3288 Ecclesia
399 3223 611 3288 Occidentali.
654 3223 760 3288 Immo
775 3236 806 3287 et
821 3225 881 3310 ipsi
907 3223 1077 3310 orientales
1102 3223 1362 3289 abJustinianea

69 3329 230 3415 disciplina
246 3345 451 3414 recesserunt,
469 3334 589 3418 passim
604 3329 722 3397 deinde
738 3333 897 3398 universis
913 3334 982 3396 sine
998 3334 1065 3398 ulla
1080 3333 1280 3396 solemnitate
1295 3351 1361 3396 ma·

70 3435 208 3502 trimetria
233 3441 508 3508 contrahentibus.
551 3442 638 3506 Hinc
663 3442 731 3506 Leo
760 3441 975 3525 Philosophus
1000 3431 1176 3524 imperator
1200 3459 1266 3506 non
1294 3454 1361 3508 tam

68 3541 295 3614 Jrrstinianeam
312 3549 416 3634 legem
433 3551 576 3632 restituit,
591 3570 693 3632 quam
708 3551 876 3634 ampliavit
900 3551 942 3614 ad
966 3569 1079 3613 omues
1094 3549 1263 3616 hominum
1287 3569 1362 3638 con·

67 3651 203 3736 ditiones,
218 3667 373 3738 statuens,
389 3668 424 3720 ut
439 3659 644 3722 matrimonia
658 3659 727 3721 sine
742 3655 939 3722 sacerdotali
961 3655 1181 3720 benedictione
1196 3667 1363 3721 contracta

21 3777 22 3786 ¹
67 3761 181 3828 arellius
196 3765 341 3830 nomenti
357 3761 466 3846 serent,
491 3785 556 3830 una
570 3769 667 3830 etiarn
683 3779 714 3829 et
728 3767 964 3830 concubinatus
985 3766 1212 3830 obscuritatem
1228 3765 1363 3830 damna·

67 3871 114 3949 cir,
131 3875 209 3938 nihil
225 3875 366 3960 amplius
383 3875 525 3938 medium
541 3874 726 3958 relinquens
743 3877 825 3937 iuter
839 3873 1042 3954 coelibatum,
1059 3883 1091 3936 et
1106 3873 1295 3956 legitimum,
1315 3891 1362 3938 ra·

68 3993 193 4066 tumque
209 3985 459 4064 matrimonium,
483 3983 565 4048 Nov.
581 3984 632 4048 89.
676 3984 715 4046 Iu
728 3981 916 4064 Occidente,
933 3983 988 4046 uhi
1004 4003 1108 4065 neque
1130 3981 1269 4047 Novella
1283 3979 1362 4046 Leo
1385 3997 1391 4010 “

66 4091 112 4152 nis
129 4103 252 4185 recepta
267 4091 336 4172 suit,
353 4094 456 4176 prisca
468 4091 639 4174 disciplina
653 4089 833 4156 Theodosii
848 4091 963 4174 Magni
978 4091 1034 4155 dlu
1046 4101 1174 4154 servata
1186 4103 1242 4170 est,
1259 4087 1362 4154 donec

66 4193 203 4262 isidorus
217 4199 377 4262 Mercator
391 4199 452 4260 sub
468 4199 597 4262 nomine
612 4197 754 4261 Evaristi
771 4197 938 4282 scripserit,
964 4201 1091 4262 omissis
1106 4197 1362 4261 solemnitatibus

67 4307 248 4390 conjuginm
275 4307 454 4398 legitimum
470 4327 540 4369 esse
567 4325 630 4370 uon
647 4323 748 4390 posse,
774 4319 804 4369 et
831 4307 938 4372 ver-ius
962 4309 1173 4387 adulterium,
1200 4307 1362 4370 contuber-

67 4415 166 4493 nium,
182 4425 350 4500 streprarn,
377 4437 415 4479 ae
419 4397 680 4500 fornicationem
705 4417 872 4494 nominari,
888 4435 960 4479 can.
982 4419 1008 4480 l.
1025 4437 1112 4479 caus.
1128 4417 1178 4479 30.
1194 4427 1316 4499 quaest.
1333 4419 1362 4481 5.

67 4522 196 4588 Frustra
212 4523 465 4608 investigaretur,
493 4540 536 4586 an
552 4521 718 4586 clausulae
733 4523 812 4587 istae
827 4523 896 4587 rim
911 4523 1028 4588 decreti
1049 4523 1199 4589 irritantis
1214 4525 1364 4610 habeant,
