3146 4980
203 419 265 488 358
452 444 456 453 ’
549 442 797 488 crassescere·
813 441 981 502 sarcinii,
996 440 1072 485 eae.
1088 415 1148 492 ΠΙ
1277 487 1280 494 ,
1560 409 1561 504 3

200 565 333 649 ligiosac
347 565 656 648 vitaeextorqucria
671 565 784 628 marito
796 563 1027 647 iacilepotcrltl
1037 583 1114 626 can
1124 563 1154 626 2.
1165 578 1256 624 caus.
1265 559 1315 624 33.
1332 561 1486 642 quaesti

198 675 272 740 Nou
288 693 429 740 memoro
454 669 528 738 alia
535 674 652 738 similia
678 675 758 736 bene
773 673 885 750 mulie,
910 693 994 754 quae
1009 691 1170 754 emergere
1186 681 1321 754 possunt
1339 680 1412 752 post
1425 669 1485 733 din·
1560 691 1561 740 l

197 795 326 848 turoam
341 785 517 868 conJ'ugnnr
542 784 829 856 conversationem
858 781 944 845 rrnde
960 781 1139 844 debitor-'e
1127 801 1199 864 Jure
1228 781 1374 844 Ecclesia
1396 777 1487 860 possit

195 888 236 953 de
250 885 363 954 divina
377 891 554 970 vocatione,
578 888 736 972 quidquid
753 909 838 954 umis
854 911 894 953 ex
910 891 1101 974 conjugibus
1126 889 1208 952 serio
1222 889 1381 967 adiiunetJ
1397 901 1485 968 atqua

166 1063 174 1073 ,
198 997 232 1063 in
247 999 346 1063 dubio
370 1000 528 1082 optimum
551 999 720 1061 eonsilium
748 1013 803 1076 est,
830 1012 866 1062 nt
892 999 1021 1064 lirnium
1049 999 1384 1080 tueatureonJuginm,
1406 994 1486 1077 quod
1560 985 1561 1070 3

194 1105 294 1172 fuisse
310 1113 331 1172 a
346 1109 417 1170 Deo
436 1109 586 1202 J'nnctunr
610 1109 785 1170 certissime
801 1117 933 1170 constat.
978 1107 1014 1170 In
1032 1110 1234 1172 nratrunouio
1261 1107 1400 1170 necdum
1419 1123 1484 1168 con·

124 1260 131 1272 -
194 1229 365 1297 summata,
393 1217 449 1280 nbi
472 1216 623 1280 alteruter
648 1218 799 1301 conjnx
793 1216 947 1292 dicatae
974 1217 1094 1280 moveri
1120 1217 1228 1282 trDco
1252 1217 1293 1278 ad
1312 1216 1483 1297 religiosam

195 1325 371 1390 ilteuudarn
386 1326 496 1406 vitam,
512 1326 630 1388 dicenti
647 1323 773 1387 facilius
789 1325 936 1406 creditum
961 1345 1035 1389 cum
1051 1329 1135 1390 eninr
1154 1328 1348 1390 nullneesse
1363 1325 1485 1386 uidean-

72 1537 75 1544 '
145 1551 279 1613 ,mere
293 1538 440 1602 divinam
465 1540 631 1623 explorare
646 1541 855 1622 voluntatem,
881 1561 946 1623 qua
961 1543 1119 1605 ordinario
1146 1563 1232 1606 more
1258 1545 1484 1627 exploratade·
1560 1581 1561 1648 l

191 1649 300 1729 clarat,
317 1670 389 1716 vere
405 1659 425 1717 a
444 1651 510 1715 Deo
526 1663 677 1716 vocatum
692 1654 872 1744 conjugem,
887 1671 926 1715 ac
940 1655 1074 1776 proinde
1088 1667 1293 1718 contractum
1302 1657 1482 1739 eonjugium

191 1770 320 1823 anctore
336 1761 406 1824 Deo
421 1761 564 1825 dissolvi.

233 1869 271 1932 ln
286 1870 372 1932 claro
397 1869 527 1951 lumine,
555 1873 601 1934 uti
617 1869 724 1952 liquet,
750 1869 970 1934 collocataest
986 1871 1075 1964 ratio,
1101 1891 1202 1953 quare
1226 1892 1282 1954 per
1307 1872 1481 1954 religiosam

189 1977 418 2078 professionem
433 1979 629 2042 dissolvatur
644 1981 712 2059 rati,
738 1997 803 2043 nen
819 1998 911 2041 coust
901 1981 1034 2043 ummati
1050 1981 1192 2064 conjugii
1213 1979 1390 2047 virrenlum.
1416 1981 1482 2046 -Εκ

187 2101 253 2166 quo
267 2081 361 2147 facile
376 2087 473 2149 etiem
489 2085 649 2170 colligitur
664 2082 750 2166 ratio,
767 2097 866 2168 qnare
873 2103 953 2150 non
961 2087 1110 2151 similiter
1121 2089 1320 2152 dissolvatur
1331 2109 1388 2172 per
1405 2089 1482 2156 sacri
1560 2079 1561 2168 3

188 2191 320 2264 Ordinis
335 2202 579 2284 susceptionem.
622 2201 753 2265 Etenim
771 2201 883 2264 divina
898 2201 1059 2280 dolituras,
1075 2202 1483 2284 ubi-'agaturdedliaistris

187 2293 287 2370 s'acris
301 2305 497 2388 ordinandis,
526 2327 592 2371 non
606 2310 726 2392 pendet
752 2301 920 2393 praecurre
933 2325 982 2372 err·
993 2311 1177 2373 testimonio
1190 2311 1364 2393 illius,·qni
1377 2323 1483 2376 ester·
1560 2347 1561 2388 ,

186 2411 360 2498 dicendus,
376 2417 437 2479 sed
459 2417 564 2500 potius
579 2417 697 2500 pendet
711 2433 753 2481 err
772 2420 894 2502 jndicio
920 2421 1094 2499 Ecclesiae,
1118 2441 1187 2502 rJrro
1200 2421 1276 2502 qtris
1295 2421 1347 2484 ad
1361 2411 1482 2484 sacram

185 2523 422 2592 ordinationem
438 2508 581 2613 recatur3
596 2529 675 2593 hine
689 2533 853 2596 nemiuem
871 2532 1019 2596 norimus
1039 2531 1081 2594 ad
1091 2532 1314 2596 'monasticem
1324 2531 1424 2594 ritem
1438 2549 1483 2593 re·

184 2617 361 2698 luctantem
377 2635 566 2717 adductum,
592 2637 712 2700 seimus
728 2649 836 2701 antem
851 2633 1074 2704 sanctissimos
1101 2637 1296 2700 vaccariam
1311 2637 1427 2704 invitos
1440 2633 1483 2698 ad
1560 2627 1561 2722 3

184 2739 418 2805 ordinationem
444 2743 633 2806 clericalem
660 2753 810 2806 attrectes
837 2743 1004 2805 Ecclesiae
1019 2742 1180 2826 suffragio,
1205 2743 1490 2825 quemadmodum·

183 2847 225 2911 de
239 2832 395 2930 eligendis
416 2847 591 2935 ‘Episcopls
606 2850 734 2934 ajebant
757 2851 969 2931 Imperatores
984 2849 1059 2928 Leo,
1085 2863 1118 2912 et
1132 2850 1328 2916 Anthemius
1341 2852 1381 2916 »in
1395 2851 1417 2917 i.
1430 2849 1491 2918 st..
1560 2901 1561 2956 ,

183 2955 309 3050 cedde
324 2957 443 3042 Episc,
459 2969 491 3020 et
506 2947 695 3040 Oler.,'qr'ros
709 2959 864 3022 amabant
879 2959 922 3022 ita
938 2961 979 3022 ab
995 2961 1121 3023 ambitu
1139 2961 1390 3041 essesapositos':
1438 2959 1483 3022 Ui

186 3051 370 3156 coenatur
381 3071 554 3152 cogendas,
570 3077 712 3153 regatus
722 3068 857 3152 recedet,
873 3073 1200 3156 trinitates-affligiret,
1214 3073 1288 3136 coln
1300 3073 1351 3137 itit
1364 3074 1482 3155 suffra·
1560 3099 1561 3124 r

183 3189 285 3280 geter
298 3183 476 3246 neccessitas
491 3183 687 3263 accusanda}
700 3185 847 3266 porpricio
859 3185 947 3247 enim
960 3185 1125 3267 indignas
1137 3193 1187 3248 sci
1202 3183 1399 3262 demonic,
1412 3185 1485 3247 crisi

177 3294 286 3374 licerit
300 3291 475 3356 ordinatus
489 3292 624 3354 invitus.
669 3289 814 3353 Proiecto
830 3289 978 3354 Ecclesia
992 3313 1055 3374 ees,
1081 3294 1137 3376 qui
1152 3295 1392 3357 matrimonium
1407 3311 1483 3356 eou-

182 3395 357 3478 tra'xeruut,
381 3417 448 3462 ‘noe
464 3398 544 3462 solet
569 3399 610 3462 ad
626 3417 734 3461 sacros
759 3379 979 3482 suscipiendos
994 3399 1122 3464 ordines
1148 3403 1295 3466 inritare.
1338 3401 1432 3476 Qriod
1450 3419 1481 3464 sr

179 3503 294 3569 divina
309 3505 460 3568 voluntas
475 3495 658 3587 specialiter
670 3504 702 3567 id
719 3503 894 3588 aliquando
909 3507 950 3570 ab
967 3506 1115 3570 Ecclesia
1131 3509 1313 3590 postularet,
1334 3509 1482 3574 Ecclesia

178 3609 259 3699 ipsa,
275 3633 359 3696 quae
384 3613 496 3677 divina
511 3613 641 3676 oracula
666 3613 785 3696 optime
800 3615 903 3692 sentit,
926 3616 1146 3697 agnoscitque,
1170 3625 1248 3680 tnnc
1263 3615 1333 3680 sine
1347 3613 1484 3678 dissolu·

181 3724 267 3787 tione
281 3725 421 3808 conjugii
437 3735 574 3786 vocatos·
594 3729 613 3787 a
630 3723 700 3785 Deo
716 3723 847 3786 meritos
860 3721 1029 3800 ordinaret,
1047 3725 1093 3787 uti
1107 3724 1263 3806 contingit
1280 3723 1369 3807 apud
1383 3723 1481 3786 Grae·
1560 3723 1561 3808 3

177 3849 243 3913 cosJ
261 3831 428 3894 nonenim
455 3847 556 3912 aeque
571 3832 748 3913 conjugum
769 3827 944 3892 conditioni
969 3829 1206 3894 ecclesiasticus
1221 3841 1335 3910 status,
1357 3847 1393 3894 ae
1407 3829 1481 3891 reli·

178 3939 268 4025 glosa
292 3937 445 4024 professio
469 3938 665 4017 adversatnr,
692 3949 814 3999 extrav.
843 3957 897 4000 un.
913 3936 954 4000 de
980 3947 1055 4000 vote
1080 3937 1168 4020 apud
1184 3939 1344 4002 Joannem
1366 3935 1479 4002 XXII·

176 4050 251 4116 Non
266 4059 315 4112 est
339 4059 448 4112 tamen
465 4045 689 4123 dubitandum,
717 4035 908 4126 quinetiam
934 4045 1021 4127 apud
1037 4037 1171 4108 Latinos
1196 4044 1293 4140 recipi
1321 4044 1422 4128 possit,
1437 4055 1482 4105 ut

176 4160 311 4224 maritus
326 4157 425 4220 sacris
452 4153 629 4219 Ordinibus
644 4151 792 4230 initietur,
818 4151 996 4216 dummodo
1013 4171 1095 4214 trxrir
1119 4152 1309 4230 corroserint,
1335 4145 1480 4213 arconti·

171 4265 321 4340 arentiam
346 4273 534 4347 perpetuam
560 4235 753 4344 predicatur,
779 4261 892 4324 eodem
918 4281 997 4324 saue
1013 4257 1120 4340 modo,
1145 4279 1211 4342 quo
1225 4260 1372 4342 superins
1392 4256 1479 4320 dixi-
1560 4261 1561 4310 l

174 4393 258 4457 mus,
275 4376 428 4442 maritum
453 4374 551 4437 etiam
566 4383 790 4437 consummato
805 4373 1012 4436 matrimonio
1034 4390 1134 4438 uxore
1148 4372 1368 4436 consentiente
1381 4385 1480 4454 mssa

157 4551 166 4584 ·.
175 4487 506 4552 sitam'menasticam
521 4481 669 4569 profiteri,
684 4501 755 4549 can.
774 4483 821 4548 lt.
838 4483 911 4550 dist.
926 4483 978 4547 32.

194 1443 253 1510 tur,
269 1453 353 1514 quae
368 1435 563 1496 eontrarium
581 1433 730 1510 iudicent,
756 1435 965 1518 conjecturae,
981 1435 1058 1497 saris
1073 1449 1157 1496 est
1138 1435 1313 1513 Ecclesiae,
1331 1433 1484 1498 ordinario
