3168 4982
152 333 217 400 274
594 353 837 400 ursasnrsnro
859 351 1009 404 curura,

151 481 334 558 nerationis,
360 480 453 568 cujus
467 475 639 562 praecipue
663 497 764 540 cansa
789 479 943 561 conjuges
967 474 1256 558 conjungebantur,
1282 471 1462 556 quoderat

152 584 281 654 illorum
296 587 524 671 Philosophiae
551 586 841 664 accommodatum,
868 583 947 648 dum
974 583 1144 663 traderent,
1170 601 1213 646 ex
1227 600 1314 664 aqua
1335 591 1369 644 et
1389 580 1461 664 igni
1566 569 1567 652 J

149 695 261 758 omnia
285 696 451 777 procreari,
481 693 758 778 quemadmodum
784 693 940 758 indicavit
965 693 1104 774 Ovidius
1129 692 1199 758 libr.
1228 693 1255 755 1.
1286 691 1461 756 Metamou
1566 699 1567 716 ¹

151 800 295 884 phoseou
310 801 364 864 ibi:

284 1017 420 1102 Quippe
433 1015 491 1081 ubi
505 1016 696 1102 temperiem
710 1037 880 1102 satrapserc
894 1017 1074 1104 humorque
1089 1017 1249 1105 calorque,

174 1133 176 1138 ’
282 1127 491 1212 Concipiunt,
507 1135 538 1190 et
552 1127 592 1190 nb
607 1127 661 1190 tis
676 1129 831 1190 oriuntur
847 1135 963 1190 carrecta
977 1127 1110 1190 duobus.

283 1235 432 1322 Cumque
445 1237 490 1300 sit
503 1237 599 1320 ignis
614 1257 720 1320 oquae
730 1255 886 1320 pugnae,
902 1255 1006 1319 vapor
1020 1235 1179 1300 humidus
1193 1255 1312 1300 emices.

281 1345 351 1410 Res
365 1353 461 1424 creat,
478 1353 508 1408 et
522 1343 648 1408 discere
663 1344 968 1426 concordiosetibus
983 1351 1066 1427 apta
1080 1350 1137 1406 est.

154 1557 277 1623 (huitto
291 1565 432 1620 caeteros
457 1555 589 1620 minoris
604 1557 760 1620 momenti
787 1555 875 1634 ritus,
902 1555 957 1636 qui
973 1554 1078 1618 autin
1104 1551 1294 1638 spargendis
1308 1555 1461 1636 nucibus,
1566 1595 1567 1604 κ

154 1676 211 1730 aut
225 1667 259 1730 iu
273 1666 428 1730 cauendis
453 1664 650 1747 quibusdam
665 1663 841 1743 versiculis,
868 1673 966 1746 atque
981 1663 1032 1726 his
1047 1664 1207 1728 similibus
1229 1663 1460 1742 consistebant.

154 1775 227 1850 Nou
244 1796 347 1858 aeque
370 1773 537 1851 solemnia,
562 1775 620 1836 sed
637 1783 745 1837 tamen
769 1771 899 1855 publico
912 1781 998 1834 certo
1023 1772 1086 1835 ritu
1101 1789 1167 1836 non
1190 1772 1463 1852 destituta,=erant

153 1875 306 1965 conjugia
322 1902 378 1965 per
403 1882 637 1964 coemptionem
660 1893 833 1959 conuecta,
860 1879 900 1944 de
925 1881 1044 1962 quibus
1064 1880 1260 1944 mentionem
1275 1879 1348 1944 fecit
1370 1881 1463 1946 Cice·
1566 1915 1567 1934 r

155 2009 190 2055 ro
204 2009 261 2073 pro
276 1989 421 2069 Murena,
446 1999 477 2052 et
492 1990 525 2052 in
541 1989 609 2052 libr.
629 1994 655 2054 1.
683 1991 724 2052 de
739 2001 867 2069 oratore,
895 2000 1051 2072 tauquam
1069 2007 1132 2053 usu
1155 1990 1375 2072 frequentibus
1398 2011 1463 2058 sua

126 2096 129 2104 '
155 2108 267 2162 aetate.
313 2097 438 2161 Mutuis
453 2097 714 2180 stipulationibus
741 2097 822 2161 inter
837 2117 1002 2180 sponsum,
1029 2109 1060 2162 et
1076 2117 1228 2183 sponsam
1253 2097 1364 2163 omnia
1382 2119 1461 2165 con·
1566 2103 1567 2180 ζ

152 2207 376 2286 eludebantur,
392 2207 606 2288 interrogante
622 2225 748 2290 sponso:
764 2209 815 2270 uis
830 2209 914 2271 milri
928 2209 1292 2291 rnotcrsomiliasflerii
1335 2207 1380 2272 Et
1394 2229 1460 2273 rea·
1566 2265 1567 2300 ,

154 2294 460 2400 ponderate‘sponse:
486 2318 570 2397 aoio,·
593 2317 805 2398 interrogante
821 2321 840 2378 6
854 2335 1009 2406 corruerso
1024 2335 1153 2398 sponsa:
1179 2318 1231 2381 uis
1249 2317 1334 2384 mibi
1346 2328 1461 2402 puter·

145 2425 412 2509 familiosfieri?
455 2425 499 2488 Et
510 2445 627 2508 sponso
642 2425 863 2508 respondente:
886 2428 962 2490 volo.
1006 2427 1081 2490 Una
1096 2439 1203 2512 autern
1227 2428 1463 2493 interveniebat
1566 2409 1567 2502 i

156 2535 310 2599 solemnis
325 2537 520 2618 mancipatio
535 2555 609 2598 cum
627 2533 803 2616 libripende
818 2553 859 2596 ex
875 2533 1015 2596 formula
1029 2535 1249 2599 Romanorum
1272 2536 1305 2600 in
1324 2535 1462 2600 transfe-

79 2713 83 2725 ,
154 2644 264 2708 rendis
281 2643 439 2722 dominiis,
465 2655 496 2704 et
511 2643 763 2706 haereditatibus
780 2654 943 2726 usurpata,
966 2643 1061 2726 juxta
1076 2641 1158 2706 illud
1173 2645 1308 2708 Horatii:
1332 2645 1372 2709 st·
1383 2665 1462 2730 pro

149 2751 267 2834 prium
290 2759 346 2829 est,
362 2751 449 2835 qrrud
463 2753 538 2835 quis
553 2752 639 2815 libro
654 2759 828 2829 mercatur,
851 2760 881 2813 et
896 2773 983 2830 oere;
999 2751 1086 2814 unde
1108 2770 1226 2816 nomeu
1241 2755 1381 2837 conjugii
1393 2775 1461 2838 per

153 2864 388 2945 coernptioncm
403 2861 568 2924 derivavit
612 2861 726 2943 Neque
742 2851 836 2944 lo‘uge
862 2867 883 2926 a
899 2861 1029 2924 veritate
1043 2862 1210 2942 abnueret,
1233 2865 1289 2944 qui
1305 2865 1462 2944 crederet,
1566 2859 1567 2918 i

153 2993 197 3034 ex
212 2973 274 3034 hoc
289 2971 484 3034 matrimonii
510 2971 571 3034 ritu
588 2983 732 3034 exortam
758 2969 857 3034 luisse
873 2969 1079 3051 disciplinam
1105 2981 1293 3034 mutuarum
1317 2971 1461 3054 largitio·

153 3099 235 3143 nrrm
250 3081 331 3142 iuter
347 3080 461 3156 virum,
487 3090 519 3139 et
535 3097 676 3156 risorem,
693 3079 810 3158 quibus
826 3076 945 3138 mulier
956 3077 1071 3157 dotem,
1099 3079 1234 3141 maritus
1248 3078 1461 3144 donatiouem

154 3199 281 3273 propter
306 3189 437 3270 nuptias
452 3185 647 3274 conferebat,
670 3185 756 3248 unde
771 3186 1003 3266 coemptionem
1031 3193 1179 3248 mutuam
1193 3185 1372 3266 quamdam
1394 3185 1465 3249 iac·

156 3307 223 3359 tam
238 3297 441 3378 emptionem,
465 3306 497 3356 et
512 3291 729 3356 venditionem
745 3295 826 3354 inter
842 3292 955 3371 virum,
971 3303 1002 3354 et
1020 3311 1161 3370 uxorem,
1176 3293 1270 3374 quasi
1297 3296 1463 3376 utrimque

155 3405 231 3470 dato
246 3407 299 3468 vel
325 3416 444 3470 statuto
470 3404 578 3486 pretio,
605 3401 687 3496 dixit
702 3397 846 3465 Isidorus
872 3401 1074 3482 Hispalensis
1089 3401 1120 3462 iu
1145 3400 1211 3463 libr.
1229 3403 1258 3462 5.
1285 3400 1462 3481 Originum
1566 3443 1567 3478 ,

155 3531 223 3598 cap.
240 3515 279 3594 4.,
305 3533 505 3595 quamquam
520 3511 676 3589 nonnulli
706 3522 737 3572 et
751 3509 831 3600 sorte
847 3511 962 3588 verius,
979 3511 1173 3572 contrarium
1199 3510 1348 3588 sentiant,
1365 3521 1396 3572 et
1410 3507 1461 3576 dt

155 3629 239 3698 cant,
255 3620 463 3700 coemptionis
479 3619 608 3681 nomine
624 3637 687 3682 nou
703 3629 852 3682 mutuam
868 3620 1061 3701 emptionem
1078 3617 1220 3700 plurium
1235 3637 1340 3682 rerum
1357 3620 1459 3685 simul

156 3737 188 3792 et
202 3728 302 3791 semel
317 3727 435 3790 saetam
452 3728 634 3809 significari,
652 3737 842 3808 argumento
858 3727 876 3788 l.
893 3730 920 3790 5.
940 3730 960 3794 l.
976 3728 1006 3789 2.
1023 3726 1054 3788 ff.
1071 3727 1110 3789 de
1127 3728 1260 3789 institut.
1281 3737 1351 3806 act,
1369 3729 1389 3792 l.
1408 3731 1459 3794 11.

156 3837 187 3901 ff.
204 3837 244 3900 de
260 3847 364 3916 negot.
381 3847 459 3918 gest.
476 3847 507 3898 et
522 3835 541 3896 l.
558 3837 586 3896 2.
603 3833 673 3896 cod.
701 3833 864 3898 Theodos.
881 3835 920 3898 de
936 3835 1105 3915 fruniento,
1130 3837 1216 3900 urbis
1232 3837 1461 3900 Constantino·

157 3947 327 4034 politanam
355 3943 427 4008 ideo
442 3956 550 4008 autem
566 3946 807 4008 ruatrimouium
833 3947 1032 4028 coarnptione
1047 3946 1200 4009 celebrari
1214 3947 1347 4026 dictum,
1367 3947 1459 4028 quod

72 4073 79 4086 ·
157 4053 205 4116 vir
219 4064 251 4115 et
265 4069 408 4131 uxorem,
432 4063 464 4114 et
480 4053 588 4114 uxoris
603 4053 688 4115 buna
714 4053 865 4114 universa
880 4064 1005 4132 erueret,
1032 4055 1111 4134 qniu
1130 4074 1209 4118 uxor
1224 4055 1377 4118 maritum
1395 4055 1459 4120 sibi

156 4182 261 4228 emera
276 4161 440 4226 diceretur.
485 4161 618 4224 Tertius
643 4163 864 4244 conjugiorum
887 4163 966 4226 ritus
986 4162 1180 4226 consistebat
1204 4163 1236 4225 in
1255 4183 1326 4244 usu,
1352 4181 1459 4245 quum

154 4261 380 4354 eaim‘legibus
395 4271 567 4334 duodecim
583 4271 767 4334 tabularum
782 4291 845 4334 arou
863 4271 956 4333 aliter
971 4282 1100 4353 possent
1125 4271 1212 4353 apud
1228 4271 1394 4336 Romanos
1405 4274 1459 4356 ju-

155 4399 192 4446 ra
205 4381 376 4461 transferri,
399 4399 501 4464 quam
515 4381 652 4445 solemni
668 4369 906 4463 mancipatione
931 4399 987 4462 per
1001 4399 1065 4462 aes,
1082 4392 1112 4444 et
1128 4379 1250 4462 libram,
1274 4381 1323 4444 vel
1340 4399 1457 4446 usuca·
