3216 4988
369 454 1079 504 turta.necanaanrntouenrsssttun.
1128 489 1130 494 .
1315 433 1379 504 llll)
1422 492 1429 516 ,

103 577 162 650 lorii
175 597 235 644 non
259 578 531 662 intelligiturbcc
555 581 673 646 inlooo
696 579 785 661 illud,
810 579 898 664 quod
913 588 986 662 quis
1010 582 1070 645 sibi
1095 591 1260 644 construat
1284 599 1385 646 caasa

103 689 228 767 privatae
241 691 402 770 orationis,
431 689 463 752 id
478 692 565 752 enirn
591 703 774 754 nortatrnere
788 692 875 754 domi
900 694 1164 775 unicuiqnelioct
1186 693 1256 755 aue
1272 693 1383 757 Eccle-

100 797 158 857 siae
171 799 360 878 atrctoritate,
384 817 455 860 carr.
472 797 522 862 33
549 799 590 862 de
605 801 844 862 cottsecrutioue
858 800 932 863 dist.
950 803 986 878 1.,
1014 799 1070 862 sod
1088 799 1276 882 itttclliqttur
1291 795 1383 879 illud,

98 905 174 986 quod
189 905 271 970 dumi
286 909 481 971 construitur
506 927 607 972 carisa
624 907 838 972 Eucltaristici
855 908 1014 970 sacrificii
1060 907 1228 988 Frequens
1252 904 1312 968 fuit
1327 906 1384 968 lte

99 1029 161 1078 runt
178 1009 426 1080 Ecclesiolarnni
454 1033 533 1078 ustis
550 1017 659 1097 primis
679 1015 843 1080 Ecclesiae
865 1016 1014 1094 saeculis,
1031 1016 1130 1078 'ttrtrno
1151 1027 1182 1076 et
1198 1014 1261 1078 sere
1277 1033 1386 1078 neces

96 1126 196 1188 serius
218 1125 281 1191 sed
299 1128 455 1192 extructis
469 1136 584 1208 qtrarto
599 1124 729 1190 saeculo
746 1125 881 1208 publicis
896 1127 1033 1206 templis,
1052 1127 1185 1188 vetitum
1198 1124 1267 1194 suit,
1283 1144 1327 1187 rte
1339 1124 1387 1188 in·

97 1247 138 1298 tra
160 1237 348 1302 domesticos
375 1239 510 1322 parietes
525 1239 624 1302 Sacra
649 1239 894 1318 celebrarentur,
922 1237 1068 1300 Concilio
1086 1237 1291 1300 Laodicaeuo
1313 1255 1386 1300 can.

88 1347 202 1411 bilibit
235 1351 335 1422 Quod
349 1369 414 1414 unit
429 1358 574 1434 oporteat
600 1351 636 1412 itt
651 1345 801 1416 domitus
817 1343 898 1432 fiera'
912 1345 1107 1411 oblaticmm
1131 1349 1171 1412 ab
1195 1347 1387 1432 Episcopis,
1465 1361 1470 1372 ·

94 1461 138 1522 tel
151 1461 373 1544 Praebuerim
398 1461 484 1544 quod
499 1471 531 1524 et
544 1461 753 1524 confirmavit
779 1459 986 1522 Justinieutrs
1000 1459 1033 1520 in
1050 1457 1176 1520 Norell.
1193 1458 1252 1535 58,
1269 1469 1300 1519 st
1318 1457 1389 1520 let.

91 1587 153 1649 cap.
167 1569 196 1634 8.
232 1571 405 1634 Caeterum
422 1587 575 1632 stmcessn
602 1569 752 1650 tcmpon's
767 1579 901 1630 cautum
917 1579 973 1644 est,
991 1578 1025 1628 trt
1041 1563 1230 1647 generaliter
1255 1563 1389 1646 quidem

90 1679 118 1742 iu
133 1681 265 1762 privatis
281 1681 417 1743 aedibus
432 1679 639 1744 Euclrotistia
661 1699 728 1743 uon
742 1678 961 1755 conficeretur,
982 1677 1091 1740 adbuc
1106 1689 1214 1740 tamen
1231 1677 1390 1760 permitte

90 1801 174 1868 retur,
198 1791 328 1872 tqtroties
357 1789 538 1872 Episcopus
551 1787 741 1870 indulgeret
785 1787 824 1852 td
840 1788 980 1871 primurn
997 1785 1083 1868 apud
1109 1788 1249 1848 Graecos
1271 1787 1389 1850 couni-

88 1905 186 1961 tutum
202 1911 253 1963 est
280 1900 315 1962 in
331 1898 493 1962 'l'rttllana
508 1893 652 1980 Synodo,
673 1912 749 1962 cau.
765 1897 816 1961 34.
842 1896 883 1959 de
897 1912 1039 1959 consecr.
1056 1897 1129 1958 dist.
1148 1897 1185 1974 1,
1212 1896 1330 1960 deinde
1346 1895 1388 1960 eti

87 2003 214 2070 Latinos
229 2007 428 2088 traductum,
443 2025 506 2071 cen
523 2007 571 2070 12.
588 2007 628 2070 de
643 2025 785 2070 consecr.
799 2007 874 2069 dist.
892 2007 929 2084 1,
957 2005 1133 2088 Capitular.
1150 2007 1302 2070 Fretrcor.
1320 2006 1389 2070 libr.

83 2111 110 2177 ὅ.
123 2133 194 2199 cap.
209 2115 300 2194 383,
324 2125 356 2180 et
368 2110 440 2180 libr.
453 2113 485 2181 b.
501 2136 573 2200 cap.
590 2118 658 2182 102
677 2117 804 2180 Passim
832 2137 906 2182 vero
921 2116 1001 2179 istae
1018 2115 1195 2200 Coppellae
1211 2117 1244 2180 iu
1261 2115 1392 2182 Mona*

83 2229 163 2291 teriia
178 2228 439 2295 instituebantur
464 2229 505 2293 ad
522 2230 685 2311 privatum
700 2229 906 2294 commodum
924 2227 1169 2307 Monachorum,
1194 2231 1271 2294 item
1287 2231 1320 2294 in
1336 2245 1391 2314 pa·

28 2411 35 2428 ·
80 2331 162 2402 latiis
187 2339 394 2423 Principum,
422 2341 606 2404 insedibus
632 2339 729 2402 etiam
754 2338 999 2420 episcopalibus,
1026 2349 1057 2399 et
1073 2339 1178 2402 sicubi
1206 2341 1391 2423 Episcopus

77 2445 307 2514 aedificandas
332 2447 482 2532 prudenti
508 2447 636 2511 arbitrio
651 2445 808 2511 duanam
853 2445 942 2509 Usus
956 2445 1054 2510 etiam
1069 2458 1146 2525 erat,
1174 2459 1209 2511 ut
1236 2449 1392 2532 reliquiae

78 2553 264 2639 Martyrum
282 2559 320 2622 iu
344 2559 466 2622 eisdem
482 2557 645 2640 cappellis
661 2557 909 2621 reconderentur
930 2557 1027 2640 quasi
1041 2557 1075 2620 in
1092 2571 1244 2641 perpetua
1260 2561 1345 2640 sede,
1359 2571 1394 2628 et

72 2665 206 2742 quaudo
223 2665 386 2748 Capellae
401 2667 533 2731 medem
551 2667 694 2750 privatae
712 2667 810 2732 veluti
831 2669 864 2731 in
882 2681 1071 2752 perpetuum
1089 2672 1216 2734 suturae
1229 2691 1268 2732 co
1293 2683 1392 2736 stroe-

76 2773 200 2858 bantur,
217 2777 400 2857 obtinebat,
417 2789 453 2840 ut
464 2779 563 2842 instar
578 2777 781 2861 publicarum
799 2778 1020 2844 Ecclesiarunt
1034 2781 1075 2846 ab
1092 2781 1261 2863 Episcopis
1278 2781 1394 2845 solem·

72 2887 103 2947 ni
119 2886 337 2951 dedicatione
363 2899 633 2952 consumeremus
678 2890 721 2951 At
740 2890 969 2953 recentioribus
993 2889 1133 2954 saeculis
1148 2911 1222 2954 cnm
1250 2893 1392 2975 prirntrtn

70 2991 136 3058 ficri
151 2995 277 3078 coepit,
299 3004 333 3056 ut
349 3005 475 3056 tautum
493 3011 701 3076 personarum
717 2995 934 3076 qnarurtr'dam
950 2999 1054 3078 gratia
1073 2998 1157 3060 haec
1170 3000 1294 3081 privata
1311 2999 1391 3064 Ora·

70 3101 147 3164 toria
164 3101 304 3178 fierem,
328 3109 360 3162 et
375 3113 502 3164 mortua
526 3119 662 3182 permna
677 3103 709 3162 itt
726 3102 898 3182 pristinum
913 3115 1034 3167 statum
1061 3105 1301 3170 restituerentur
1316 3120 1391 3172 con·

68 3225 161 3272 versa
178 3211 312 3274 iterum
328 3210 360 3272 in
387 3227 467 3271 treus
483 3207 641 3290 profanos,
668 3209 815 3289 obtinuit,
832 3223 865 3274 ut
883 3215 1021 3295 simplici
1038 3213 1260 3281 benedictione
1275 3219 1394 3284 sancti-

66 3318 262 3396 ficarentur,
294 3319 484 3401 neutiquam
500 3322 677 3384 consecrari
695 3341 751 3404 per
766 3323 945 3407 Episcopus
961 3329 1107 3409 possent,
1124 3342 1287 3411 propterea
1302 3333 1389 3414 quod

62 3430 203 3494 minimo
220 3429 376 3508 decebat,
393 3430 491 3494 semel
509 3430 577 3492 lieo
591 3429 737 3495 dicatum
763 3433 797 3496 irt
813 3433 976 3498 humanos
992 3453 1072 3500 ttsns
1087 3439 1202 3502 iterum
1218 3441 1404 3528 transferri,¹
1438 3505 1442 3513 ,

61 3554 129 3620 cap.
147 3539 203 3602 51.
221 3537 271 3600 de
304 3555 367 3617 reg,
380 3535 461 3618 juris
475 3537 509 3599 in
523 3535 562 3616 6,
589 3555 628 3600 eo
643 3538 700 3630 vel·
711 3539 825 3622 magis,
852 3542 1019 3622 quiscum
1043 3539 1195 3628 Episcopi
1219 3550 1391 3630 nequirent

58 3670 177 3716 ornnes
195 3649 381 3716 Ecclesiae
397 3649 543 3731 publicas
556 3651 848 3718 ebencrescentem
863 3653 993 3718 illarum
1005 3675 1177 3720 nttmcrunt
1194 3677 1392 3748 consecrate,
1428 3680 1430 3688 ·

56 3763 232 3826 eominus
250 3773 446 3820 corraeorare
472 3757 738 3822 valerentomnia
763 3759 861 3842 hujus
877 3762 1001 3842 generis
1029 3763 1184 3829 Oratoria.
1229 3769 1389 3835 Adeoex·

53 3881 208 3932 creverat
227 3863 470 3930 recentioribus
484 3865 623 3928 saeculis
638 3885 793 3932 numerus
809 3869 1008 3950 privatarum
1024 3873 1263 3957 Cappellarum,
1281 3892 1316 3944 ut
1332 3883 1388 3946 vix

51 3978 175 4044 domus
193 3985 325 4041 essem
340 3973 494 4054 privatae,
510 3975 541 4036 in
557 3975 677 4056 quibus
692 3995 734 4040 ex
749 3975 963 4060 indulgentia,
977 3997 1019 4042 ne
1033 3985 1246 4062 oscitantiam,
1268 3999 1299 4047 et
1314 3999 1388 4052 cort-
1413 4027 1418 4036 ·

50 4089 250 4152 niventianr
284 4083 435 4159 dixerim,
454 4083 687 4165 Episcoporum
709 4105 801 4149 sacra
816 4105 880 4150 non
897 4087 1019 4153 fierent.
1063 4092 1285 4160 Quamobrem
1302 4097 1386 4159 Gon·

46 4197 167 4259 cilium
186 4189 443 4258 Tridentiuum
458 4190 493 4254 in
509 4210 585 4254 sess.
612 4194 663 4256 22.
679 4195 712 4258 in
728 4195 854 4260 tlccreto
869 4196 910 4259 de
925 4199 1143 4282 observandis,
1162 4213 1202 4264 vet
1225 4214 1388 4273 evitandis

46 4306 79 4369 in
96 4303 346 4369 celebratione
372 4297 493 4364 Missae
507 4317 723 4386 opportunum
750 4305 853 4386 duxit,
870 4309 1010 4390 graviter
1031 4329 1175 4374 coercere
1199 4311 1385 4404 Episcopus,

39 4437 84 4478 rte
97 4419 317 4500 patiant-ur
329 4411 473 4492 priuatis
487 4413 523 4474 itt
537 4411 696 4492 donibus,
713 4423 743 4477 et
759 4418 891 4480 omnino
905 4427 1002 4482 eaba
1017 4419 1213 4504 Ecclesium,
1234 4434 1264 4488 et
1279 4426 1325 4490 ud
1339 4427 1388 4506 dit

38 4526 169 4593 alnam
187 4527 349 4590 tantum
373 4519 499 4585 cultum
512 4521 664 4622 delicata
684 4522 842 4589 (linearia
869 4527 1262 4678 abqeisdervarcglpturiis
1276 4533 1389 4626 des&-

812 4671 818 4682 ,
943 4631 1000 4673 on.
1072 4651 1117 4676 .-
1149 4633 1174 4678 t.
