3276 4984
166 372 315 424 cornert
337 372 425 420 erne
448 371 675 426 creuerunt«
698 374 789 424 urna
810 375 1104 426 concatenentur
1129 375 1327 422 cresccre.
1379 355 1424 426 ⁷³

114 513 168 560 uu
175 496 267 582 jurte
281 497 434 564 incurerre
447 497 616 580 diremtum
637 516 680 564 ex
694 505 785 564 metu
798 507 909 564 eutem
919 498 1007 581 juste
1021 497 1152 568 iocum
1165 499 1226 565 eut
1240 497 1423 566 admodum

112 605 211 688 gravi,
239 605 438 670 matrimonii
461 615 645 670 contractus
670 623 738 670 non
759 605 908 688 irritatun
933 605 1012 670 hinc
1026 605 1055 668 ei
1069 623 1210 687 sponsus
1225 625 1276 670 ex.
1303 623 1349 690 gr.
1364 604 1424 688 qui

113 718 217 782 renuit
231 736 388 802 spontem
403 716 530 798 ducere,
555 717 683 782 territus
697 716 1046 784 excommunicationis
1061 715 1314 782 comminatione
1329 733 1425 799 spon·

112 841 181 888 tam
193 822 316 888 deinde
331 823 493 904 duxerint,
509 843 574 888 non
589 825 703 908 poterit
722 831 745 890 a
758 825 963 891 matrimonio
978 835 1149 908 praetextu
1164 825 1331 906 nullitatis,
1347 833 1424 890 catt-

111 950 146 996 re
159 941 272 996 metus
296 933 406 1014 gravis
421 933 551 1013 incussi,
577 933 731 1013 recedere,
755 951 796 996 ne
811 931 891 996 forte
904 933 1080 1016 continget,
1104 931 1361 996 ecclesiasticum
1372 932 1426 1015 ju·

111 1035 216 1100 dicem
230 1056 293 1100 suo
308 1035 415 1102 officio
430 1037 627 1122 fungentem,
644 1041 797 1123 majorem
815 1039 963 1122 publicae
978 1039 1022 1102 rei
1036 1039 1221 1122 perniciem,
1247 1059 1348 1121 quam
1363 1037 1426 1106 uti·

110 1144 235 1210 litetem
251 1143 386 1226 adferre,
401 1165 468 1226 scu,
484 1146 564 1210 dum
578 1158 672 1212 curet
686 1147 850 1229 sponsalia
865 1145 1002 1226 firmare,
1022 1164 1157 1209 causam
1172 1145 1280 1228 potius
1294 1143 1425 1228 praebe·

110 1257 321 1340 reconjugiis
344 1255 558 1334 infirmandis,
584 1268 682 1339 atque
703 1255 928 1320 dissociandie.
971 1255 1136 1328 Quamvis
1163 1275 1239 1318 vero
1254 1255 1423 1320 Ecclesiae

110 1385 203 1430 mens
219 1366 273 1444 sit,
298 1383 435 1446 sponsos
450 1364 707 1448 adimplendam
723 1365 835 1428 datam
856 1364 956 1430 fidem
970 1364 1057 1448 adigi
1073 1365 1206 1428 omniuo
1221 1383 1287 1428 non
1301 1375 1423 1448 oporte·

110 1497 149 1558 re,
166 1497 236 1542 non
253 1475 330 1540 inde
346 1488 456 1540 tamen
471 1478 624 1560 sequitur,
645 1495 732 1556 eum,
748 1477 804 1558 qui
820 1475 920 1540 fidem
934 1477 1067 1559 implere
1082 1476 1244 1556 detrectet,
1261 1477 1331 1540 sine
1346 1494 1425 1540 cau·

110 1607 164 1650 sae
178 1587 375 1667 cognitione,
400 1597 433 1648 et
448 1587 633 1668 probatione
658 1585 945 1680 adcelebrendttm
970 1605 1048 1650 oum
1073 1587 1139 1650 alia
1154 1575 1349 1670 eonjugium
1368 1587 1425 1650 ad·

109 1696 191 1758 mitti
208 1715 269 1780 par
284 1694 521 1760 ecclesiasticos
549 1695 756 1758 administros
772 1695 877 1776 licere;
894 1714 971 1760 cum
986 1695 1082 1774 enim,
1106 1696 1161 1760 ubi
1177 1695 1270 1760 nulla
1285 1695 1327 1758 sit
1341 1715 1426 1758 rece-

109 1805 206 1870 dendi
220 1825 336 1884 muse,
351 1805 491 1888 graviter
504 1806 723 1887 delinquatis,
751 1807 809 1890 qui
824 1805 949 1884 recedit,
966 1805 1121 1888 indignus
1136 1805 1282 1886 efficitur,
1309 1807 1366 1888 qui
1381 1806 1425 1870 ad

109 1916 363 1980 Sacramentum
373 1915 514 1998 conjugii
525 1913 771 1997 suspiciendum
778 1915 821 1976 ab
828 1913 978 1978 Ecclesia
990 1914 1061 1978 sine
1073 1913 1326 1978 contradictione
1335 1915 1420 1978 exci-

109 2025 226 2108 pteron
238 2023 452 2105 quamobrem
466 2041 532 2086 non
541 2010 735 2088 dissolvetur
745 2021 878 2105 quidem
889 2024 1077 2106 conjuginm
1089 2025 1426 2088 cumalteracontrac·

111 2144 186 2214 turn,
201 2153 287 2217 quta
302 2132 391 2216 legen
405 2133 468 2198 hoc
482 2132 672 2216 eonjugium
687 2151 752 2196 non
768 2132 981 2210 irritaverunt,
996 2132 1053 2196 sed
1070 2152 1199 2215 prorsus
1214 2133 1364 2196 illicitum
1374 2136 1426 2216 ju·

111 2246 280 2324 dicabitur,
296 2265 367 2329 cap.
384 2246 412 2310 1.
429 2243 469 2308 de
492 2263 612 2328 aponta
626 2243 775 2323 duorum,
799 2261 869 2326 cap.
888 2245 937 2308 15.
950 2243 1010 2325 22,
1035 2255 1067 2310 et
1082 2245 1132 2310 31.
1147 2245 1188 2308 de
1205 2244 1424 2328 sponsalibus·

148 2354 194 2420 Ut
207 2355 272 2418 sibi
298 2353 514 2436 prospicerent
539 2352 658 2434 sponsi,
682 2370 743 2417 nee
768 2351 900 2422 inanem
925 2351 1059 2418 omnino
1085 2369 1177 2434 spem
1199 2352 1426 2435 conjugiorum

111 2459 275 2540 haberent,
291 2477 358 2526 non
373 2479 443 2526 raro
457 2459 492 2524 in
506 2467 675 2528 contrecta
689 2456 892 2541 oponeeliurn
907 2458 1020 2522 errlrae
1047 2458 1108 2522 sibi
1130 2457 1198 2524 dari
1221 2460 1423 2542 pepigerunt,

111 2593 146 2638 rc
159 2581 363 2656 receperunt.
406 2570 586 2638 Arrharum
614 2569 746 2637 nomine
772 2588 840 2637 non
865 2569 938 2636 heic
964 2569 1112 2651 intellige
1136 2581 1194 2636 eut
1213 2569 1426 2636 donationem

111 2695 237 2768 propter
250 2681 394 2764 nuptiae,
407 2699 494 2762 quae
520 2680 555 2744 in
577 2677 757 2762 quemdam
782 2677 867 2743 dotis
886 2679 1145 2760 repensationem
1169 2685 1192 2746 tt
1214 2679 1330 2745 merito
1356 2697 1428 2759 gre·

112 2789 320 2874 tiaconjugie
334 2789 547 2867 constituitur,
562 2785 845 2870 auteponnelitiad
868 2785 1043 2869 largituros,
1067 2803 1151 2866 quae
1175 2783 1259 2851 fiunt
1285 2782 1329 2848 ad
1355 2801 1426 2848 mu·

110 2910 200 2964 tuam
215 2899 302 2962 inter
315 2914 452 2978 trponms
473 2892 713 2960 conciliandum
739 2890 1009 2973 benevolentium
1037 2889 1094 2954 sed
1117 2889 1264 2972 intelligo
1289 2889 1426 2972 pignora

110 3007 274 3092 quaedem
297 3015 356 3070 ent
381 3014 505 3084 mutuo,
530 3013 589 3068 aut
610 3002 655 3070 ab
677 3019 745 3067 utto
769 3010 899 3065 tanturn
924 3017 967 3064 ex
993 3000 1120 3084 sponsis
1135 2999 1226 3064 alteri
1242 2998 1328 3079 data,
1344 3015 1427 3080 qua·

110 3118 192 3184 riad
207 3116 441 3201 praestandum
466 3111 709 3197 quodammodo
734 3110 835 3176 futuri
862 3110 1006 3194 conjugii
1027 3111 1241 3174 securitatem.
1284 3107 1360 3174 Non
1375 3114 1427 3172 est

110 3227 189 3294 haec
203 3228 376 3292 errhernm
391 3223 520 3290 traditio
534 3222 661 3306 legibus
688 3221 875 3303 improbata,
903 3220 924 3282 l.
950 3220 980 3284 3.
996 3222 1039 3298 ὅ..
1061 3231 1094 3282 et
1108 3219 1168 3300 ult,
1178 3217 1252 3284 cod.
1276 3218 1316 3282 de
1332 3235 1427 3300 spon-

111 3335 209 3414 relssr,
240 3331 420 3398 dummodo
448 3342 558 3396 tamen
587 3349 665 3398 vere
693 3327 821 3396 traditio
853 3327 1039 3408 intercedat,
1070 3345 1149 3392 nam
1178 3329 1205 3392 ei
1241 3326 1427 3408 dumtaxat,

110 3440 348 3524 promittentur,
364 3449 540 3505 nonerunt
564 3438 688 3518 arrhae,
714 3435 772 3504 ced
798 3448 932 3520 paetum
960 3433 1041 3500 illud
1067 3434 1211 3520 adjectae
1226 3434 1427 3502 conditiona-
1546 3455 1555 3468 ·

112 3546 194 3610 nelis
211 3563 338 3629 poenae
352 3555 504 3612 naturam
514 3545 654 3625 hebebit,
666 3545 863 3630 proindeque
875 3545 1004 3627 penitus
1016 3544 1149 3623 irritum,
1160 3545 1258 3628 juxte
1273 3564 1321 3623 ea,
1338 3563 1426 3626 quoe

110 3658 244 3724 interius
259 3657 437 3722 trudentur.
481 3657 587 3722 Immo
611 3658 672 3722 etei
694 3657 777 3722 hoec
799 3657 907 3740 pactio
931 3654 1164 3743 quoquomodo
1184 3655 1291 3720 valere
1306 3655 1427 3722 dicere·

111 3779 167 3850 tur,
196 3769 293 3836 unda
321 3779 415 3849 erret,
442 3778 476 3832 et
507 3769 656 3851 simplex,
687 3770 816 3834 nullam
842 3771 972 3853 perient
1000 3770 1172 3850 actionem,
1202 3779 1260 3834 eut
1288 3771 1316 3834 si
1341 3770 1427 3834 actio

110 3877 228 3944 exinde
258 3887 455 3958 nasceretur,
491 3897 531 3942 ea
558 3877 656 3961 plane
685 3878 838 3944 inefficax
870 3889 964 3944 ercet,
1008 3878 1142 3946 Etenim
1171 3890 1304 3962 pactum
1342 3877 1425 3944 illud

111 3987 318 4072 rpomlibuc
341 3988 514 4072 adjectum,
538 3988 592 4050 vel
616 3987 735 4055 efficax
760 3987 965 4054 reddendum
989 3998 1075 4054 esset
1099 4008 1141 4054 ex
1166 3989 1293 4054 aulone
1313 4009 1357 4052 ex
1371 3988 1426 4054 eti·

113 4097 236 4180 pulatu,
251 4108 332 4162 nate
345 4117 388 4160 ex
414 4096 622 4180 sponsalibus
647 4097 855 4180 stipulatione
880 4099 1062 4181 contractis;
1090 4109 1162 4162 turn
1175 4117 1252 4162 vero
1280 4115 1358 4162 cum
1371 4115 1426 4160 ae·

112 4205 209 4270 tioex
225 4205 387 4288 stipulum
399 4205 500 4270 stricti
508 4205 594 4290 juris
619 4205 662 4270 eit
685 4225 728 4270 ex
754 4207 807 4270 rui
831 4217 958 4289 nature,
983 4227 1050 4274 non
1074 4207 1168 4274 facile
1184 4205 1427 4272 extenditurad

112 4314 317 4380 informanda
337 4315 657 4400 pectarpcnrelibnr
680 4315 797 4380 iisdem
821 4315 956 4400 adjecta,
982 4318 1001 4380 1
1029 4317 1081 4381 40.
1108 4317 1140 4382 ff.
1168 4316 1209 4380 de
1233 4317 1297 4380 rab.
1326 4313 1426 4382 cred:

116 4421 165 4486 rol
192 4420 313 4489 efficax
342 4421 546 4490 reddendum
575 4434 661 4490 ercet
689 4444 732 4490 ex
761 4426 888 4491 actione
914 4427 1019 4576 b⁰q¹i⁸⁰
1042 4425 1121 4574 diffini
1135 4443 1221 4572 que
1234 4425 1428 4510 generaliter

977 4531 1036 4576 on.
1109 4547 1160 4575 .-
1204 4555 1213 4572 .
