<?xml version="1.0" encoding="UTF-8"?>
<!DOCTYPE html PUBLIC "-//W3C//DTD XHTML 1.0 Transitional//EN"
    "http://www.w3.org/TR/xhtml1/DTD/xhtml1-transitional.dtd">
<html xmlns="http://www.w3.org/1999/xhtml" xml:lang="en" lang="en">
 <head>
  <title>
</title>
<meta http-equiv="Content-Type" content="text/html;charset=utf-8" />
  <meta name='ocr-system' content='tesseract 3.04.00' />
  <meta name='ocr-capabilities' content='ocr_page ocr_carea ocr_par ocr_line ocrx_word'/>
</head>
<body>
  <div class='ocr_page' id='page_1' title='image "./carolisebastian00beragoog_0319.png"; bbox 0 0 3146 4980; ppageno 0'>
   <div class='ocr_carea' id='block_1_1' title="bbox 0 3762 3 4269">
    <p class='ocr_par' dir='ltr' id='par_1_1' title="bbox 0 3762 3 4269">
     <span class='ocr_line' id='line_1_1' title="bbox 0 3762 3 4269; baseline 0 0"><span class='ocrx_word' id='word_1_1' title='bbox 0 3762 3 4269; x_wconf 95' lang='lat' dir='ltr'><strong> </strong></span> 
     </span>
    </p>
   </div>
   <div class='ocr_carea' id='block_1_2' title="bbox 676 394 1062 446">
    <p class='ocr_par' dir='ltr' id='par_1_2' title="bbox 676 394 1062 446">
     <span class='ocr_line' id='line_1_2' title="bbox 676 394 1062 446; baseline 0 -4"><span class='ocrx_word' id='word_1_2' title='bbox 676 394 919 444; x_wconf 67' lang='lat' dir='ltr'><strong>nrssanramte</strong></span> <span class='ocrx_word' id='word_1_3' title='bbox 933 395 1062 446; x_wconf 75' lang='grc' dir='ltr'><strong>ΙΕΧΤΔ.</strong></span> 
     </span>
    </p>
   </div>
   <div class='ocr_carea' id='block_1_3' title="bbox 720 775 1020 847">
    <p class='ocr_par' dir='ltr' id='par_1_3' title="bbox 720 775 1020 847">
     <span class='ocr_line' id='line_1_3' title="bbox 720 775 1020 847; baseline -0.017 0"><span class='ocrx_word' id='word_1_4' title='bbox 720 775 957 847; x_wconf 76' lang='lat' dir='ltr'><strong>QUAES&#39;I&#39;IO</strong></span> <span class='ocrx_word' id='word_1_5' title='bbox 978 775 1020 842; x_wconf 90' lang='lat'><strong>11.</strong></span> 
     </span>
    </p>
   </div>
   <div class='ocr_carea' id='block_1_4' title="bbox 533 1029 1201 1124">
    <p class='ocr_par' dir='ltr' id='par_1_4' title="bbox 533 1029 1201 1124">
     <span class='ocr_line' id='line_1_4' title="bbox 533 1029 1201 1124; baseline 0.01 -31"><span class='ocrx_word' id='word_1_6' title='bbox 533 1029 588 1094; x_wconf 74' lang='lat' dir='ltr'><strong>Aa</strong></span> <span class='ocrx_word' id='word_1_7' title='bbox 612 1031 758 1111; x_wconf 81' lang='lat' dir='ltr'><strong>tilulum,</strong></span> <span class='ocrx_word' id='word_1_8' title='bbox 783 1033 841 1120; x_wconf 81' lang='lat' dir='ltr'><strong>qni</strong></span> <span class='ocrx_word' id='word_1_9' title='bbox 857 1033 929 1120; x_wconf 78' lang='lat' dir='ltr'><strong>filit</strong></span> <span class='ocrx_word' id='word_1_10' title='bbox 952 1035 1201 1124; x_wconf 81' lang='lat' dir='ltr'><strong>sint&#39;legitimi.</strong></span> 
     </span>
    </p>
   </div>
   <div class='ocr_carea' id='block_1_5' title="bbox 657 1243 1108 1319">
    <p class='ocr_par' dir='ltr' id='par_1_5' title="bbox 657 1243 1108 1319">
     <span class='ocr_line' id='line_1_5' title="bbox 657 1243 1108 1319; baseline 0.016 -6"><span class='ocrx_word' id='word_1_11' title='bbox 657 1249 718 1315; x_wconf 83' lang='lat' dir='ltr'><strong>Est</strong></span> <span class='ocrx_word' id='word_1_12' title='bbox 744 1251 857 1318; x_wconf 89' lang='lat' dir='ltr'><strong>titulus</strong></span> <span class='ocrx_word' id='word_1_13' title='bbox 883 1255 930 1319; x_wconf 88' lang='grc'><strong>17.</strong></span> <span class='ocrx_word' id='word_1_14' title='bbox 958 1253 1029 1318; x_wconf 85' lang='lat' dir='ltr'>libri</span> <span class='ocrx_word' id='word_1_15' title='bbox 1053 1243 1108 1319; x_wconf 83' lang='lat' dir='ltr'><strong>t.&#39;</strong></span> 
     </span>
    </p>
   </div>
   <div class='ocr_carea' id='block_1_6' title="bbox 200 1557 1572 4542">
    <p class='ocr_par' dir='ltr' id='par_1_6' title="bbox 207 1557 1572 3448">
     <span class='ocr_line' id='line_1_6' title="bbox 219 1557 1570 1802; baseline 0.013 -37"><span class='ocrx_word' id='word_1_16' title='bbox 219 1557 341 1772; x_wconf 48' lang='lat' dir='ltr'><strong>{EUM</strong></span> <span class='ocrx_word' id='word_1_17' title='bbox 356 1701 395 1765; x_wconf 88' lang='lat' dir='ltr'><strong>de</strong></span> <span class='ocrx_word' id='word_1_18' title='bbox 412 1700 487 1766; x_wconf 90' lang='lat' dir='ltr'><strong>filiis</strong></span> <span class='ocrx_word' id='word_1_19' title='bbox 502 1703 653 1786; x_wconf 84' lang='lat' dir='ltr'><strong>legitimis</strong></span> <span class='ocrx_word' id='word_1_20' title='bbox 675 1717 779 1772; x_wconf 88' lang='lat' dir='ltr'><strong>certae</strong></span> <span class='ocrx_word' id='word_1_21' title='bbox 795 1706 926 1792; x_wconf 85' lang='lat' dir='ltr'><strong>regulae</strong></span> <span class='ocrx_word' id='word_1_22' title='bbox 949 1705 1123 1774; x_wconf 74' lang='lat' dir='ltr'>tradendae</span> <span class='ocrx_word' id='word_1_23' title='bbox 1138 1711 1272 1776; x_wconf 88' lang='lat' dir='ltr'><strong>suntad</strong></span> <span class='ocrx_word' id='word_1_24' title='bbox 1292 1714 1517 1802; x_wconf 85' lang='lat' dir='ltr'><strong>interpretatio</strong></span> <span class='ocrx_word' id='word_1_25' title='bbox 1569 1715 1570 1742; x_wconf 72' lang='lat'>¹</span> 
     </span>
     <span class='ocr_line' id='line_1_7' title="bbox 213 1812 1517 1902; baseline 0.01 -28"><span class='ocrx_word' id='word_1_26' title='bbox 213 1827 289 1874; x_wconf 90' lang='lat' dir='ltr'><strong>nem</strong></span> <span class='ocrx_word' id='word_1_27' title='bbox 306 1812 455 1892; x_wconf 84' lang='lat' dir='ltr'><strong>propositi</strong></span> <span class='ocrx_word' id='word_1_28' title='bbox 472 1813 556 1876; x_wconf 89' lang='lat' dir='ltr'><strong>tituli</strong></span> <span class='ocrx_word' id='word_1_29' title='bbox 571 1813 769 1898; x_wconf 88' lang='lat' dir='ltr'><strong>Gregoriani,</strong></span> <span class='ocrx_word' id='word_1_30' title='bbox 795 1815 927 1879; x_wconf 88' lang='lat' dir='ltr'><strong>nomine</strong></span> <span class='ocrx_word' id='word_1_31' title='bbox 942 1813 1158 1902; x_wconf 88' lang='lat' dir='ltr'><strong>legitimorum</strong></span> <span class='ocrx_word' id='word_1_32' title='bbox 1172 1817 1234 1884; x_wconf 86' lang='lat' dir='ltr'><strong>hoc</strong></span> <span class='ocrx_word' id='word_1_33' title='bbox 1250 1821 1284 1886; x_wconf 87' lang='lat' dir='ltr'><strong>in</strong></span> <span class='ocrx_word' id='word_1_34' title='bbox 1299 1821 1370 1888; x_wconf 88' lang='lat' dir='ltr'><strong>loco</strong></span> <span class='ocrx_word' id='word_1_35' title='bbox 1384 1825 1517 1890; x_wconf 87' lang='lat' dir='ltr'><strong>minime</strong></span> 
     </span>
     <span class='ocr_line' id='line_1_8' title="bbox 213 1921 1571 2008; baseline 0.01 -26"><span class='ocrx_word' id='word_1_36' title='bbox 213 1922 350 1984; x_wconf 87' lang='lat' dir='ltr'><strong>veniunt</strong></span> <span class='ocrx_word' id='word_1_37' title='bbox 365 1921 420 2000; x_wconf 93' lang='lat' dir='ltr'><strong>illi,</strong></span> <span class='ocrx_word' id='word_1_38' title='bbox 447 1921 502 2002; x_wconf 92' lang='lat' dir='ltr'><strong>qui</strong></span> <span class='ocrx_word' id='word_1_39' title='bbox 517 1933 651 1986; x_wconf 90' lang='lat' dir='ltr'><strong>eatenus</strong></span> <span class='ocrx_word' id='word_1_40' title='bbox 677 1923 811 2006; x_wconf 73' lang='lat' dir='ltr'><strong>legitimi</strong></span> <span class='ocrx_word' id='word_1_41' title='bbox 837 1923 998 2006; x_wconf 86' lang='lat' dir='ltr'><strong>dicuntur,</strong></span> <span class='ocrx_word' id='word_1_42' title='bbox 1022 1935 1185 2008; x_wconf 88' lang='lat' dir='ltr'><strong>quatenus</strong></span> <span class='ocrx_word' id='word_1_43' title='bbox 1210 1945 1264 1990; x_wconf 88' lang='lat' dir='ltr'><strong>eos</strong></span> <span class='ocrx_word' id='word_1_44' title='bbox 1282 1927 1353 1992; x_wconf 86' lang='lat' dir='ltr'><strong>sole</strong></span> <span class='ocrx_word' id='word_1_45' title='bbox 1377 1929 1516 1994; x_wconf 87' lang='lat' dir='ltr'><strong>hominis</strong></span> <span class='ocrx_word' id='word_1_46' title='bbox 1570 1962 1571 1996; x_wconf 75' lang='lat' dir='ltr'><strong>t</strong></span> 
     </span>
     <span class='ocr_line' id='line_1_9' title="bbox 213 2027 1516 2124; baseline 0.011 -36"><span class='ocrx_word' id='word_1_47' title='bbox 213 2027 365 2089; x_wconf 86' lang='lat' dir='ltr'><strong>voluntas</strong></span> <span class='ocrx_word' id='word_1_48' title='bbox 379 2027 490 2110; x_wconf 80' lang='lat' dir='ltr'><strong>legum</strong></span> <span class='ocrx_word' id='word_1_49' title='bbox 515 2029 686 2094; x_wconf 85' lang='lat' dir='ltr'><strong>accedente</strong></span> <span class='ocrx_word' id='word_1_50' title='bbox 701 2032 867 2114; x_wconf 87' lang='lat' dir='ltr'><strong>praesidio,</strong></span> <span class='ocrx_word' id='word_1_51' title='bbox 883 2046 914 2096; x_wconf 86' lang='lat' dir='ltr'><strong>et</strong></span> <span class='ocrx_word' id='word_1_52' title='bbox 928 2035 998 2096; x_wconf 86' lang='lat' dir='ltr'><strong>sine</strong></span> <span class='ocrx_word' id='word_1_53' title='bbox 1012 2046 1148 2098; x_wconf 85' lang='lat' dir='ltr'><strong>naturae</strong></span> <span class='ocrx_word' id='word_1_54' title='bbox 1169 2035 1292 2116; x_wconf 88' lang='lat' dir='ltr'><strong>officiis,</strong></span> <span class='ocrx_word' id='word_1_55' title='bbox 1303 2037 1400 2122; x_wconf 84' lang='lat' dir='ltr'><strong>juxta</strong></span> <span class='ocrx_word' id='word_1_56' title='bbox 1415 2037 1516 2124; x_wconf 89' lang='lat' dir='ltr'><strong>adop-</strong></span> 
     </span>
     <span class='ocr_line' id='line_1_10' title="bbox 212 2135 1572 2229; baseline 0.01 -31"><span class='ocrx_word' id='word_1_57' title='bbox 212 2136 337 2199; x_wconf 86' lang='lat' dir='ltr'><strong>tionum</strong></span> <span class='ocrx_word' id='word_1_58' title='bbox 347 2135 421 2220; x_wconf 82' lang='lat' dir='ltr'><strong>jrrra</strong></span> <span class='ocrx_word' id='word_1_59' title='bbox 447 2137 530 2200; x_wconf 85' lang='lat' dir='ltr'><strong>lilios</strong></span> <span class='ocrx_word' id='word_1_60' title='bbox 546 2137 662 2220; x_wconf 85' lang='lat' dir='ltr'><strong>secerit;</strong></span> <span class='ocrx_word' id='word_1_61' title='bbox 690 2137 747 2202; x_wconf 90' lang='lat' dir='ltr'><strong>sed</strong></span> <span class='ocrx_word' id='word_1_62' title='bbox 763 2140 898 2204; x_wconf 84' lang='lat' dir='ltr'><strong>veniunt</strong></span> <span class='ocrx_word' id='word_1_63' title='bbox 912 2139 968 2220; x_wconf 82' lang='lat' dir='ltr'><strong>illi,</strong></span> <span class='ocrx_word' id='word_1_64' title='bbox 984 2141 1041 2224; x_wconf 90' lang='lat' dir='ltr'><strong>qui</strong></span> <span class='ocrx_word' id='word_1_65' title='bbox 1057 2141 1190 2225; x_wconf 88' lang='lat' dir='ltr'><strong>legitimi</strong></span> <span class='ocrx_word' id='word_1_66' title='bbox 1208 2141 1361 2210; x_wconf 87' lang='lat' dir='ltr'><strong>dicuntur</strong></span> <span class='ocrx_word' id='word_1_67' title='bbox 1370 2147 1444 2229; x_wconf 89' lang='lat' dir='ltr'><strong>jure</strong></span> <span class='ocrx_word' id='word_1_68' title='bbox 1458 2167 1514 2212; x_wconf 85' lang='lat' dir='ltr'><strong>na·</strong></span> <span class='ocrx_word' id='word_1_69' title='bbox 1571 2216 1572 2228; x_wconf 11' lang='grc' dir='ltr'>χ</span> 
     </span>
     <span class='ocr_line' id='line_1_11' title="bbox 212 2241 1572 2340; baseline 0.009 -31"><span class='ocrx_word' id='word_1_70' title='bbox 212 2247 336 2331; x_wconf 64' lang='lat' dir='ltr'><strong>talium,</strong></span> <span class='ocrx_word' id='word_1_71' title='bbox 360 2267 441 2334; x_wconf 89' lang='lat' dir='ltr'><strong>quos</strong></span> <span class='ocrx_word' id='word_1_72' title='bbox 456 2248 576 2312; x_wconf 88' lang='lat' dir='ltr'><strong>seilicet</strong></span> <span class='ocrx_word' id='word_1_73' title='bbox 591 2247 675 2313; x_wconf 89' lang='lat' dir='ltr'><strong>sieut</strong></span> <span class='ocrx_word' id='word_1_74' title='bbox 684 2251 739 2334; x_wconf 87' lang='lat' dir='ltr'><strong>jus</strong></span> <span class='ocrx_word' id='word_1_75' title='bbox 753 2249 848 2314; x_wconf 88' lang='lat' dir='ltr'><strong>eirile</strong></span> <span class='ocrx_word' id='word_1_76' title='bbox 863 2249 907 2312; x_wconf 88' lang='lat' dir='ltr'><strong>ad</strong></span> <span class='ocrx_word' id='word_1_77' title='bbox 924 2249 1083 2334; x_wconf 84' lang='lat' dir='ltr'><strong>legitimas</strong></span> <span class='ocrx_word' id='word_1_78' title='bbox 1097 2263 1301 2336; x_wconf 82' lang='lat' dir='ltr'><strong>agnatorum,</strong></span> <span class='ocrx_word' id='word_1_79' title='bbox 1328 2253 1381 2318; x_wconf 86' lang='lat' dir='ltr'><strong>vel</strong></span> <span class='ocrx_word' id='word_1_80' title='bbox 1395 2275 1515 2340; x_wconf 86' lang='lat' dir='ltr'><strong>cogna-</strong></span> <span class='ocrx_word' id='word_1_81' title='bbox 1571 2241 1572 2244; x_wconf 8' lang='grc' dir='ltr'><strong>Ἴ</strong></span> 
     </span>
     <span class='ocr_line' id='line_1_12' title="bbox 213 2359 1515 2446; baseline 0 -18"><span class='ocrx_word' id='word_1_82' title='bbox 213 2375 320 2428; x_wconf 89' lang='lat' dir='ltr'><strong>torum</strong></span> <span class='ocrx_word' id='word_1_83' title='bbox 333 2359 547 2426; x_wconf 86' lang='lat' dir='ltr'><strong>haereditates</strong></span> <span class='ocrx_word' id='word_1_84' title='bbox 563 2370 664 2440; x_wconf 87' lang='lat' dir='ltr'><strong>vocat,</strong></span> <span class='ocrx_word' id='word_1_85' title='bbox 681 2361 724 2423; x_wconf 89' lang='lat' dir='ltr'><strong>ita</strong></span> <span class='ocrx_word' id='word_1_86' title='bbox 734 2361 790 2444; x_wconf 86' lang='lat' dir='ltr'><strong>jus</strong></span> <span class='ocrx_word' id='word_1_87' title='bbox 804 2359 1071 2440; x_wconf 86' lang='lat' dir='ltr'><strong>ecclesiasticum,</strong></span> <span class='ocrx_word' id='word_1_88' title='bbox 1087 2371 1119 2424; x_wconf 87' lang='lat' dir='ltr'><strong>et</strong></span> <span class='ocrx_word' id='word_1_89' title='bbox 1133 2361 1176 2424; x_wconf 90' lang='lat' dir='ltr'><strong>ad</strong></span> <span class='ocrx_word' id='word_1_90' title='bbox 1190 2363 1414 2446; x_wconf 77' lang='lat' dir='ltr'><strong>suscipiendos</strong></span> <span class='ocrx_word' id='word_1_91' title='bbox 1433 2367 1515 2430; x_wconf 91' lang='lat' dir='ltr'><strong>ordi-</strong></span> 
     </span>
     <span class='ocr_line' id='line_1_13' title="bbox 212 2465 1517 2556; baseline -0.002 -18"><span class='ocrx_word' id='word_1_92' title='bbox 212 2491 278 2553; x_wconf 85' lang='lat' dir='ltr'><strong>nes,</strong></span> <span class='ocrx_word' id='word_1_93' title='bbox 293 2469 380 2534; x_wconf 87' lang='lat' dir='ltr'><strong>etad</strong></span> <span class='ocrx_word' id='word_1_94' title='bbox 404 2466 614 2552; x_wconf 89' lang='lat' dir='ltr'><strong>adipiscenda</strong></span> <span class='ocrx_word' id='word_1_95' title='bbox 628 2465 787 2530; x_wconf 89' lang='lat' dir='ltr'><strong>beneficia</strong></span> <span class='ocrx_word' id='word_1_96' title='bbox 812 2465 953 2548; x_wconf 87' lang='lat' dir='ltr'><strong>idoneos,</strong></span> <span class='ocrx_word' id='word_1_97' title='bbox 969 2486 1040 2530; x_wconf 88' lang='lat' dir='ltr'><strong>esse</strong></span> <span class='ocrx_word' id='word_1_98' title='bbox 1055 2465 1206 2548; x_wconf 87' lang='lat' dir='ltr'><strong>decrevit,</strong></span> <span class='ocrx_word' id='word_1_99' title='bbox 1227 2480 1426 2552; x_wconf 81' lang='lat' dir='ltr'><strong>argumento</strong></span> <span class='ocrx_word' id='word_1_100' title='bbox 1444 2491 1517 2556; x_wconf 87' lang='lat' dir='ltr'><strong>cap.</strong></span> 
     </span>
     <span class='ocr_line' id='line_1_14' title="bbox 212 2573 1517 2664; baseline -0.002 -17"><span class='ocrx_word' id='word_1_101' title='bbox 212 2585 250 2664; x_wconf 88' lang='lat'><strong>1.‚</strong></span> <span class='ocrx_word' id='word_1_102' title='bbox 266 2593 298 2646; x_wconf 84' lang='lat' dir='ltr'><strong>et</strong></span> <span class='ocrx_word' id='word_1_103' title='bbox 311 2583 340 2646; x_wconf 79' lang='lat'><strong>2.</strong></span> <span class='ocrx_word' id='word_1_104' title='bbox 368 2580 409 2644; x_wconf 93' lang='lat' dir='ltr'><strong>de</strong></span> <span class='ocrx_word' id='word_1_105' title='bbox 425 2579 468 2642; x_wconf 89' lang='lat' dir='ltr'><strong>fil.</strong></span> <span class='ocrx_word' id='word_1_106' title='bbox 484 2579 624 2661; x_wconf 80' lang='lat' dir='ltr'><strong>presbyt.</strong></span> <span class='ocrx_word' id='word_1_107' title='bbox 668 2575 806 2660; x_wconf 82' lang='lat' dir='ltr'><strong>Triplex</strong></span> <span class='ocrx_word' id='word_1_108' title='bbox 821 2587 870 2640; x_wconf 88' lang='lat' dir='ltr'><strong>est</strong></span> <span class='ocrx_word' id='word_1_109' title='bbox 895 2573 1067 2640; x_wconf 89' lang='lat' dir='ltr'><strong>liberorum</strong></span> <span class='ocrx_word' id='word_1_110' title='bbox 1092 2595 1205 2660; x_wconf 82' lang='lat' dir='ltr'><strong>genus¹</strong></span> <span class='ocrx_word' id='word_1_111' title='bbox 1229 2597 1369 2664; x_wconf 80' lang='lat' dir='ltr'><strong>quornm</strong></span> <span class='ocrx_word' id='word_1_112' title='bbox 1393 2580 1449 2644; x_wconf 88' lang='lat' dir='ltr'><strong>alii</strong></span> <span class='ocrx_word' id='word_1_113' title='bbox 1475 2599 1517 2645; x_wconf 78' lang='lat' dir='ltr'><strong>ex</strong></span> 
     </span>
     <span class='ocr_line' id='line_1_15' title="bbox 207 2685 1517 2780; baseline -0.003 -22"><span class='ocrx_word' id='word_1_114' title='bbox 207 2694 304 2780; x_wconf 84' lang='lat' dir='ltr'><strong>justis</strong></span> <span class='ocrx_word' id='word_1_115' title='bbox 319 2691 439 2774; x_wconf 77' lang='lat' dir='ltr'><strong>nuptiis</strong></span> <span class='ocrx_word' id='word_1_116' title='bbox 452 2687 604 2773; x_wconf 89' lang='lat' dir='ltr'><strong>procreati</strong></span> <span class='ocrx_word' id='word_1_117' title='bbox 619 2698 707 2768; x_wconf 74' lang='lat' dir='ltr'><strong>sunt3</strong></span> <span class='ocrx_word' id='word_1_118' title='bbox 722 2687 776 2750; x_wconf 87' lang='lat' dir='ltr'><strong>elii</strong></span> <span class='ocrx_word' id='word_1_119' title='bbox 789 2685 945 2769; x_wconf 87' lang='lat' dir='ltr'><strong>progeniti</strong></span> <span class='ocrx_word' id='word_1_120' title='bbox 959 2703 1025 2750; x_wconf 90' lang='lat' dir='ltr'><strong>non</strong></span> <span class='ocrx_word' id='word_1_121' title='bbox 1039 2707 1081 2752; x_wconf 83' lang='lat' dir='ltr'><strong>ex</strong></span> <span class='ocrx_word' id='word_1_122' title='bbox 1091 2687 1188 2774; x_wconf 84' lang='lat' dir='ltr'><strong>justis</strong></span> <span class='ocrx_word' id='word_1_123' title='bbox 1199 2690 1330 2774; x_wconf 88' lang='lat' dir='ltr'><strong>nuptiis,</strong></span> <span class='ocrx_word' id='word_1_124' title='bbox 1346 2689 1404 2754; x_wconf 86' lang='lat' dir='ltr'><strong>sed</strong></span> <span class='ocrx_word' id='word_1_125' title='bbox 1418 2711 1462 2754; x_wconf 87' lang='lat' dir='ltr'><strong>ex</strong></span> <span class='ocrx_word' id='word_1_126' title='bbox 1477 2711 1517 2754; x_wconf 91' lang='lat' dir='ltr'><strong>ea</strong></span> 
     </span>
     <span class='ocr_line' id='line_1_16' title="bbox 209 2793 1517 2888; baseline -0.002 -20"><span class='ocrx_word' id='word_1_127' title='bbox 209 2801 445 2888; x_wconf 88' lang='lat' dir='ltr'><strong>conjunctione,</strong></span> <span class='ocrx_word' id='word_1_128' title='bbox 470 2817 555 2882; x_wconf 91' lang='lat' dir='ltr'><strong>quae</strong></span> <span class='ocrx_word' id='word_1_129' title='bbox 570 2795 642 2860; x_wconf 89' lang='lat' dir='ltr'><strong>ideo</strong></span> <span class='ocrx_word' id='word_1_130' title='bbox 652 2797 742 2880; x_wconf 85' lang='lat' dir='ltr'><strong>justa</strong></span> <span class='ocrx_word' id='word_1_131' title='bbox 756 2793 820 2859; x_wconf 92' lang='lat' dir='ltr'><strong>dici</strong></span> <span class='ocrx_word' id='word_1_132' title='bbox 835 2813 901 2860; x_wconf 92' lang='lat' dir='ltr'><strong>non</strong></span> <span class='ocrx_word' id='word_1_133' title='bbox 915 2807 1028 2880; x_wconf 78' lang='lat' dir='ltr'><strong>potest,</strong></span> <span class='ocrx_word' id='word_1_134' title='bbox 1055 2809 1219 2883; x_wconf 86' lang='lat' dir='ltr'><strong>prepterea</strong></span> <span class='ocrx_word' id='word_1_135' title='bbox 1233 2799 1318 2883; x_wconf 86' lang='lat' dir='ltr'><strong>quod</strong></span> <span class='ocrx_word' id='word_1_136' title='bbox 1335 2819 1401 2866; x_wconf 87' lang='lat' dir='ltr'><strong>nou</strong></span> <span class='ocrx_word' id='word_1_137' title='bbox 1417 2803 1460 2868; x_wconf 88' lang='lat' dir='ltr'><strong>sit</strong></span> <span class='ocrx_word' id='word_1_138' title='bbox 1476 2803 1517 2866; x_wconf 78' lang='lat' dir='ltr'><strong>le</strong></span> 
     </span>
     <span class='ocr_line' id='line_1_17' title="bbox 210 2906 1515 3000; baseline -0.002 -20"><span class='ocrx_word' id='word_1_139' title='bbox 210 2937 251 3000; x_wconf 87' lang='lat' dir='ltr'><strong>ge</strong></span> <span class='ocrx_word' id='word_1_140' title='bbox 266 2913 396 2999; x_wconf 87' lang='lat' dir='ltr'><strong>publiea</strong></span> <span class='ocrx_word' id='word_1_141' title='bbox 421 2913 562 2996; x_wconf 85' lang='lat' dir='ltr'><strong>probata,</strong></span> <span class='ocrx_word' id='word_1_142' title='bbox 588 2929 626 2974; x_wconf 86' lang='lat' dir='ltr'><strong>ac</strong></span> <span class='ocrx_word' id='word_1_143' title='bbox 640 2906 841 2988; x_wconf 82' lang='lat' dir='ltr'><strong>confirmata,</strong></span> <span class='ocrx_word' id='word_1_144' title='bbox 865 2907 986 2972; x_wconf 85' lang='lat' dir='ltr'><strong>interea</strong></span> <span class='ocrx_word' id='word_1_145' title='bbox 1011 2920 1120 2976; x_wconf 85' lang='lat' dir='ltr'><strong>temen</strong></span> <span class='ocrx_word' id='word_1_146' title='bbox 1145 2909 1254 2976; x_wconf 88' lang='lat' dir='ltr'><strong>adbuc</strong></span> <span class='ocrx_word' id='word_1_147' title='bbox 1277 2911 1421 2978; x_wconf 89' lang='lat' dir='ltr'><strong>naturali</strong></span> <span class='ocrx_word' id='word_1_148' title='bbox 1440 2916 1515 2998; x_wconf 82' lang='lat' dir='ltr'><strong>jure</strong></span> 
     </span>
     <span class='ocr_line' id='line_1_18' title="bbox 209 3021 1515 3112; baseline 0 -20"><span class='ocrx_word' id='word_1_149' title='bbox 209 3028 362 3106; x_wconf 84' lang='lat' dir='ltr'><strong>censistit,</strong></span> <span class='ocrx_word' id='word_1_150' title='bbox 379 3026 505 3108; x_wconf 88' lang='lat' dir='ltr'><strong>legibus</strong></span> <span class='ocrx_word' id='word_1_151' title='bbox 519 3021 665 3108; x_wconf 76' lang='lat' dir='ltr'><strong>positivis</strong></span> <span class='ocrx_word' id='word_1_152' title='bbox 681 3039 746 3084; x_wconf 91' lang='lat' dir='ltr'><strong>non</strong></span> <span class='ocrx_word' id='word_1_153' title='bbox 762 3021 949 3104; x_wconf 73' lang='lat' dir='ltr'><strong>improbae,</strong></span> <span class='ocrx_word' id='word_1_154' title='bbox 965 3041 1104 3088; x_wconf 89' lang='lat' dir='ltr'><strong>sennen</strong></span> <span class='ocrx_word' id='word_1_155' title='bbox 1119 3022 1284 3106; x_wconf 80' lang='lat' dir='ltr'><strong>demnata3</strong></span> <span class='ocrx_word' id='word_1_156' title='bbox 1300 3025 1356 3090; x_wconf 89' lang='lat' dir='ltr'><strong>alii</strong></span> <span class='ocrx_word' id='word_1_157' title='bbox 1370 3025 1515 3112; x_wconf 90' lang='lat' dir='ltr'><strong>deniqne</strong></span> 
     </span>
     <span class='ocr_line' id='line_1_19' title="bbox 209 3117 1515 3216; baseline -0.005 -12"><span class='ocrx_word' id='word_1_158' title='bbox 209 3140 278 3205; x_wconf 89' lang='lat' dir='ltr'><strong>nati</strong></span> <span class='ocrx_word' id='word_1_159' title='bbox 294 3157 337 3202; x_wconf 82' lang='lat' dir='ltr'><strong>ex</strong></span> <span class='ocrx_word' id='word_1_160' title='bbox 351 3117 506 3200; x_wconf 86' lang='lat' dir='ltr'><strong>damnato</strong></span> <span class='ocrx_word' id='word_1_161' title='bbox 521 3133 615 3198; x_wconf 82' lang='lat' dir='ltr'><strong>coitu.</strong></span> <span class='ocrx_word' id='word_1_162' title='bbox 660 3129 757 3192; x_wconf 89' lang='lat' dir='ltr'><strong>Primi</strong></span> <span class='ocrx_word' id='word_1_163' title='bbox 773 3129 843 3192; x_wconf 89' lang='lat' dir='ltr'><strong>sine</strong></span> <span class='ocrx_word' id='word_1_164' title='bbox 855 3129 923 3192; x_wconf 87' lang='lat' dir='ltr'><strong>ulla</strong></span> <span class='ocrx_word' id='word_1_165' title='bbox 936 3149 1065 3214; x_wconf 91' lang='lat' dir='ltr'><strong>prorsus</strong></span> <span class='ocrx_word' id='word_1_166' title='bbox 1080 3127 1283 3196; x_wconf 81' lang='lat' dir='ltr'><strong>dubitatione</strong></span> <span class='ocrx_word' id='word_1_167' title='bbox 1296 3131 1515 3216; x_wconf 86' lang='lat' dir='ltr'><strong>legitimorum</strong></span> 
     </span>
     <span class='ocr_line' id='line_1_20' title="bbox 208 3237 1516 3324; baseline -0.009 -9"><span class='ocrx_word' id='word_1_168' title='bbox 208 3269 327 3314; x_wconf 88' lang='lat' dir='ltr'><strong>nomen</strong></span> <span class='ocrx_word' id='word_1_169' title='bbox 343 3247 472 3310; x_wconf 87' lang='lat' dir='ltr'><strong>habent:</strong></span> <span class='ocrx_word' id='word_1_170' title='bbox 499 3239 590 3306; x_wconf 89' lang='lat' dir='ltr'><strong>alteri</strong></span> <span class='ocrx_word' id='word_1_171' title='bbox 605 3237 769 3304; x_wconf 76' lang='lat' dir='ltr'><strong>naturales</strong></span> <span class='ocrx_word' id='word_1_172' title='bbox 793 3238 918 3322; x_wconf 87' lang='lat' dir='ltr'><strong>proprie</strong></span> <span class='ocrx_word' id='word_1_173' title='bbox 932 3238 1124 3324; x_wconf 89' lang='lat' dir='ltr'><strong>apellantur:</strong></span> <span class='ocrx_word' id='word_1_174' title='bbox 1151 3237 1302 3324; x_wconf 87' lang='lat' dir='ltr'><strong>postremi</strong></span> <span class='ocrx_word' id='word_1_175' title='bbox 1327 3239 1437 3324; x_wconf 87' lang='lat' dir='ltr'><strong>spurii,</strong></span> <span class='ocrx_word' id='word_1_176' title='bbox 1455 3257 1516 3303; x_wconf 88' lang='lat' dir='ltr'><strong>seu</strong></span> 
     </span>
     <span class='ocr_line' id='line_1_21' title="bbox 208 3355 1344 3448; baseline -0.007 -19"><span class='ocrx_word' id='word_1_177' title='bbox 208 3357 473 3448; x_wconf 79' lang='lat' dir='ltr'><strong>vulgoquaesitl.</strong></span> <span class='ocrx_word' id='word_1_178' title='bbox 1332 3355 1344 3364; x_wconf 84' lang='grc'><em>”</em></span> 
     </span>
    </p>

    <p class='ocr_par' dir='ltr' id='par_1_7' title="bbox 200 3463 1515 4542">
     <span class='ocr_line' id='line_1_22' title="bbox 250 3463 1515 3558; baseline -0.01 -19"><span class='ocrx_word' id='word_1_179' title='bbox 250 3477 364 3558; x_wconf 86' lang='lat' dir='ltr'><strong>Itaque</strong></span> <span class='ocrx_word' id='word_1_180' title='bbox 380 3469 536 3554; x_wconf 89' lang='lat' dir='ltr'><strong>imprimis</strong></span> <span class='ocrx_word' id='word_1_181' title='bbox 561 3467 676 3532; x_wconf 89' lang='lat' dir='ltr'><strong>liberos</strong></span> <span class='ocrx_word' id='word_1_182' title='bbox 691 3485 732 3528; x_wconf 84' lang='lat' dir='ltr'><strong>ex</strong></span> <span class='ocrx_word' id='word_1_183' title='bbox 743 3463 839 3548; x_wconf 89' lang='lat' dir='ltr'><strong>justis</strong></span> <span class='ocrx_word' id='word_1_184' title='bbox 866 3463 988 3546; x_wconf 91' lang='lat' dir='ltr'><strong>nuptiis</strong></span> <span class='ocrx_word' id='word_1_185' title='bbox 1004 3471 1184 3548; x_wconf 71' lang='lat' dir='ltr'><strong>procreatos</strong></span> <span class='ocrx_word' id='word_1_186' title='bbox 1210 3463 1420 3528; x_wconf 89' lang='lat' dir='ltr'><strong>nominamus</strong></span> <span class='ocrx_word' id='word_1_187' title='bbox 1435 3463 1515 3547; x_wconf 86' lang='lat' dir='ltr'><strong>legi-</strong></span> 
     </span>
     <span class='ocr_line' id='line_1_23' title="bbox 206 3571 1513 3662; baseline -0.008 -15"><span class='ocrx_word' id='word_1_188' title='bbox 206 3585 311 3662; x_wconf 83' lang='lat' dir='ltr'><strong>timos,</strong></span> <span class='ocrx_word' id='word_1_189' title='bbox 327 3592 425 3662; x_wconf 70' lang='lat' dir='ltr'><strong>ablue</strong></span> <span class='ocrx_word' id='word_1_190' title='bbox 440 3574 502 3642; x_wconf 86' lang='lat' dir='ltr'><strong>hoe</strong></span> <span class='ocrx_word' id='word_1_191' title='bbox 517 3577 647 3660; x_wconf 75' lang='lat' dir='ltr'><strong>nomine</strong></span> <span class='ocrx_word' id='word_1_192' title='bbox 662 3573 793 3638; x_wconf 84' lang='lat' dir='ltr'><strong>eosdem</strong></span> <span class='ocrx_word' id='word_1_193' title='bbox 808 3579 830 3640; x_wconf 75' lang='lat' dir='ltr'><strong>tl</strong></span> <span class='ocrx_word' id='word_1_194' title='bbox 844 3573 1055 3652; x_wconf 75' lang='lat' dir='ltr'><strong>naturalibus,</strong></span> <span class='ocrx_word' id='word_1_195' title='bbox 1072 3571 1252 3657; x_wconf 88' lang='lat' dir='ltr'><strong>spttriisque</strong></span> <span class='ocrx_word' id='word_1_196' title='bbox 1266 3571 1513 3656; x_wconf 74' lang='lat' dir='ltr'><strong>distinguimus,</strong></span> 
     </span>
     <span class='ocr_line' id='line_1_24' title="bbox 207 3679 1512 3770; baseline -0.011 -14"><span class='ocrx_word' id='word_1_197' title='bbox 207 3694 286 3764; x_wconf 78' lang='lat' dir='ltr'><strong>Qua</strong></span> <span class='ocrx_word' id='word_1_198' title='bbox 302 3691 334 3754; x_wconf 90' lang='lat' dir='ltr'><strong>iu</strong></span> <span class='ocrx_word' id='word_1_199' title='bbox 350 3707 382 3752; x_wconf 89' lang='lat' dir='ltr'><strong>re</strong></span> <span class='ocrx_word' id='word_1_200' title='bbox 397 3686 527 3752; x_wconf 88' lang='lat' dir='ltr'><strong>nomine</strong></span> <span class='ocrx_word' id='word_1_201' title='bbox 547 3687 708 3770; x_wconf 87' lang='lat' dir='ltr'><strong>justarum</strong></span> <span class='ocrx_word' id='word_1_202' title='bbox 723 3683 922 3764; x_wconf 87' lang='lat' dir='ltr'><strong>nuptiarum,</strong></span> <span class='ocrx_word' id='word_1_203' title='bbox 947 3699 1002 3746; x_wconf 89' lang='lat' dir='ltr'><strong>eas</strong></span> <span class='ocrx_word' id='word_1_204' title='bbox 1017 3679 1229 3764; x_wconf 85' lang='lat' dir='ltr'><strong>intelligimus</strong></span> <span class='ocrx_word' id='word_1_205' title='bbox 1254 3699 1319 3744; x_wconf 92' lang='lat' dir='ltr'><strong>non</strong></span> <span class='ocrx_word' id='word_1_206' title='bbox 1334 3679 1451 3760; x_wconf 86' lang='lat' dir='ltr'><strong>solum,</strong></span> <span class='ocrx_word' id='word_1_207' title='bbox 1477 3682 1512 3743; x_wconf 91' lang='lat' dir='ltr'><strong>in</strong></span> 
     </span>
     <span class='ocr_line' id='line_1_25' title="bbox 206 3787 1513 3884; baseline -0.006 -26"><span class='ocrx_word' id='word_1_208' title='bbox 206 3797 326 3884; x_wconf 90' lang='lat' dir='ltr'><strong>quibus</strong></span> <span class='ocrx_word' id='word_1_209' title='bbox 351 3792 551 3860; x_wconf 80' lang='lat' dir='ltr'><strong>celebrandis</strong></span> <span class='ocrx_word' id='word_1_210' title='bbox 576 3811 688 3856; x_wconf 91' lang='lat' dir='ltr'><strong>omnes</strong></span> <span class='ocrx_word' id='word_1_211' title='bbox 714 3789 917 3854; x_wconf 83' lang='lat' dir='ltr'><strong>adamussim</strong></span> <span class='ocrx_word' id='word_1_212' title='bbox 943 3787 1053 3872; x_wconf 88' lang='lat' dir='ltr'><strong>legum</strong></span> <span class='ocrx_word' id='word_1_213' title='bbox 1079 3787 1297 3852; x_wconf 86' lang='lat' dir='ltr'><strong>solemnitates</strong></span> <span class='ocrx_word' id='word_1_214' title='bbox 1319 3787 1513 3850; x_wconf 84' lang='lat' dir='ltr'><strong>observatae</strong></span> 
     </span>
     <span class='ocr_line' id='line_1_26' title="bbox 206 3897 1513 3988; baseline -0.008 -17"><span class='ocrx_word' id='word_1_215' title='bbox 206 3908 279 3988; x_wconf 84' lang='lat' dir='ltr'><strong>sint,</strong></span> <span class='ocrx_word' id='word_1_216' title='bbox 295 3906 350 3970; x_wconf 88' lang='lat' dir='ltr'><strong>sed</strong></span> <span class='ocrx_word' id='word_1_217' title='bbox 366 3903 463 3968; x_wconf 88' lang='lat' dir='ltr'><strong>etiam</strong></span> <span class='ocrx_word' id='word_1_218' title='bbox 479 3903 559 3982; x_wconf 89' lang='lat' dir='ltr'><strong>illas,</strong></span> <span class='ocrx_word' id='word_1_219' title='bbox 586 3901 752 3984; x_wconf 90' lang='lat' dir='ltr'><strong>inquibus</strong></span> <span class='ocrx_word' id='word_1_220' title='bbox 779 3909 908 3962; x_wconf 87' lang='lat' dir='ltr'><strong>tantum</strong></span> <span class='ocrx_word' id='word_1_221' title='bbox 933 3897 1135 3962; x_wconf 80' lang='lat' dir='ltr'><strong>satisfactum</strong></span> <span class='ocrx_word' id='word_1_222' title='bbox 1160 3897 1256 3962; x_wconf 81' lang='lat' dir='ltr'><strong>fuerit</strong></span> <span class='ocrx_word' id='word_1_223' title='bbox 1272 3898 1398 3980; x_wconf 90' lang='lat' dir='ltr'><strong>legibus</strong></span> <span class='ocrx_word' id='word_1_224' title='bbox 1420 3909 1513 3960; x_wconf 89' lang='lat' dir='ltr'><strong>certa</strong></span> 
     </span>
     <span class='ocr_line' id='line_1_27' title="bbox 205 4009 1513 4102; baseline -0.006 -19"><span class='ocrx_word' id='word_1_225' title='bbox 205 4019 355 4102; x_wconf 79' lang='lat' dir='ltr'><strong>corrjugia</strong></span> <span class='ocrx_word' id='word_1_226' title='bbox 371 4015 576 4080; x_wconf 88' lang='lat' dir='ltr'><strong>irritantibus.</strong></span> <span class='ocrx_word' id='word_1_227' title='bbox 606 4011 828 4084; x_wconf 77' lang='lat' dir='ltr'><strong>Quamobrem</strong></span> <span class='ocrx_word' id='word_1_228' title='bbox 844 4011 871 4074; x_wconf 86' lang='lat' dir='ltr'><strong>si</strong></span> <span class='ocrx_word' id='word_1_229' title='bbox 886 4009 965 4074; x_wconf 83' lang='lat' dir='ltr'><strong>forte</strong></span> <span class='ocrx_word' id='word_1_230' title='bbox 979 4010 1155 4094; x_wconf 84' lang='lat' dir='ltr'><strong>quisquam</strong></span> <span class='ocrx_word' id='word_1_231' title='bbox 1169 4010 1203 4074; x_wconf 91' lang='lat' dir='ltr'><strong>in</strong></span> <span class='ocrx_word' id='word_1_232' title='bbox 1218 4009 1422 4074; x_wconf 89' lang='lat' dir='ltr'><strong>matrimonio</strong></span> <span class='ocrx_word' id='word_1_233' title='bbox 1432 4029 1513 4075; x_wconf 90' lang='lat' dir='ltr'><strong>eon-</strong></span> 
     </span>
     <span class='ocr_line' id='line_1_28' title="bbox 204 4117 1513 4204; baseline -0.005 -12"><span class='ocrx_word' id='word_1_234' title='bbox 204 4123 362 4192; x_wconf 86' lang='lat' dir='ltr'><strong>trahendo</strong></span> <span class='ocrx_word' id='word_1_235' title='bbox 377 4133 434 4184; x_wconf 89' lang='lat' dir='ltr'><strong>aut</strong></span> <span class='ocrx_word' id='word_1_236' title='bbox 449 4121 588 4204; x_wconf 85' lang='lat' dir='ltr'><strong>culpam,</strong></span> <span class='ocrx_word' id='word_1_237' title='bbox 613 4133 670 4184; x_wconf 86' lang='lat' dir='ltr'><strong>aut</strong></span> <span class='ocrx_word' id='word_1_238' title='bbox 684 4124 805 4184; x_wconf 86' lang='lat' dir='ltr'><strong>crimen</strong></span> <span class='ocrx_word' id='word_1_239' title='bbox 820 4117 992 4196; x_wconf 85' lang='lat' dir='ltr'><strong>admiserit,</strong></span> <span class='ocrx_word' id='word_1_240' title='bbox 1008 4117 1185 4184; x_wconf 90' lang='lat' dir='ltr'><strong>dummodo</strong></span> <span class='ocrx_word' id='word_1_241' title='bbox 1210 4137 1277 4182; x_wconf 78' lang='lat' dir='ltr'><strong>non</strong></span> <span class='ocrx_word' id='word_1_242' title='bbox 1294 4119 1419 4184; x_wconf 86' lang='lat' dir='ltr'><strong>irritum</strong></span> <span class='ocrx_word' id='word_1_243' title='bbox 1433 4139 1513 4185; x_wconf 88' lang='lat' dir='ltr'><strong>con-</strong></span> 
     </span>
     <span class='ocr_line' id='line_1_29' title="bbox 200 4227 1510 4322; baseline -0.003 -24"><span class='ocrx_word' id='word_1_244' title='bbox 200 4235 330 4322; x_wconf 88' lang='lat' dir='ltr'><strong>jugium</strong></span> <span class='ocrx_word' id='word_1_245' title='bbox 345 4231 463 4296; x_wconf 83' lang='lat' dir='ltr'><strong>exinde</strong></span> <span class='ocrx_word' id='word_1_246' title='bbox 478 4231 527 4310; x_wconf 85' lang='lat' dir='ltr'><strong>sit,</strong></span> <span class='ocrx_word' id='word_1_247' title='bbox 543 4229 753 4294; x_wconf 79' lang='lat' dir='ltr'><strong>nibilominus</strong></span> <span class='ocrx_word' id='word_1_248' title='bbox 778 4229 837 4292; x_wconf 89' lang='lat' dir='ltr'><strong>filii</strong></span> <span class='ocrx_word' id='word_1_249' title='bbox 851 4249 893 4294; x_wconf 84' lang='lat' dir='ltr'><strong>ex</strong></span> <span class='ocrx_word' id='word_1_250' title='bbox 908 4227 1021 4294; x_wconf 89' lang='lat' dir='ltr'><strong>eodem</strong></span> <span class='ocrx_word' id='word_1_251' title='bbox 1036 4230 1185 4314; x_wconf 82' lang='lat' dir='ltr'><strong>conjugio</strong></span> <span class='ocrx_word' id='word_1_252' title='bbox 1200 4231 1348 4312; x_wconf 87' lang='lat' dir='ltr'><strong>suscepti,</strong></span> <span class='ocrx_word' id='word_1_253' title='bbox 1372 4230 1510 4314; x_wconf 87' lang='lat' dir='ltr'><strong>legitimi</strong></span> 
     </span>
     <span class='ocr_line' id='line_1_30' title="bbox 204 4339 1512 4424; baseline -0.002 -12"><span class='ocrx_word' id='word_1_254' title='bbox 204 4347 418 4412; x_wconf 87' lang='lat' dir='ltr'><strong>habebuntur.</strong></span> <span class='ocrx_word' id='word_1_255' title='bbox 456 4339 588 4406; x_wconf 87' lang='lat' dir='ltr'><strong>Etenim</strong></span> <span class='ocrx_word' id='word_1_256' title='bbox 604 4341 818 4424; x_wconf 84' lang='lat' dir='ltr'><strong>legitimorum</strong></span> <span class='ocrx_word' id='word_1_257' title='bbox 835 4341 974 4406; x_wconf 90' lang='lat' dir='ltr'><strong>liliorum</strong></span> <span class='ocrx_word' id='word_1_258' title='bbox 990 4341 1166 4406; x_wconf 88' lang='lat' dir='ltr'><strong>conditioni</strong></span> <span class='ocrx_word' id='word_1_259' title='bbox 1181 4341 1263 4406; x_wconf 91' lang='lat' dir='ltr'><strong>nihil</strong></span> <span class='ocrx_word' id='word_1_260' title='bbox 1277 4343 1366 4406; x_wconf 87' lang='lat' dir='ltr'><strong>obest</strong></span> <span class='ocrx_word' id='word_1_261' title='bbox 1381 4339 1512 4410; x_wconf 78' lang='lat' dir='ltr'><strong>facturn</strong></span> 
     </span>
     <span class='ocr_line' id='line_1_31' title="bbox 205 4449 1513 4542; baseline 0 -22"><span class='ocrx_word' id='word_1_262' title='bbox 205 4466 385 4542; x_wconf 83' lang='lat' dir='ltr'><strong>parentum,</strong></span> <span class='ocrx_word' id='word_1_263' title='bbox 412 4453 469 4540; x_wconf 91' lang='lat' dir='ltr'><strong>qui</strong></span> <span class='ocrx_word' id='word_1_264' title='bbox 486 4453 608 4536; x_wconf 86' lang='lat' dir='ltr'><strong>legibus</strong></span> <span class='ocrx_word' id='word_1_265' title='bbox 624 4454 835 4536; x_wconf 84' lang='lat' dir='ltr'><strong>obsequentes</strong></span> <span class='ocrx_word' id='word_1_266' title='bbox 861 4451 994 4516; x_wconf 90' lang='lat' dir='ltr'><strong>minime</strong></span> <span class='ocrx_word' id='word_1_267' title='bbox 1008 4449 1136 4534; x_wconf 78' lang='lat' dir='ltr'><strong>luerint,</strong></span> <span class='ocrx_word' id='word_1_268' title='bbox 1152 4451 1286 4536; x_wconf 87' lang='lat' dir='ltr'><strong>&#39;quando</strong></span> <span class='ocrx_word' id='word_1_269' title='bbox 1300 4452 1382 4518; x_wconf 84' lang='lat' dir='ltr'><strong>elias</strong></span> <span class='ocrx_word' id='word_1_270' title='bbox 1395 4455 1513 4539; x_wconf 85' lang='lat' dir='ltr'><strong>couju-</strong></span> 
     </span>
    </p>
   </div>
   <div class='ocr_carea' id='block_1_7' title="bbox 0 0 1578 4980">
    <p class='ocr_par' dir='ltr' id='par_1_8' title="bbox 0 0 1578 4980">
     <span class='ocr_line' id='line_1_32' title="bbox 0 0 1578 4980; baseline 0 3"><span class='ocrx_word' id='word_1_271' title='bbox 0 0 1578 4980; x_wconf 95' lang='lat' dir='ltr'><strong> </strong></span> 
     </span>
    </p>
   </div>
  </div>
 </body>
</html>
