3168 4982
88 529 125 579 ur
139 533 319 579 consuens
336 533 526 579 rursanrc.
542 489 717 578 rnaa'rsc
734 530 1106 591 aestuantemque
1124 529 1279 575 nouauo.
1310 503 1389 580 257,

84 655 418 720 vinciisexercuerunt.
462 653 582 722 Verum
597 673 674 718 cum
699 654 871 718 recentiore
887 663 992 716 aetate
1018 662 1144 717 mutata
1158 651 1288 734 Imperii
1312 649 1373 714 sor·

85 782 134 843 ura,
150 765 251 830 minor
264 761 442 828 eorundem
453 773 605 860 vpotestas
620 763 730 828 haberi
746 763 858 846 coepit,
882 774 991 846 utpote
1005 761 1093 844 quod
1107 759 1221 840 diviso,
1244 760 1373 823 tributo
1393 823 1398 830 .

84 891 133 954 qne
147 873 283 958 Imperio
306 876 389 938 inter
404 875 511 958 plures
527 875 699 957 Principes,
723 873 817 936 facilc
831 872 892 935 luit
917 870 1153 954 provinciarum
1167 867 1372 960 admiqistra·

85 985 199 1046 cresin
224 1001 421 1066 unoquoque
447 983 648 1048 commodius
676 987 697 1046 a
722 981 859 1064 singulis
884 981 999 1062 Regno
1019 979 1052 1042 in
1078 978 1183 1044 officio
1207 977 1372 1059 contineri,

83 1103 322 1176 eumpropterea
349 1094 546 1156 minueretur
561 1091 716 1174 gravioris
742 1100 847 1152 metus
872 1086 1099 1170 praesumptio,
1128 1085 1264 1148 relaxari
1281 1085 1372 1150 illam

83 1204 215 1286 oportuit,
231 1214 331 1289 atque
346 1203 422 1266 inde
437 1205 464 1266 si
479 1203 631 1266 Rectores
648 1198 894 1282 provinciarum,
909 1214 1085 1278 eorumque
1102 1193 1158 1258 lilii
1174 1193 1301 1276 puellas
1311 1193 1372 1256 du·

84 1323 174 1376 cerem
184 1313 406 1396 provinciales,
422 1311 662 1374 matrimonium
679 1293 851 1370 consistere
866 1305 978 1386 coepit,
995 1301 1082 1386 quod
1090 1301 1257 1366 hodiernis
1272 1302 1372 1366 etiam

84 1421 211 1484 moribus
224 1421 444 1498 confirmatur,
467 1419 590 1502 integra
606 1415 819 1481 nihilominus
835 1425 985 1476 manente
1008 1411 1151 1496 generali
1166 1423 1244 1476 tuuc
1260 1409 1375 1474 dissol-

86 1531 168 1596 rendi
181 1533 322 1616 conjugii
336 1551 446 1610 causa,
470 1549 574 1612 quum
591 1527 719 1612 liqueat,
742 1515 1033 1590 administratorem
1056 1533 1211 1606 potestate
1231 1522 1373 1586 abusum

84 1641 118 1718 ri,
134 1651 164 1704 et
177 1642 310 1726 imperio
326 1641 469 1723 puellam
484 1637 526 1702 ad
541 1637 777 1702 contrahendas
793 1637 923 1718 nuptias
938 1636 1095 1718 adegisse.

117 1746 249 1810 Vetitum
267 1749 398 1830 insuper
412 1745 474 1810 suit
499 1747 647 1810 Romano
658 1747 729 1828 jnre
745 1745 911 1824 tutoribus,
937 1763 978 1808 ne
993 1763 1067 1807 cum
1085 1744 1209 1826 pusilio,
1232 1763 1372 1826 quarum

82 1858 206 1936 tutelam,
232 1869 265 1922 et
279 1859 490 1934 curatoribus,
518 1877 559 1922 ne
580 1876 657 1924 cum
678 1855 944 1936 adolescentibus,
970 1875 1110 1938 quarum
1136 1875 1249 1922 curam
1264 1875 1374 1944 gesse-

83 1973 151 2041 ruut,
176 1965 326 2048 conjugia
339 1964 573 2043 contraherent,
600 1962 619 2024 l.
637 1965 686 2025 15.
702 1962 734 2025 ff.
750 1962 790 2026 de
816 1961 956 2044 sponsal.
972 1961 992 2024 l.
1009 1963 1059 2026 59.
1074 1963 1107 2026 ff.
1134 1964 1174 2026 de
1191 1965 1251 2029 ritu
1266 1979 1368 2050 nupt,
1392 2025 1406 2048 ,

82 2078 135 2130 toto
157 2069 247 2134 titulo
261 2069 382 2132 codicis
409 2069 450 2132 de
475 2069 643 2134 interdicto
666 2069 804 2131 matrim.
820 2069 886 2132 int.'
904 2069 1016 2150 pupill.
1043 2081 1075 2132 et
1092 2079 1149 2134 tut.
1176 2091 1235 2138 seu
1254 2085 1366 2154 curat,

82 2171 152 2238 adeo
165 2187 198 2240 ut
214 2195 255 2238 ne
269 2175 435 2258 sponsalia
448 2173 581 2256 quidem
598 2173 735 2250 valeant,
759 2173 846 2237 dicta
862 2173 881 2236 l.
902 2175 950 2238 15.
966 2173 998 2237 ff.
1014 2175 1054 2240 de
1070 2179 1220 2259 sponsal,
1241 2177 1261 2242 l.
1278 2181 1329 2245 60.
1346 2185 1368 2251 l.

82 2283 106 2346 5.
119 2283 146 2348 ff.
160 2285 200 2348 de
215 2286 275 2350 ritu
294 2284 442 2366 nuptiar.;
467 2301 531 2347 non
546 2283 680 2366 quidem
695 2281 889 2366 simpliciter,
911 2281 967 2344 scd
983 2301 1153 2366 quousque
1168 2287 1289 2350 reditae
1304 2307 1370 2356 non

81 2395 185 2464 luerint
238 2409 307 2462 stae
323 2395 452 2474 tutelae,
479 2395 532 2458 vel
547 2412 643 2457 curuo
659 2399 806 2470 rationes,
833 2393 853 2456 l.
869 2393 918 2456 62.
940 2398 961 2462 l.
978 2395 1016 2474 2,,
1032 2405 1065 2456 ct
1084 2393 1103 2456 l.
1119 2395 1172 2460 67.
1198 2393 1231 2460 ff.
1247 2397 1287 2460 de
1310 2401 1389 2467 ritu.

82 2519 159 2590 ttttpt
234 2529 256 2572 x
271 2525 338 2589 quo
349 2504 527 2584 deducitur,
536 2514 643 2566 totam
655 2513 790 2566 causam
803 2501 961 2566 interdicti
975 2499 1006 2565 iu
1025 2521 1063 2564 eo
1074 2503 1177 2582 inniti,
1190 2503 1277 2586 quod
1298 2523 1374 2572 con-

17 2693 18 2696 ,
82 2616 239 2684 solendum
247 2636 287 2680 ea
296 2616 418 2680 ratione
428 2613 523 2677 suerit
531 2612 738 2696 pupillarum,
750 2621 781 2673 at
792 2609 1045 2674 adolescentium
1058 2611 1240 2693 puellarum
1251 2613 1375 2680 indem-
1391 2655 1396 2668 ·

17 2803 18 2820 ἢ
81 2728 167 2807 nitati,
182 2737 291 2811 utpote
305 2743 390 2808 quae
405 2724 433 2786 si
444 2726 657 2808 jungerentur
678 2719 827 2805 conjugio
843 2720 999 2783 tutoribus
1016 2719 1066 2781 vel
1086 2721 1287 2784 curatoribus
1302 2723 1372 2787 suis

17 2825 18 2876 l
81 2847 145 2899 ante
153 2837 291 2900 redditas
300 2835 449 2922 rationes,
462 2833 520 2896 vix
534 2831 681 2896 futurum
695 2841 786 2907 esset,
803 2841 839 2893 ut
854 2827 920 2908 rite,
936 2839 1034 2912 atque
1050 2849 1091 2892 ex
1100 2829 1184 2892 bona
1195 2829 1259 2893 fide
1270 2831 1390 2896 admi-¹

82 2945 263 3010 nistrationis
276 2945 356 3008 ratio
369 2941 561 3022 redderetur;
575 2941 655 3004 alias
668 2949 776 3002 autom
791 2937 956 3017 tutoribus,
971 2937 1022 3000 vcl
1033 2939 1232 3002 circatoribus
1244 2938 1372 3006 daretur

81 3057 192 3120 occasio
207 3055 336 3137 negotia
359 3058 464 3136 potius
480 3043 609 3132 gerendi
625 3047 759 3131 propria,
783 3066 839 3131 spe
854 3045 1035 3110 suturarum
1052 3047 1371 3132 nuptiarumquam

17 3141 19 3204 ἶ
82 3163 247 3240 puellamm
262 3165 297 3226 in
312 3161 422 3238 tutela,
448 3159 499 3222 vel
515 3177 592 3222 cura
607 3156 796 3220 exercenda.
841 3152 1017 3226 Quomodo
1032 3153 1119 3216 enim
1141 3173 1184 3218 nu
1189 3165 1244 3236 pta
1262 3156 1372 3238 puella

83 3276 172 3354 tutori,
196 3276 247 3338 rcl
262 3273 402 3338 curatori
417 3257 485 3352 aruo,
512 3271 649 3336 rationes
665 3275 686 3333 a
701 3269 815 3330 marito
830 3266 927 3328 libere
941 3259 1109 3350 exegisset,
1139 3279 1196 3330 ant
1210 3269 1373 3350 quomedo

82 3384 186 3462 sperari
204 3391 320 3466 posset,
347 3381 415 3442 siue
432 3377 544 3442 fraude
560 3377 689 3440 casdem
718 3375 855 3438 rationes
870 3380 891 3438 a
905 3374 1021 3437 marito
1048 3375 1209 3440 redditum
1231 3379 1282 3441 int
1305 3377 1324 3442 l.
1339 3381 1371 3443 7.

82 3487 142 3552 cod.
156 3491 193 3554 de
207 3487 323 3554 interd.
349 3489 489 3552 matrim.
532 3488 630 3557 Quae
645 3486 672 3546 si
696 3503 771 3548 vcra
787 3493 870 3562 sunt,
898 3483 944 3544 nti
961 3484 1128 3548 verissima
1154 3485 1390 3558 demonstran-¹

84 3609 135 3674 tur,
148 3598 291 3664 dubitare
306 3617 371 3661 non
387 3615 528 3680 possum,
543 3595 621 3675 quin
638 3593 777 3656 Romani
794 3591 1038 3673 Legumlatores
1053 3613 1182 3676 prorsus
1198 3598 1301 3660 irritas
1317 3619 1372 3663 eas

84 3709 197 3786 nuptias
212 3727 283 3770 esse
298 3705 468 3781 voluerint,
491 3701 577 3783 qnod
594 3713 625 3762 et
641 3702 806 3782 perspicua
821 3711 1054 3782 expresserunt,
1075 3701 1093 3763 l.
1113 3704 1138 3763 l.
1155 3705 1193 3779 3.,
1206 3714 1241 3764 et
1256 3707 1283 3768 6.
1301 3709 1370 3779 cod.

83 3811 117 3875 de
132 3815 235 3879 interd.
252 3814 400 3892 matrim,
423 3812 486 3874 nisi
508 3811 548 3871 de
565 3809 687 3891 nuptiis
709 3819 856 3890 ageretur
870 3808 1040 3870 contractis
1062 3820 1137 3870 autc
1160 3809 1301 3874 delatam
1317 3831 1371 3874 cu-

85 3941 151 4000 ram,
165 3935 271 4006 utpote
286 3939 377 4004 quas,
403 3937 479 3982 cnm
503 3918 572 4001 jam
590 3917 645 3979 rite
671 3917 897 3995 constitissent,
924 3915 1056 3978 dissolvi
1082 3919 1124 3979 ob
1138 3937 1209 3982 eam
1225 3939 1368 4000 causam,

82 4036 181 4096 rcrrob
204 4031 483 4116 supervenientem
498 4045 619 4106 curam,
646 4027 723 4090 utile
745 4026 852 4086 visum
878 4044 943 4086 non
969 4023 1038 4106 fnit,
1063 4045 1264 4110 quamquam
1292 4043 1367 4093 tnnc

83 4139 237 4202 curialium
248 4138 386 4202 curatori
403 4137 613 4218 praeberetur,
630 4145 665 4198 ut
679 4135 745 4218 ipse
759 4151 872 4196 curam
883 4133 1061 4215 dimitteret,
1078 4147 1109 4199 at
1124 4137 1226 4204 alium
1241 4139 1368 4220 puellae

82 4257 244 4310 curatorem
259 4246 328 4308 dari
351 4243 534 4328 postularet,
557 4243 645 4308 dicta
661 4242 680 4304 l.
697 4241 724 4304 3.
741 4241 811 4304 cod.
834 4239 903 4303 eod.
921 4241 966 4303 tit.
1012 4239 1138 4305 Eadem
1149 4245 1369 4328 jurispruden-

17 4425 18 4430 γ
84 4351 123 4412 tia
137 4365 283 4436 protracta
296 4353 359 4418 suit
373 4353 415 4414 ad
431 4351 535 4416 filium
551 4351 670 4432 tutoris,
688 4350 737 4412 vei
753 4351 909 4414 curatoris
923 4352 1016 4434 cujus
1033 4361 1176 4434 respectu
1191 4350 1305 4414 eadem
1321 4373 1367 4415 ra-

84 4459 122 4520 tio
135 4463 222 4544 viget
263 4463 352 4534 utris
366 4461 453 4524 anim
468 4479 532 4524 non
548 4461 718 4538 intueatur,
742 4468 819 4522 tnnc
835 4459 901 4522 rem
917 4461 961 4522 ita
982 4479 1017 4522 sc
1032 4460 1156 4539 habere,
1181 4479 1218 4524 ac
1233 4461 1260 4524 si
1276 4463 1368 4546 pupi·

86 4561 133 4643 lla,
146 4567 193 4630 rel
206 4570 307 4634 minor
321 4570 355 4632 iu
371 4575 560 4652 potestatem
576 4570 697 4647 tutoris,¹
711 4565 763 4630 vel
778 4569 930 4630 curatoris
947 4571 990 4631 uti
1006 4587 1108 4632 nurus
1124 4569 1276 4638 incideret
1291 4598 1367 4648 curn
1383 4571 1388 4578 ’
1431 4643 1434 4648 ,

883 4651 976 4716 Tou.
999 4651 1154 4715 Ill-35.
