3216 4988
96 431 145 484 ott
157 437 320 484 οιιιιιιιιιι
334 426 448 496 aanor,
464 437 511 482 ιιι·
527 433 609 482 atos
621 433 736 482 sosas
752 431 868 480 snm
880 431 1052 481 cartorum
1067 429 1317 479 ιιιισιιιιιιιιι.
1340 411 1404 478 247
1423 391 1425 396 ’
1460 460 1465 466 .

59 543 65 556 '
95 561 187 624 vitae
200 559 346 632 defensio
360 577 435 624 cum
452 553 682 639 moderamine,
705 559 741 622 tit
755 561 846 643 ajout
860 555 969 636 nostri,
986 555 1171 639 inculpatae
1187 554 1308 620 tutelae
1322 555 1405 619 alias

95 672 207 736 curari
222 691 290 736 non
301 671 486 760 possitpille
498 671 585 736 enim
600 671 634 734 in
649 671 702 734 bis
716 685 889 734 causarum
905 668 1067 752 adjunctis
1087 685 1154 732 uon
1168 667 1289 732 directo
1303 667 1407 730 horni-

94 799 176 846 nem
204 781 381 844 interlicere
395 779 480 842 velle
504 789 662 856 censetur,
689 779 747 842 sed
761 777 1016 860 tranquilitatem
1031 777 1204 860 publicam,
1229 786 1287 842 aut
1301 775 1406 858 priva·

93 898 167 952 tam
182 887 243 966 sui,
260 886 362 950 vitam
378 886 467 965 tueri,
490 903 562 950 can.
581 885 639 966 13,
651 897 688 948 et
702 886 751 950 14.
767 903 856 948 catis.
871 885 921 950 23.
938 896 1062 968 quaest
1078 887 1117 966 5.,
1140 905 1211 968 cap.
1229 886 1277 948 18.
1293 885 1334 948 de
1350 886 1406 948 bo

93 995 218 1076 micid,
245 994 404 1058 Clamant.
428 1003 483 1059 un.
500 993 569 1058 eod.
586 995 633 1058 tit
657 995 822 1076 Υ(ιιιιιιιιιο
839 1013 913 1056 vero
928 993 1105 1058 homicidia
1130 995 1242 1076 poenis
1266 995 1405 1076 publicis

92 1125 138 1169 ex
156 1103 411 1186 magistratuum
435 1104 595 1170 sententia
620 1113 815 1181 coercantur,
841 1103 924 1166 sacri
940 1121 1084 1166 canones
1110 1102 1307 1188 vigilantiae,
1333 1123 1407 1186 pru·

92 1217 293 1298 dentiacque
308 1215 500 1279 Antistitum
514 1215 720 1295 mandarunt,
749 1225 786 1277 ut
800 1215 860 1300 ipsi
876 1215 910 1276 in
926 1214 1108 1278 homicidas
1122 1233 1179 1297 pro
1193 1215 1336 1278 criminis
1352 1215 1406 1278 ad-

88 1323 219 1407 junctis
243 1322 411 1402 salutares,
436 1320 615 1404 etquidem
630 1339 747 1404 graves
772 1321 985 1403 poenitentias
1009 1319 1194 1398 iudicarent,
1219 1339 1289 1404 cap.
1316 1322 1345 1384 2.
1367 1321 1408 1384 de

90 1432 252 1498 homicid.
295 1433 495 1522 Generaliter
520 1442 685 1516 praeterea
711 1431 907 1512 indixerunt,
933 1443 969 1496 ιιι
984 1434 1018 1496 in
1036 1432 1134 1497 ,omni
1149 1431 1215 1496 fere
1240 1433 1407 1498 homicidii

92 1560 218 1627 genere
232 1541 474 1623 irregularitatis
489 1552 568 1604 nota
581 1542 643 1604 reis
658 1539 849 1604 homicidii'
840 1549 996 1602 inuratur.
1026 1540 1108 1609 Qua
1123 1537 1163 1601 de
1177 1557 1284 1622 poena
1297 1557 1410 1622 oppor-

92 1651 212 1714 tunius
226 1649 285 1712 orit
310 1651 372 1714 sub
386 1647 504 1725 finem
511 1648 710 1714 tractationis
726 1667 829 1734 agere,
856 1665 961 1746 quum
975 1647 1081 1712 fusius
1107 1647 1148 1712 de
1171 1647 1406 1731 irregularitate

92 1775 207 1820 sermo
220 1756 281 1819 erit
300 1739 530 1820 instituendus.
666 1821 676 1838 ‚

138 1863 242 1948 Apud
264 1865 433 1930 Romanos
448 1865 617 1952 aethnicos
640 1865 743 1931 olim
734 1885 768 1930 ιιι
785 1885 848 1931 usu
873 1879 965 1932 erant
980 1867 1048 1932 ludi
1064 1867 1254 1952 gladiatorii,
1282 1870 1350 1933 sive
1372 1871 1407 1934 in

94 1977 282 2057 Pancratio,
299 1976 387 2059 quod
398 1977 497 2041 fiebat
510 1995 608 2040 cursu
623 1977 730 2056 etiam,
747 1977 844 2057 disco,
861 1989 894 2042 et
905 1978 1000 2058 saltu,
1016 1979 1085 2042 sive
1100 1979 1133 2042 in
1145 1978 1304 2062 pugilatu,
1320 1979 1408 2062 quod

92 2085 201 2150 fiebat
217 2085 306 2164 telis,
323 2103 382 2149 seu
396 2085 602 2169 pugionibus,
626 2085 698 2148 sive
712 2085 747 2148 in
761 2085 998 2164 miluctationa,
1021 2103 1088 2168 quta
1102 2085 1224 2168 pugnis
1236 2085 1409 2154 contende·

94 2193 207 2271 batur,
222 2191 336 2273 agitati
351 2191 521 2273 inquibus
542 2209 583 2268 aa
598 2190 724 2260 actione
737 2191 875 2274 quidem
889 2192 971 2274 legis
985 2190 1128 2274 aqirillee
1150 2190 1330 2272 tenebatur,
1342 2193 1411 2274 qui-

94 2317 246 2382 cumque
259 2299 363 2374 alium
376 2298 555 2378 occidisset,
580 2300 676 2380 quasi
690 2317 772 2382 opus
786 2311 873 2369 esset
898 2319 965 2366 unc
986 2301 1155 2368 Βοιιιιιιιιιε
1175 2303 1330 2385 juventae
1350 2304 1412 2366 vir

93 2419 206 2474 tntem
220 2407 355 2492 privatis
381 2406 614 2500 certaminibus
638 2426 832 2489 assuescere,
853 2419 893 2474 ιιι
906 2409 1075 2478 alacrior
1066 2425 1101 2480 ιιι
1121 2411 1230 2480 hostes
1251 2411 1412 2492 evaderet,

92 2518 116 2582 l.
134 2517 168 2582 7.
186 2519 209 2586 i
224 2516 255 2580 d
270 2515 304 2581 ff.
320 2515 362 2583 ad
367 2517 440 2599 leg
456 2515 557 2599 aquil.
601 2515 722 2582 Verum
738 2519 849 2584 statim
863 2537 902 2585 ac
917 2516 1108 2602 hepatem-
1115 2531 1289 2590 ltttuermrt
1304 2523 1412 2587 Chris·

92 2625 182 2690 tiam
198 2621 372 2706 Principes,
388 2625 431 2690 ab
446 2643 508 2688 usu
523 2643 563 2688 ea
578 2611 752 2708 disciplina
765 2629 896 2718 recessit
910 2628 1056 2711 juvente
1054 2629 1277 2698 Constantino
1289 2631 1412 2716 Magno

92 2725 173 2792 iul
191 2746 246 2792 un.
266 2727 343 2808 cod
358 2727 399 2794 de
423 2729 656 2812 gladiatoribus
681 2712 812 2815 penitus
826 2735 995 2816 tollendis,
1012 2737 1164 2820 quicum
1188 2738 1302 2804 eodem
1324 2761 1412 2810 anno

95 2833 193 2903 edita
208 2837 258 2916 sit,
273 2857 339 2921 qao
364 2838 551 2906 absolutum
566 2838 628 2905 fuit
643 2841 828 2908 Nicaenum
843 2845 1037 2925 Concilium,
1059 2865 1125 2910 non
1141 2847 1300 2912 immerito
1316 2852 1412 2936 conji-

95 2947 201 3014 ciunt
211 2940 275 3011 viri
287 2947 431 3026 ertiditi,
428 2947 581 3012 suasione
593 2949 636 3014 N
628 2967 815 3016 rcaenornm
831 2953 1022 3018 antistitum
1035 2951 1240 3020 lucubratam
1254 2953 1364 3035 fuisse,
1379 2967 1411 3020 et

93 3044 353 3144 promulgatam.
396 3059 641 3126 Recentioribus
665 3033 805 3126 saeculis
828 3081 871 3128 ex
886 3061 1174 3148 Langobardonm
1192 3063 1313 3130 usibus
1333 3083 1411 3130 carm
1516 3037 1531 3058 ⁸
1606 3129 1607 3136 ,

93 3167 396 3244 ecclesiasticorum
422 3171 564 3244 uirorum
579 3190 722 3238 moerore
737 3176 966 3242 monomachia
988 3175 1086 3259 recipi
1100 3175 1174 3240 visa
1187 3189 1243 3258 est,
1263 3180 1360 3244 etiam
1376 3181 1411 3246 in

89 3278 242 3365 judiciis,
259 3299 325 3360 seu,
343 3281 388 3344 uti
404 3280 618 3364 appellabant,
645 3284 747 3349 mdis
761 3281 933 3366 publicia'
924 3305 958 3360 m
972 3285 1092 3369 quibus
1109 3297 1285 3356 accusator
1298 3289 1410 3354 adrer-

94 3405 159 3452 sus
174 3404 276 3464 reum,
301 3397 397 3453 testes
412 3388 570 3462 adversus
596 3399 702 3458 testea
707 3391 916 3473 decertarent,
943 3395 1039 3476 quasi
1053 3395 1109 3477 qui
1125 3397 1227 3462 victor
1251 3399 1411 3481 existeret,

95 3473 271 3560 meliorem
296 3496 413 3562 habere
427 3517 563 3563 causam
589 3499 837 3572 existimaretur.
881 3503 1080 3585 improbavit
1095 3504 1187 3570 illam
1213 3507 1409 3575 Nicolausl.

96 3609 137 3670 in
152 3621 228 3670 can.
244 3601 294 3668 22.
309 3623 398 3668 cans.
414 3607 445 3669 2.
460 3611 639 3689 quaesto,
665 3619 697 3672 at
712 3621 873 3692 posteum
888 3610 1036 3676 Concilio
1048 3627 1187 3676 ιιιιιιιιιιο
1207 3610 1411 3694 ιιιιιιίιιιι,ει

94 3711 280 3782 Pontifices
295 3712 434 3778 Maximi
448 3717 536 3798 apud
551 3717 758 3784 christianos
768 3719 934 3803 Principes
949 3737 1045 3802 saepe
1058 3737 1196 3786 nunmro
1214 3722 1410 3790 intercedere
1426 3733 1428 3738 '

96 3835 162 3904 tes,
179 3832 217 3885 ιιι
230 3821 355 3906 private
380 3823 443 3886 iste
457 3825 635 3909 certamina
649 3825 778 3908 penitus
793 3827 1003 3908 abolerentur,
1018 3845 1091 3909 cap.
1109 3827 1138 3904 1.
1153 3826 1194 3890 de
1210 3839 1409 3905 torneamen-

98 3935 154 4012 tis;
183 3949 246 3996 nec
261 3913 364 3996 deicit
378 3933 412 3996 in
434 3932 498 3996 bac
514 3944 603 4016 parte
627 3935 812 4002 sollicitudo
827 3935 1096 4006 Tridentinoaum
1116 3937 1315 4022 Antistitum,
1331 3955 1409 4019 quo-

96 4062 178 4107 rum
193 4041 379 4106 mnsdtutio
394 4045 563 4128 perspicua
577 4054 635 4124 est,
650 4044 684 4110 in
700 4064 770 4128 cap.
798 4045 846 4110 to.
862 4065 940 4108 sess.
954 4045 1006 4108 25.
1021 4045 1062 4110 de
1076 4045 1157 4124 aaa,
1174 4045 1228 4110 ubi
1244 4045 1326 4109 inter
1339 4064 1410 4110 cac·

97 4161 173 4213 tera
187 4147 396 4231 descernimr,
421 4169 484 4232 eos,
500 4153 557 4233 qui
573 4172 719 4236 pugnam
744 4154 969 4234 commiserint,
986 4164 1018 4218 ct
1031 4171 1095 4234 eos,
1118 4154 1175 4236 qui
1191 4155 1409 4237 pugnantium

96 4255 229 4322 Patrini
244 4269 411 4340 vocantur,
436 4261 939 4358 excommunicationispoenam
963 4263 1131 4343 incurrere,
1158 4273 1191 4326 et
1205 4262 1295 4326 volut
1309 4262 1409 4328 homi·
1456 4343 1457 4346 Ἴ

96 4370 195 4453 oldas
205 4369 303 4460 juxta
326 4389 434 4436 sacros
449 4391 592 4438 canones
617 4373 724 4457 puniri
739 4374 865 4453 debere,
885 4383 929 4454 et,
956 4373 1032 4440 siin
1046 4374 1117 4458 ipso
1136 4371 1287 4438 condicto
1300 4373 1410 4438 deces-

97 4479 212 4559 aerini,
228 4490 383 4566 perpetuo
407 4499 514 4546 carcre
528 4481 746 4548 ecclesiastica
772 4481 957 4566 sepulturola
975 4481 1075 4546 immo
1092 4491 1124 4544 et
1137 4499 1202 4561 eoa,
1226 4479 1283 4563 quii
1307 4481 1411 4544 cousi·
