3134 4984
617 459 843 510 neomenia.
1319 427 1380 494 ist

96 599 234 674 lanaque
259 585 413 672 sttll'ragia
438 581 626 650 idemtidem
651 585 843 645 invenerunt
867 573 1045 652 simoniaci,
1061 570 1169 636 utrix
1183 567 1382 654 sperandum

95 693 176 774 esset,
201 715 290 759 sacra
304 693 480 758 ministeria
506 691 605 774 gratis
629 689 757 770 suscipi,
783 696 841 748 aut
854 683 998 763 conferri,
1022 679 1298 764 quemadmodum
1322 676 1383 742 suit

94 809 228 890 superius
241 803 489 870 observandum.
533 803 641 884 Atque
656 801 717 863 hoo
732 815 829 861 sensit
846 799 878 860 in
904 815 976 860 can.
992 795 1043 858 at.
1059 812 1149 857 caus.
1166 793 1194 854 l.
1210 801 1335 874 quaest.
1351 789 1383 854 7.

92 921 248 984 simoniaci
264 919 416 982 dicuntur
430 916 532 979 veluti
543 915 659 1000 primi,
675 920 707 975 et
719 910 895 995 praecipui
908 907 1066 971 cemelici
1087 905 1128 968 ab
1143 901 1383 986 omnibusfide·
1400 997 1408 1016 1

93 1029 170 1092 titio
183 1028 368 1112 respuendi,
395 1033 426 1089 et
441 1024 553 1088 omnic
569 1022 713 1086 crimino
737 1019 782 1082 od
796 1018 1077 1102 comparationem
1096 1013 1296 1078 antonianae
1310 1011 1383 1074 hoc·

90 1137 171 1212 reso,
189 1138 286 1219 qrtasi
300 1155 361 1218 pro
377 1131 480 1196 nihilo
497 1130 663 1214 reputari,
677 1147 761 1210 quae
779 1127 874 1188 verba
890 1126 963 1188 lieet
978 1143 1042 1188 non
1058 1123 1205 1204 legantur
1221 1122 1303 1184 inter
1318 1138 1384 1202 rno-

91 1253 237 1302 nirmerita
265 1237 433 1304 Paschalis
461 1239 578 1320 Papae,
606 1236 660 1298 cui
687 1253 852 1318 perperam
870 1235 1071 1312 tribuuntur,
1101 1243 1210 1294 tainen
1231 1240 1386 1312 itsutpata

89 1341 210 1408 filerunt
236 1347 279 1408 ab
295 1345 483 1407 Innocentio
498 1345 556 1406 lli.
584 1345 616 1407 in
632 1364 702 1424 cap.
719 1344 769 1405 32.
786 1343 826 1405 de
842 1343 988 1406 simonia.
1032 1342 1135 1423 Igitur
1148 1342 1288 1423 prinlum
1308 1339 1385 1402 obti-

89 1463 146 1528 net,
164 1463 197 1514 ut
213 1453 440 1534 unusquisque
455 1462 601 1513 teneatur
617 1427 810 1513 simoniacos
826 1449 1024 1528 denuntiare,
1040 1461 1206 1531 extravag.
1222 1448 1253 1512 2.
1273 1449 1305 1510 in
1322 1447 1387 1510 fine
1439 1483 1442 1488 ·

89 1559 124 1621 de
138 1561 252 1624 sitnon.
270 1564 326 1624 int.
342 1581 458 1623 comm.
494 1561 619 1623 Deinde
635 1561 763 1636 obtinet,
783 1574 816 1622 tit
831 1561 927 1622 etiarn
945 1557 1090 1639 infames,
1108 1579 1171 1622 noti
1188 1573 1297 1622 tamen
1310 1559 1388 1636 ‚hae-

87 1670 173 1747 retiei,
201 1691 358 1758 acctrsare
374 1669 414 1732 de
437 1690 475 1732 co
490 1671 624 1754 crimine
650 1671 781 1752 possint,
809 1689 892 1732 servi
907 1671 1005 1732 etiarn
1031 1669 1188 1734 adversus
1209 1669 1387 1750 dominum,

88 1783 232 1845 monaehi
247 1783 407 1846 adversus
423 1783 592 1860 Abbatein,
615 1779 801 1862 parochiarii
818 1781 974 1844 adversus
990 1782 1182 1847 Parochiitn·
1193 1785 1262 1846 sine
1277 1784 1388 1846 discri-

86 1892 165 1956 mina
180 1893 406 1971 admittantur,
433 1912 492 1956 nec
508 1893 573 1954 alia
588 1904 741 1954 accusato
763 1891 913 1975 prodesse
930 1895 1029 1975 possit
1043 1871 1198 1976 exceptio,
1221 1897 1282 1958 nisi
1297 1893 1385 1977 qnod
1462 1955 1478 1976 ,

86 2019 249 2070 accusator
266 2007 378 2068 animo
403 2005 625 2068 calumniandi
642 2007 684 2068 ad
704 2005 864 2089 judicium
880 2008 1011 2086 reperit,
1039 2027 1108 2090 cap.
1124 2007 1153 2070 3.
1171 2011 1199 2072 7.
1226 2009 1276 2072 31.
1293 2010 1333 2071 de
1349 2011 1390 2074 si-

85 2113 196 2191 monia,
227 2114 330 2176 immo
345 2123 377 2173 et
392 2111 582 2173 admittatur
597 2114 754 2190 consciae,
779 2125 811 2173 et
826 2132 955 2176 consors
970 2115 1114 2177 criminis
1141 2115 1392 2182 ad‘denuntian·

85 2218 158 2284 dum
174 2222 341 2304 proposita
366 2239 423 2302 spe
438 2219 555 2282 veniae
578 2219 737 2299 facilioris,
763 2241 835 2282 ean.
851 2221 881 2283 2.
898 2221 970 2284 dist.
993 2223 1044 2284 79.
1060 2221 1146 2284 dicta
1168 2236 1334 2305 extravag.
1350 2224 1390 2303 2,

84 2339 279 2408 argumento
293 2345 366 2389 osn.
382 2327 432 2388 22.
449 2345 538 2388 caiis.
554 2327 582 2388 6.
599 2338 722 2408 quaest.
742 2331 768 2389 l.
786 2327 819 2388 in
835 2325 909 2389 fine.
954 2327 1224 2408 Praeterea-quod
1242 2330 1283 2394 dc
1298 2347 1393 2392 accu-

81 2439 240 2500 satoribus
258 2427 385 2513 dicitur,
413 2436 553 2517 idipsum
570 2447 726 2497 statutum
743 2435 790 2496 de.
799 2437 932 2524 testibus
948 2434 1016 2513 fuit,
1043 2437 1195 2500 entilibus
1210 2438 1307 2500 etiam
1323 2459 1390 2521 gra·

80 2545 167 2608 sirim
182 2547 365 2610 criminum
382 2545 442 2607 reis
458 2543 618 2622 admissis,
645 2544 706 2606 nisi
722 2544 761 2606 de
778 2544 944 2607 calumnia
959 2547 1099 2630 suspecti
1116 2547 1187 2625 sint,
1208 2566 1278 2629 cap.
1294 2547 1323 2610 3.
1340 2548 1392 2612 32.

79 2649 115 2713 de
131 2655 268 2732 simon,
294 2665 352 2716 ant
366 2652 428 2714 nisi
443 2650 598 2733 ejusdem,
626 2650 666 2712 de
681 2670 745 2732 quo
773 2651 994 2730 testificantur,
1020 2653 1164 2715 oriminis
1180 2654 1223 2715 rei
1239 2673 1309 2716 esse
1325 2673 1393 2735 pro-

79 2760 199 2841 bentur,
218 2781 295 2843 cap.
321 2761 370 2823 10.
387 2759 427 2820 de
443 2759 586 2822 testibus.
630 2759 768 2841 Insuper
782 2779 847 2822 non
872 2761 1050 2843 requiritur,
1077 2775 1113 2824 ut
1140 2764 1341 2844 probationes
1357 2763 1393 2826 li-

77 2871 196 2950 quidae
212 2870 360 2938 omnino,
377 2889 415 2931 ac
432 2868 622 2930 manifestae
638 2869 710 2947 sint,
737 2867 792 2930 sed
809 2869 975 2932 sufficiunt
989 2883 1076 2934 certa
1091 2873 1194 2954 signa,
1218 2893 1305 2954 quae
1318 2891 1392 2955 pru·

78 2977 323 3064 deritisjttdicis
349 2979 496 3040 animum
514 2995 642 3039 movere
667 2981 801 3059 possint,
828 2997 898 3060 cap.
914 2980 953 3057 6.,
970 2990 1001 3042 et
1017 2980 1064 3042 13.
1088 2979 1129 3041 de
1145 2979 1259 3042 simon.
1302 2980 1393 3048 Quo·
1447 2988 1448 2992 ’

77 3089 165 3152 triam
185 3107 271 3150 vero
291 3087 325 3152 in
340 3088 403 3149 hoc
416 3087 538 3170 jndicio
562 3085 651 3168 quod
678 3103 763 3148 mere
789 3085 1042 3152 ecclesiasticum
1068 3099 1125 3168 est,
1151 3099 1183 3151 et
1197 3087 1342 3167 civiliter,
1363 3097 1395 3150 et

75 3197 297 3261 criminaliter
312 3197 364 3280 agi
381 3205 493 3278 potest,
517 3195 654 3258 civiliter
668 3195 711 3258 ad
726 3195 904 3261 arcendum
932 3197 1161 3262 beneficiorum
1184 3199 1226 3261 ab
1241 3197 1395 3262 adminis-
1420 3224 1427 3234 ·

75 3309 227 3384 tratione,
244 3305 456 3368 criminaliter
473 3303 515 3366 ad
531 3305 747 3366 simoniacum
761 3311 781 3369 a
796 3306 960 3387 beneficio,
981 3319 1013 3371 ct
1027 3308 1139 3372 ordine
1154 3305 1394 3392 deponendum,

73 3411 271 3476 notandum
285 3388 342 3492 esi,
368 3411 457 3474 httnc
468 3412 549 3494 juris
577 3412 712 3494 rigorem
728 3414 845 3478 habere
871 3427 998 3481 tantuin
1017 3417 1134 3498 locum,
1161 3437 1236 3481 cum
1258 3417 1395 3480 civiliter

74 3520 197 3599 agitur3
217 3535 302 3580 nam
324 3517 354 3580 si
369 3518 578 3582 criminaliter
593 3521 636 3583 ad
660 3539 797 3602 posnam
811 3522 1021 3607 depositionis
1035 3537 1159 3609 agatur,
1182 3527 1225 3590 ob
1239 3528 1394 3611 majorem
1417 3569 1426 3586 .

72 3642 203 3705 poenae
220 3623 439 3705 seminatam,
456 3626 615 3691 ordinarie
630 3631 810 3694 servandae
824 3643 902 3697 sunt
912 3633 1109 3720 judiciorum
1124 3633 1263 3720 regulae,
1289 3653 1333 3700 ac·
1344 3653 1392 3700 so·

72 3729 280 3811 lemnitates,
297 3731 384 3795 dicto
397 3751 468 3818 cap.
485 3733 536 3799 32.
552 3735 593 3800 de
607 3737 755 3802 simonia.

779 3959 806 4002 Ο
