<?xml version="1.0" encoding="UTF-8"?>
<!DOCTYPE html PUBLIC "-//W3C//DTD XHTML 1.0 Transitional//EN"
    "http://www.w3.org/TR/xhtml1/DTD/xhtml1-transitional.dtd">
<html xmlns="http://www.w3.org/1999/xhtml" xml:lang="en" lang="en">
 <head>
  <title>
</title>
<meta http-equiv="Content-Type" content="text/html;charset=utf-8" />
  <meta name='ocr-system' content='tesseract 3.04.00' />
  <meta name='ocr-capabilities' content='ocr_page ocr_carea ocr_par ocr_line ocrx_word'/>
</head>
<body>
  <div class='ocr_page' id='page_1' title='image "./carolisebastian00beragoog_0430.png"; bbox 0 0 3120 4980; ppageno 0'>
   <div class='ocr_carea' id='block_1_1' title="bbox 197 445 1336 526">
    <p class='ocr_par' dir='ltr' id='par_1_1' title="bbox 197 445 1336 526">
     <span class='ocr_line' id='line_1_1' title="bbox 197 445 1336 526; baseline -0.001 -12"><span class='ocrx_word' id='word_1_1' title='bbox 197 467 244 514; x_wconf 80' lang='lat' dir='ltr'>ne</span> <span class='ocrx_word' id='word_1_2' title='bbox 259 465 503 526; x_wconf 76' lang='lat' dir='ltr'>conuentura,</span> <span class='ocrx_word' id='word_1_3' title='bbox 519 465 589 510; x_wconf 80' lang='lat' dir='ltr'>ver.</span> <span class='ocrx_word' id='word_1_4' title='bbox 607 462 786 525; x_wconf 73' lang='lat' dir='ltr'>resonos,</span> <span class='ocrx_word' id='word_1_5' title='bbox 802 463 872 510; x_wconf 77' lang='lat' dir='ltr'>ver.</span> <span class='ocrx_word' id='word_1_6' title='bbox 889 463 1042 510; x_wconf 76' lang='lat' dir='ltr'>rosera.</span> <span class='ocrx_word' id='word_1_7' title='bbox 1061 465 1165 511; x_wconf 78' lang='lat' dir='ltr'>asoa.</span> <span class='ocrx_word' id='word_1_8' title='bbox 1292 445 1336 515; x_wconf 69' lang='grc'>81</span> 
     </span>
    </p>
   </div>
   <div class='ocr_carea' id='block_1_2' title="bbox 57 586 1348 1984">
    <p class='ocr_par' dir='ltr' id='par_1_2' title="bbox 57 586 1348 1984">
     <span class='ocr_line' id='line_1_2' title="bbox 59 586 1334 670; baseline 0 -18"><span class='ocrx_word' id='word_1_9' title='bbox 59 587 156 654; x_wconf 83' lang='lat' dir='ltr'>lerum</span> <span class='ocrx_word' id='word_1_10' title='bbox 169 601 198 653; x_wconf 88' lang='lat' dir='ltr'>ct</span> <span class='ocrx_word' id='word_1_11' title='bbox 222 591 288 656; x_wconf 78' lang='lat' dir='ltr'>Leo</span> <span class='ocrx_word' id='word_1_12' title='bbox 303 591 368 670; x_wconf 84' lang='lat' dir='ltr'>lv,</span> <span class='ocrx_word' id='word_1_13' title='bbox 394 599 426 652; x_wconf 90' lang='lat' dir='ltr'>et</span> <span class='ocrx_word' id='word_1_14' title='bbox 441 586 595 654; x_wconf 85' lang='lat' dir='ltr'>Nicolaus</span> <span class='ocrx_word' id='word_1_15' title='bbox 619 587 645 651; x_wconf 93' lang='lat' dir='ltr'>I.</span> <span class='ocrx_word' id='word_1_16' title='bbox 661 587 916 670; x_wconf 77' lang='lat' dir='ltr'><strong>prudentissime,</strong></span> <span class='ocrx_word' id='word_1_17' title='bbox 943 597 1031 652; x_wconf 85' lang='lat' dir='ltr'>etex</span> <span class='ocrx_word' id='word_1_18' title='bbox 1054 589 1241 652; x_wconf 88' lang='lat' dir='ltr'>oeconomia</span> <span class='ocrx_word' id='word_1_19' title='bbox 1256 607 1334 668; x_wconf 83' lang='lat' dir='ltr'>qua·</span> 
     </span>
     <span class='ocr_line' id='line_1_3' title="bbox 59 691 1338 778; baseline 0.002 -22"><span class='ocrx_word' id='word_1_20' title='bbox 59 694 119 760; x_wconf 87' lang='lat' dir='ltr'>dam</span> <span class='ocrx_word' id='word_1_21' title='bbox 135 698 178 761; x_wconf 87' lang='lat' dir='ltr'>usi</span> <span class='ocrx_word' id='word_1_22' title='bbox 192 711 267 762; x_wconf 85' lang='lat' dir='ltr'>sunt</span> <span class='ocrx_word' id='word_1_23' title='bbox 282 697 469 760; x_wconf 85' lang='lat' dir='ltr'>Isidorianis</span> <span class='ocrx_word' id='word_1_24' title='bbox 484 694 858 778; x_wconf 81' lang='lat' dir='ltr'>hujusmodimercibus,</span> <span class='ocrx_word' id='word_1_25' title='bbox 875 713 939 756; x_wconf 92' lang='lat' dir='ltr'>non</span> <span class='ocrx_word' id='word_1_26' title='bbox 952 691 1048 775; x_wconf 88' lang='lat' dir='ltr'>quod,</span> <span class='ocrx_word' id='word_1_27' title='bbox 1065 707 1100 757; x_wconf 90' lang='lat' dir='ltr'>ut</span> <span class='ocrx_word' id='word_1_28' title='bbox 1115 695 1255 774; x_wconf 79' lang='lat' dir='ltr'>arbitror,</span> <span class='ocrx_word' id='word_1_29' title='bbox 1272 715 1338 758; x_wconf 87' lang='lat' dir='ltr'>cre·</span> 
     </span>
     <span class='ocr_line' id='line_1_4' title="bbox 59 801 1339 891; baseline -0.002 -23"><span class='ocrx_word' id='word_1_30' title='bbox 59 805 149 870; x_wconf 82' lang='lat' dir='ltr'>darent</span> <span class='ocrx_word' id='word_1_31' title='bbox 162 827 278 891; x_wconf 85' lang='lat' dir='ltr'>magno</span> <span class='ocrx_word' id='word_1_32' title='bbox 292 817 456 876; x_wconf 87' lang='lat' dir='ltr'>momento</span> <span class='ocrx_word' id='word_1_33' title='bbox 474 803 588 882; x_wconf 89' lang='lat' dir='ltr'>valere,</span> <span class='ocrx_word' id='word_1_34' title='bbox 605 802 666 865; x_wconf 90' lang='lat' dir='ltr'>sed</span> <span class='ocrx_word' id='word_1_35' title='bbox 676 801 762 885; x_wconf 85' lang='lat' dir='ltr'>qnod</span> <span class='ocrx_word' id='word_1_36' title='bbox 779 803 938 886; x_wconf 87' lang='lat' dir='ltr'>adjunctis</span> <span class='ocrx_word' id='word_1_37' title='bbox 960 803 1047 866; x_wconf 88' lang='lat' dir='ltr'>illins</span> <span class='ocrx_word' id='word_1_38' title='bbox 1063 803 1212 885; x_wconf 88' lang='lat' dir='ltr'>temporis</span> <span class='ocrx_word' id='word_1_39' title='bbox 1227 821 1339 886; x_wconf 86' lang='lat' dir='ltr'>oppor·</span> 
     </span>
     <span class='ocr_line' id='line_1_5' title="bbox 59 907 1340 996; baseline -0.003 -20"><span class='ocrx_word' id='word_1_40' title='bbox 59 929 245 996; x_wconf 89' lang='lat' dir='ltr'>tunaeerant,</span> <span class='ocrx_word' id='word_1_41' title='bbox 272 933 348 980; x_wconf 91' lang='lat' dir='ltr'>curn</span> <span class='ocrx_word' id='word_1_42' title='bbox 365 934 429 978; x_wconf 90' lang='lat' dir='ltr'>non</span> <span class='ocrx_word' id='word_1_43' title='bbox 454 914 587 976; x_wconf 90' lang='lat' dir='ltr'>omnino</span> <span class='ocrx_word' id='word_1_44' title='bbox 613 909 702 994; x_wconf 90' lang='lat' dir='ltr'>apud</span> <span class='ocrx_word' id='word_1_45' title='bbox 729 911 875 976; x_wconf 78' lang='lat' dir='ltr'>Blitones</span> <span class='ocrx_word' id='word_1_46' title='bbox 901 921 1190 972; x_wconf 88' lang='lat' dir='ltr'>contemnerentur.</span> <span class='ocrx_word' id='word_1_47' title='bbox 1234 907 1340 972; x_wconf 78' lang='lat' dir='ltr'>Erant</span> 
     </span>
     <span class='ocr_line' id='line_1_6' title="bbox 59 1021 1339 1111; baseline -0.002 -22"><span class='ocrx_word' id='word_1_48' title='bbox 59 1026 179 1091; x_wconf 87' lang='lat' dir='ltr'>Britones</span> <span class='ocrx_word' id='word_1_49' title='bbox 194 1028 390 1111; x_wconf 82' lang='lat' dir='ltr'>temporibus</span> <span class='ocrx_word' id='word_1_50' title='bbox 417 1025 524 1088; x_wconf 89' lang='lat' dir='ltr'>Caroli</span> <span class='ocrx_word' id='word_1_51' title='bbox 542 1023 654 1106; x_wconf 83' lang='lat' dir='ltr'>Magni</span> <span class='ocrx_word' id='word_1_52' title='bbox 670 1023 801 1086; x_wconf 87' lang='lat' dir='ltr'>obnoxii</span> <span class='ocrx_word' id='word_1_53' title='bbox 828 1023 974 1105; x_wconf 82' lang='lat' dir='ltr'>potestati</span> <span class='ocrx_word' id='word_1_54' title='bbox 988 1021 1133 1105; x_wconf 86' lang='lat' dir='ltr'>¹ejusdem</span> <span class='ocrx_word' id='word_1_55' title='bbox 1151 1021 1268 1101; x_wconf 87' lang='lat' dir='ltr'>Caroli,</span> <span class='ocrx_word' id='word_1_56' title='bbox 1292 1023 1339 1086; x_wconf 89' lang='lat' dir='ltr'>nti</span> 
     </span>
     <span class='ocr_line' id='line_1_7' title="bbox 58 1131 1340 1222; baseline -0.002 -26"><span class='ocrx_word' id='word_1_57' title='bbox 58 1137 195 1220; x_wconf 82' lang='lat' dir='ltr'>colligitur</span> <span class='ocrx_word' id='word_1_58' title='bbox 210 1159 252 1202; x_wconf 84' lang='lat' dir='ltr'>ex</span> <span class='ocrx_word' id='word_1_59' title='bbox 267 1157 339 1200; x_wconf 85' lang='lat' dir='ltr'>can.</span> <span class='ocrx_word' id='word_1_60' title='bbox 362 1137 413 1200; x_wconf 76' lang='lat'>37.</span> <span class='ocrx_word' id='word_1_61' title='bbox 429 1155 517 1222; x_wconf 89' lang='lat' dir='ltr'>cans.</span> <span class='ocrx_word' id='word_1_62' title='bbox 537 1137 584 1197; x_wconf 90' lang='lat'>11.</span> <span class='ocrx_word' id='word_1_63' title='bbox 600 1145 723 1216; x_wconf 88' lang='lat' dir='ltr'>quaest.</span> <span class='ocrx_word' id='word_1_64' title='bbox 742 1135 768 1196; x_wconf 86' lang='lat' dir='ltr'>l·.</span> <span class='ocrx_word' id='word_1_65' title='bbox 816 1132 979 1194; x_wconf 85' lang='lat' dir='ltr'>Petierunt</span> <span class='ocrx_word' id='word_1_66' title='bbox 995 1131 1091 1213; x_wconf 86' lang='lat' dir='ltr'>paulo</span> <span class='ocrx_word' id='word_1_67' title='bbox 1114 1141 1232 1214; x_wconf 90' lang='lat' dir='ltr'>postea,</span> <span class='ocrx_word' id='word_1_68' title='bbox 1251 1143 1285 1196; x_wconf 90' lang='lat' dir='ltr'>ut</span> <span class='ocrx_word' id='word_1_69' title='bbox 1301 1132 1340 1194; x_wconf 90' lang='lat' dir='ltr'>si·</span> 
     </span>
     <span class='ocr_line' id='line_1_8' title="bbox 58 1239 1341 1326; baseline -0.005 -20"><span class='ocrx_word' id='word_1_70' title='bbox 58 1243 82 1307; x_wconf 92' lang='lat' dir='ltr'>bi</span> <span class='ocrx_word' id='word_1_71' title='bbox 94 1247 155 1310; x_wconf 84' lang='lat' dir='ltr'>Rex</span> <span class='ocrx_word' id='word_1_72' title='bbox 168 1249 412 1312; x_wconf 81' lang='lat' dir='ltr'>constitueretur</span> <span class='ocrx_word' id='word_1_73' title='bbox 428 1244 614 1326; x_wconf 87' lang='lat' dir='ltr'>Imperatori</span> <span class='ocrx_word' id='word_1_74' title='bbox 630 1241 802 1324; x_wconf 86' lang='lat' dir='ltr'>subjectus,</span> <span class='ocrx_word' id='word_1_75' title='bbox 819 1240 905 1321; x_wconf 84' lang='lat' dir='ltr'>quoti</span> <span class='ocrx_word' id='word_1_76' title='bbox 922 1241 1130 1302; x_wconf 85' lang='lat' dir='ltr'>obtinuerunt</span> <span class='ocrx_word' id='word_1_77' title='bbox 1152 1239 1341 1300; x_wconf 84' lang='lat' dir='ltr'>necessitato</span> 
     </span>
     <span class='ocr_line' id='line_1_9' title="bbox 58 1347 1342 1442; baseline -0.008 -20"><span class='ocrx_word' id='word_1_78' title='bbox 58 1361 178 1438; x_wconf 87' lang='lat' dir='ltr'>quadam</span> <span class='ocrx_word' id='word_1_79' title='bbox 194 1361 353 1442; x_wconf 81' lang='lat' dir='ltr'>exigente,</span> <span class='ocrx_word' id='word_1_80' title='bbox 382 1357 428 1420; x_wconf 92' lang='lat' dir='ltr'>nti</span> <span class='ocrx_word' id='word_1_81' title='bbox 455 1354 616 1438; x_wconf 84' lang='lat' dir='ltr'>professus</span> <span class='ocrx_word' id='word_1_82' title='bbox 642 1367 690 1416; x_wconf 87' lang='lat' dir='ltr'>est</span> <span class='ocrx_word' id='word_1_83' title='bbox 706 1353 843 1418; x_wconf 80' lang='lat' dir='ltr'>Carolus</span> <span class='ocrx_word' id='word_1_84' title='bbox 869 1351 992 1415; x_wconf 86' lang='lat' dir='ltr'>Calvus</span> <span class='ocrx_word' id='word_1_85' title='bbox 1019 1351 1051 1412; x_wconf 91' lang='lat' dir='ltr'>iu</span> <span class='ocrx_word' id='word_1_86' title='bbox 1079 1349 1247 1432; x_wconf 84' lang='lat' dir='ltr'>capitulari</span> <span class='ocrx_word' id='word_1_87' title='bbox 1263 1347 1342 1412; x_wconf 89' lang='lat' dir='ltr'>anni</span> 
     </span>
     <span class='ocr_line' id='line_1_10' title="bbox 58 1461 1343 1554; baseline -0.005 -21"><span class='ocrx_word' id='word_1_88' title='bbox 58 1472 211 1554; x_wconf 65' lang='lat' dir='ltr'>strepui</span> <span class='ocrx_word' id='word_1_89' title='bbox 238 1471 441 1534; x_wconf 81' lang='lat' dir='ltr'>Curisiacum</span> <span class='ocrx_word' id='word_1_90' title='bbox 468 1487 535 1549; x_wconf 88' lang='lat' dir='ltr'>cap.</span> <span class='ocrx_word' id='word_1_91' title='bbox 553 1465 603 1528; x_wconf 81' lang='lat'>23.</span> <span class='ocrx_word' id='word_1_92' title='bbox 649 1466 720 1528; x_wconf 87' lang='lat' dir='ltr'>Hac</span> <span class='ocrx_word' id='word_1_93' title='bbox 747 1477 854 1527; x_wconf 87' lang='lat' dir='ltr'>tamon</span> <span class='ocrx_word' id='word_1_94' title='bbox 882 1463 1006 1547; x_wconf 88' lang='lat' dir='ltr'>adjecta</span> <span class='ocrx_word' id='word_1_95' title='bbox 1032 1461 1223 1540; x_wconf 87' lang='lat' dir='ltr'>conditione,</span> <span class='ocrx_word' id='word_1_96' title='bbox 1253 1475 1343 1527; x_wconf 82' lang='lat' dir='ltr'>ulex</span> 
     </span>
     <span class='ocr_line' id='line_1_11' title="bbox 58 1571 1344 1658; baseline -0.003 -18"><span class='ocrx_word' id='word_1_97' title='bbox 58 1592 126 1642; x_wconf 87' lang='lat' dir='ltr'>certa</span> <span class='ocrx_word' id='word_1_98' title='bbox 148 1593 276 1644; x_wconf 88' lang='lat' dir='ltr'>tantum</span> <span class='ocrx_word' id='word_1_99' title='bbox 302 1579 425 1642; x_wconf 83' lang='lat' dir='ltr'>familia</span> <span class='ocrx_word' id='word_1_100' title='bbox 450 1577 606 1658; x_wconf 84' lang='lat' dir='ltr'>progeniti</span> <span class='ocrx_word' id='word_1_101' title='bbox 633 1573 734 1655; x_wconf 86' lang='lat' dir='ltr'>Regio</span> <span class='ocrx_word' id='word_1_102' title='bbox 761 1575 899 1650; x_wconf 88' lang='lat' dir='ltr'>nominc,</span> <span class='ocrx_word' id='word_1_103' title='bbox 927 1593 964 1634; x_wconf 90' lang='lat' dir='ltr'>ac</span> <span class='ocrx_word' id='word_1_104' title='bbox 980 1571 1136 1654; x_wconf 88' lang='lat' dir='ltr'>dignitate</span> <span class='ocrx_word' id='word_1_105' title='bbox 1158 1575 1344 1653; x_wconf 84' lang='lat' dir='ltr'>potirentur.</span> 
     </span>
     <span class='ocr_line' id='line_1_12' title="bbox 58 1679 1344 1766; baseline -0.001 -21"><span class='ocrx_word' id='word_1_106' title='bbox 58 1683 163 1749; x_wconf 87' lang='lat' dir='ltr'>Primus</span> <span class='ocrx_word' id='word_1_107' title='bbox 180 1689 262 1750; x_wconf 88' lang='lat' dir='ltr'>inter</span> <span class='ocrx_word' id='word_1_108' title='bbox 277 1687 423 1748; x_wconf 79' lang='lat' dir='ltr'>Britones</span> <span class='ocrx_word' id='word_1_109' title='bbox 438 1685 589 1766; x_wconf 84' lang='lat' dir='ltr'>Regnum</span> <span class='ocrx_word' id='word_1_110' title='bbox 614 1684 673 1746; x_wconf 88' lang='lat' dir='ltr'>sibi</span> <span class='ocrx_word' id='word_1_111' title='bbox 690 1681 822 1744; x_wconf 88' lang='lat' dir='ltr'>concedi</span> <span class='ocrx_word' id='word_1_112' title='bbox 835 1683 965 1743; x_wconf 83' lang='lat' dir='ltr'>ornabat</span> <span class='ocrx_word' id='word_1_113' title='bbox 980 1679 1183 1764; x_wconf 84' lang='lat' dir='ltr'>Numenojns</span> <span class='ocrx_word' id='word_1_114' title='bbox 1199 1681 1344 1761; x_wconf 86' lang='lat' dir='ltr'>quidam,</span> 
     </span>
     <span class='ocr_line' id='line_1_13' title="bbox 57 1773 1346 1872; baseline -0.002 -20"><span class='ocrx_word' id='word_1_115' title='bbox 57 1794 107 1870; x_wconf 87' lang='lat' dir='ltr'>qui,</span> <span class='ocrx_word' id='word_1_116' title='bbox 123 1805 154 1855; x_wconf 89' lang='lat' dir='ltr'>ut</span> <span class='ocrx_word' id='word_1_117' title='bbox 169 1773 304 1856; x_wconf 64' lang='lat' dir='ltr'>sacilius&#39;</span> <span class='ocrx_word' id='word_1_118' title='bbox 316 1791 380 1852; x_wconf 92' lang='lat' dir='ltr'>voti</span> <span class='ocrx_word' id='word_1_119' title='bbox 396 1809 528 1872; x_wconf 89' lang='lat' dir='ltr'>compos</span> <span class='ocrx_word' id='word_1_120' title='bbox 543 1789 642 1867; x_wconf 88' lang='lat' dir='ltr'>lieret,</span> <span class='ocrx_word' id='word_1_121' title='bbox 670 1799 739 1871; x_wconf 89' lang='lat' dir='ltr'>post</span> <span class='ocrx_word' id='word_1_122' title='bbox 755 1799 930 1872; x_wconf 89' lang='lat' dir='ltr'>occupatas</span> <span class='ocrx_word' id='word_1_123' title='bbox 946 1807 1108 1850; x_wconf 87' lang='lat' dir='ltr'>annorum</span> <span class='ocrx_word' id='word_1_124' title='bbox 1125 1789 1156 1850; x_wconf 91' lang='lat' dir='ltr'>vi</span> <span class='ocrx_word' id='word_1_125' title='bbox 1172 1787 1280 1870; x_wconf 88' lang='lat' dir='ltr'>plures</span> <span class='ocrx_word' id='word_1_126' title='bbox 1297 1809 1346 1850; x_wconf 89' lang='lat' dir='ltr'>ur-</span> 
     </span>
     <span class='ocr_line' id='line_1_14' title="bbox 58 1889 1348 1984; baseline 0.002 -27"><span class='ocrx_word' id='word_1_127' title='bbox 58 1896 108 1976; x_wconf 88' lang='lat' dir='ltr'>bcs,</span> <span class='ocrx_word' id='word_1_128' title='bbox 122 1889 210 1984; x_wconf 83' lang='lat' dir='ltr'>ejecit</span> <span class='ocrx_word' id='word_1_129' title='bbox 224 1899 266 1960; x_wconf 85' lang='lat' dir='ltr'>ab</span> <span class='ocrx_word' id='word_1_130' title='bbox 281 1899 319 1960; x_wconf 89' lang='lat' dir='ltr'>iis</span> <span class='ocrx_word' id='word_1_131' title='bbox 335 1897 512 1978; x_wconf 80' lang='lat' dir='ltr'>Episcopos</span> <span class='ocrx_word' id='word_1_132' title='bbox 530 1899 705 1974; x_wconf 88' lang='lat' dir='ltr'>universos,</span> <span class='ocrx_word' id='word_1_133' title='bbox 733 1896 765 1957; x_wconf 91' lang='lat' dir='ltr'>in</span> <span class='ocrx_word' id='word_1_134' title='bbox 781 1914 919 1976; x_wconf 89' lang='lat' dir='ltr'>quorum</span> <span class='ocrx_word' id='word_1_135' title='bbox 936 1894 1042 1957; x_wconf 88' lang='lat' dir='ltr'>locrrrrr</span> <span class='ocrx_word' id='word_1_136' title='bbox 1066 1895 1198 1958; x_wconf 89' lang='lat' dir='ltr'>totidem</span> <span class='ocrx_word' id='word_1_137' title='bbox 1213 1895 1348 1960; x_wconf 81' lang='lat' dir='ltr'>Antisti-</span> 
     </span>
    </p>
   </div>
   <div class='ocr_carea' id='block_1_3' title="bbox 55 2005 1353 4612">
    <p class='ocr_par' dir='ltr' id='par_1_3' title="bbox 55 2005 1353 4612">
     <span class='ocr_line' id='line_1_15' title="bbox 58 2005 1347 2089; baseline 0.006 -23"><span class='ocrx_word' id='word_1_138' title='bbox 58 2015 93 2067; x_wconf 85' lang='lat' dir='ltr'>tes</span> <span class='ocrx_word' id='word_1_139' title='bbox 106 2009 151 2071; x_wconf 90' lang='lat' dir='ltr'>sui</span> <span class='ocrx_word' id='word_1_140' title='bbox 166 2007 319 2071; x_wconf 87' lang='lat' dir='ltr'>Ambitus</span> <span class='ocrx_word' id='word_1_141' title='bbox 335 2006 481 2068; x_wconf 89' lang='lat' dir='ltr'>conscios</span> <span class='ocrx_word' id='word_1_142' title='bbox 496 2006 692 2087; x_wconf 84' lang='lat' dir='ltr'>subrogavit.</span> <span class='ocrx_word' id='word_1_143' title='bbox 736 2005 775 2068; x_wconf 89' lang='lat' dir='ltr'>Id</span> <span class='ocrx_word' id='word_1_144' title='bbox 794 2017 828 2066; x_wconf 92' lang='lat' dir='ltr'>ut</span> <span class='ocrx_word' id='word_1_145' title='bbox 846 2005 975 2068; x_wconf 90' lang='lat' dir='ltr'>liberius</span> <span class='ocrx_word' id='word_1_146' title='bbox 993 2005 1165 2086; x_wconf 84' lang='lat' dir='ltr'>moliretur,</span> <span class='ocrx_word' id='word_1_147' title='bbox 1183 2009 1298 2089; x_wconf 83' lang='lat' dir='ltr'>sparsit</span> <span class='ocrx_word' id='word_1_148' title='bbox 1314 2008 1347 2074; x_wconf 87' lang='lat' dir='ltr'>iu</span> 
     </span>
     <span class='ocr_line' id='line_1_16' title="bbox 59 2111 1347 2200; baseline 0.005 -26"><span class='ocrx_word' id='word_1_149' title='bbox 59 2115 168 2198; x_wconf 78' lang='lat' dir='ltr'>miglis,</span> <span class='ocrx_word' id='word_1_150' title='bbox 186 2117 365 2200; x_wconf 83' lang='lat' dir='ltr'>Episcopus</span> <span class='ocrx_word' id='word_1_151' title='bbox 381 2116 455 2178; x_wconf 91' lang='lat' dir='ltr'>olim</span> <span class='ocrx_word' id='word_1_152' title='bbox 476 2119 665 2178; x_wconf 88' lang='lat' dir='ltr'>constitutos</span> <span class='ocrx_word' id='word_1_153' title='bbox 691 2115 844 2197; x_wconf 88' lang='lat' dir='ltr'>gravibus</span> <span class='ocrx_word' id='word_1_154' title='bbox 859 2113 1047 2179; x_wconf 87' lang='lat' dir='ltr'>crimrnrbus</span> <span class='ocrx_word' id='word_1_155' title='bbox 1066 2111 1136 2178; x_wconf 74' lang='lat' dir='ltr'>esse</span> <span class='ocrx_word' id='word_1_156' title='bbox 1153 2117 1347 2198; x_wconf 86' lang='lat' dir='ltr'>inquinatos,</span> 
     </span>
     <span class='ocr_line' id='line_1_17' title="bbox 57 2223 1348 2310; baseline 0.003 -26"><span class='ocrx_word' id='word_1_157' title='bbox 57 2241 178 2304; x_wconf 87' lang='lat' dir='ltr'>qnorum</span> <span class='ocrx_word' id='word_1_158' title='bbox 194 2245 304 2304; x_wconf 87' lang='lat' dir='ltr'>cansa,</span> <span class='ocrx_word' id='word_1_159' title='bbox 333 2235 366 2288; x_wconf 90' lang='lat' dir='ltr'>ut</span> <span class='ocrx_word' id='word_1_160' title='bbox 383 2237 621 2287; x_wconf 87' lang='lat' dir='ltr'>removerentur</span> <span class='ocrx_word' id='word_1_161' title='bbox 643 2223 835 2306; x_wconf 78' lang='lat' dir='ltr'>adigititate</span> <span class='ocrx_word' id='word_1_162' title='bbox 861 2243 929 2304; x_wconf 85' lang='lat' dir='ltr'>stra,</span> <span class='ocrx_word' id='word_1_163' title='bbox 958 2223 1085 2288; x_wconf 91' lang='lat' dir='ltr'>nullum</span> <span class='ocrx_word' id='word_1_164' title='bbox 1112 2245 1177 2290; x_wconf 91' lang='lat' dir='ltr'>non</span> <span class='ocrx_word' id='word_1_165' title='bbox 1208 2225 1348 2310; x_wconf 85' lang='lat' dir='ltr'>lapidem</span> 
     </span>
     <span class='ocr_line' id='line_1_18' title="bbox 56 2331 1348 2418; baseline 0.002 -23"><span class='ocrx_word' id='word_1_166' title='bbox 56 2337 199 2400; x_wconf 87' lang='lat' dir='ltr'>movebat.</span> <span class='ocrx_word' id='word_1_167' title='bbox 234 2337 342 2418; x_wconf 83' lang='lat' dir='ltr'>Atque</span> <span class='ocrx_word' id='word_1_168' title='bbox 358 2347 393 2398; x_wconf 91' lang='lat' dir='ltr'>ut</span> <span class='ocrx_word' id='word_1_169' title='bbox 409 2335 465 2397; x_wconf 87' lang='lat' dir='ltr'>rite</span> <span class='ocrx_word' id='word_1_170' title='bbox 481 2331 556 2396; x_wconf 89' lang='lat' dir='ltr'>nov&#39;l</span> <span class='ocrx_word' id='word_1_171' title='bbox 572 2333 725 2416; x_wconf 86' lang='lat' dir='ltr'>Episcopi</span> <span class='ocrx_word' id='word_1_172' title='bbox 741 2339 760 2397; x_wconf 69' lang='lat' dir='ltr'>a</span> <span class='ocrx_word' id='word_1_173' title='bbox 776 2333 914 2395; x_wconf 83' lang='lat' dir='ltr'>scelecti</span> <span class='ocrx_word' id='word_1_174' title='bbox 930 2349 1200 2414; x_wconf 84' lang='lat' dir='ltr'>consecrarentur,</span> <span class='ocrx_word' id='word_1_175' title='bbox 1221 2349 1348 2416; x_wconf 88' lang='lat' dir='ltr'>vcrrtus,</span> 
     </span>
     <span class='ocr_line' id='line_1_19' title="bbox 58 2441 1350 2530; baseline 0.003 -26"><span class='ocrx_word' id='word_1_176' title='bbox 58 2461 89 2506; x_wconf 88' lang='lat' dir='ltr'>ne</span> <span class='ocrx_word' id='word_1_177' title='bbox 102 2447 347 2529; x_wconf 79' lang='lat' dir='ltr'>Archicpiscopi,</span> <span class='ocrx_word' id='word_1_178' title='bbox 364 2465 421 2508; x_wconf 87' lang='lat' dir='ltr'>scu</span> <span class='ocrx_word' id='word_1_179' title='bbox 437 2443 682 2526; x_wconf 79' lang='lat' dir='ltr'>Metropolitum,</span> <span class='ocrx_word' id='word_1_180' title='bbox 700 2441 805 2525; x_wconf 88' lang='lat' dir='ltr'>qualis</span> <span class='ocrx_word' id='word_1_181' title='bbox 821 2455 885 2504; x_wconf 85' lang='lat' dir='ltr'>erat</span> <span class='ocrx_word' id='word_1_182' title='bbox 903 2441 1117 2522; x_wconf 67' lang='lat' dir='ltr'>Turonensis</span> <span class='ocrx_word' id='word_1_183' title='bbox 1134 2447 1264 2526; x_wconf 85' lang='lat' dir='ltr'>querela</span> <span class='ocrx_word' id='word_1_184' title='bbox 1280 2467 1350 2530; x_wconf 89' lang='lat' dir='ltr'>gra-</span> 
     </span>
     <span class='ocr_line' id='line_1_20' title="bbox 57 2551 1350 2640; baseline 0.001 -27"><span class='ocrx_word' id='word_1_185' title='bbox 57 2554 175 2622; x_wconf 89' lang='lat' dir='ltr'>vissima</span> <span class='ocrx_word' id='word_1_186' title='bbox 201 2551 297 2634; x_wconf 88' lang='lat' dir='ltr'>fieret,</span> <span class='ocrx_word' id='word_1_187' title='bbox 315 2557 382 2640; x_wconf 90' lang='lat' dir='ltr'>ipse</span> <span class='ocrx_word' id='word_1_188' title='bbox 409 2554 692 2637; x_wconf 88' lang='lat' dir='ltr'>Metropolitanum</span> <span class='ocrx_word' id='word_1_189' title='bbox 721 2554 753 2616; x_wconf 90' lang='lat' dir='ltr'>in</span> <span class='ocrx_word' id='word_1_190' title='bbox 770 2573 830 2614; x_wconf 88' lang='lat' dir='ltr'>sna</span> <span class='ocrx_word' id='word_1_191' title='bbox 856 2551 976 2614; x_wconf 87' lang='lat' dir='ltr'>ditione</span> <span class='ocrx_word' id='word_1_192' title='bbox 1004 2554 1178 2632; x_wconf 88' lang='lat' dir='ltr'>constituit,</span> <span class='ocrx_word' id='word_1_193' title='bbox 1194 2553 1350 2634; x_wconf 85' lang='lat' dir='ltr'>allegans,</span> 
     </span>
     <span class='ocr_line' id='line_1_21' title="bbox 58 2658 1350 2744; baseline -0.001 -22"><span class='ocrx_word' id='word_1_194' title='bbox 58 2659 229 2726; x_wconf 83' lang='lat' dir='ltr'>Turonensi</span> <span class='ocrx_word' id='word_1_195' title='bbox 246 2661 495 2744; x_wconf 83' lang='lat' dir='ltr'>Archicpiscopo</span> <span class='ocrx_word' id='word_1_196' title='bbox 512 2661 656 2724; x_wconf 89' lang='lat' dir='ltr'>Britones</span> <span class='ocrx_word' id='word_1_197' title='bbox 673 2661 854 2740; x_wconf 88' lang='lat' dir='ltr'>nurrrquam</span> <span class='ocrx_word' id='word_1_198' title='bbox 870 2658 969 2722; x_wconf 88' lang='lat' dir='ltr'>suissc</span> <span class='ocrx_word' id='word_1_199' title='bbox 981 2659 1052 2740; x_wconf 87' lang='lat' dir='ltr'>jure</span> <span class='ocrx_word' id='word_1_200' title='bbox 1067 2659 1235 2742; x_wconf 86' lang='lat' dir='ltr'>subjectos.</span> <span class='ocrx_word' id='word_1_201' title='bbox 1260 2659 1350 2743; x_wconf 81' lang='lat' dir='ltr'>Ejec·</span> 
     </span>
     <span class='ocr_line' id='line_1_22' title="bbox 58 2771 1351 2858; baseline 0.003 -27"><span class='ocrx_word' id='word_1_202' title='bbox 58 2771 75 2833; x_wconf 91' lang='lat' dir='ltr'>ti</span> <span class='ocrx_word' id='word_1_203' title='bbox 89 2773 236 2858; x_wconf 84' lang='lat' dir='ltr'>Episcopi</span> <span class='ocrx_word' id='word_1_204' title='bbox 262 2773 431 2856; x_wconf 88' lang='lat' dir='ltr'>quaapud</span> <span class='ocrx_word' id='word_1_205' title='bbox 457 2774 580 2856; x_wconf 85' lang='lat' dir='ltr'>Regem</span> <span class='ocrx_word' id='word_1_206' title='bbox 595 2775 805 2852; x_wconf 80' lang='lat' dir='ltr'>Francorum,</span> <span class='ocrx_word' id='word_1_207' title='bbox 833 2792 899 2853; x_wconf 90' lang='lat' dir='ltr'>qna</span> <span class='ocrx_word' id='word_1_208' title='bbox 915 2771 1000 2854; x_wconf 87' lang='lat' dir='ltr'>apud</span> <span class='ocrx_word' id='word_1_209' title='bbox 1029 2771 1219 2834; x_wconf 85' lang='lat' dir='ltr'>Pontificem</span> <span class='ocrx_word' id='word_1_210' title='bbox 1247 2771 1351 2835; x_wconf 85' lang='lat' dir='ltr'>Maxi-</span> 
     </span>
     <span class='ocr_line' id='line_1_23' title="bbox 55 2881 1353 2965; baseline 0.001 -21"><span class='ocrx_word' id='word_1_211' title='bbox 55 2899 136 2946; x_wconf 87' lang='lat' dir='ltr'>rnunr</span> <span class='ocrx_word' id='word_1_212' title='bbox 152 2884 316 2965; x_wconf 83' lang='lat' dir='ltr'>conquesti</span> <span class='ocrx_word' id='word_1_213' title='bbox 333 2893 418 2962; x_wconf 67' lang='lat' dir='ltr'>sunu</span> <span class='ocrx_word' id='word_1_214' title='bbox 446 2902 506 2944; x_wconf 92' lang='lat' dir='ltr'>nec</span> <span class='ocrx_word' id='word_1_215' title='bbox 522 2882 668 2963; x_wconf 89' lang='lat' dir='ltr'>querelas</span> <span class='ocrx_word' id='word_1_216' title='bbox 685 2881 798 2944; x_wconf 80' lang='lat' dir='ltr'>inferre</span> <span class='ocrx_word' id='word_1_217' title='bbox 821 2881 941 2944; x_wconf 90' lang='lat' dir='ltr'>similes</span> <span class='ocrx_word' id='word_1_218' title='bbox 958 2883 997 2944; x_wconf 91' lang='lat' dir='ltr'>de</span> <span class='ocrx_word' id='word_1_219' title='bbox 1021 2883 1146 2944; x_wconf 85' lang='lat' dir='ltr'>turbata</span> <span class='ocrx_word' id='word_1_220' title='bbox 1157 2883 1353 2965; x_wconf 86' lang='lat' dir='ltr'>jurisdictio·</span> 
     </span>
     <span class='ocr_line' id='line_1_24' title="bbox 57 2989 1350 3074; baseline 0.009 -28"><span class='ocrx_word' id='word_1_221' title='bbox 57 3003 91 3046; x_wconf 89' lang='lat' dir='ltr'>nc</span> <span class='ocrx_word' id='word_1_222' title='bbox 105 3008 161 3050; x_wconf 89' lang='lat' dir='ltr'>sua</span> <span class='ocrx_word' id='word_1_223' title='bbox 176 2990 283 3052; x_wconf 89' lang='lat' dir='ltr'>omisit</span> <span class='ocrx_word' id='word_1_224' title='bbox 298 2989 569 3071; x_wconf 85' lang='lat' dir='ltr'>Arclriepisoopus</span> <span class='ocrx_word' id='word_1_225' title='bbox 583 2989 795 3052; x_wconf 85' lang='lat' dir='ltr'>Turonensis.</span> <span class='ocrx_word' id='word_1_226' title='bbox 829 2989 1010 3072; x_wconf 85' lang='lat' dir='ltr'>Nomenojo</span> <span class='ocrx_word' id='word_1_227' title='bbox 1026 2993 1178 3074; x_wconf 75' lang='lat' dir='ltr'>successit</span> <span class='ocrx_word' id='word_1_228' title='bbox 1195 2991 1350 3057; x_wconf 87' lang='lat' dir='ltr'>Salomon</span> 
     </span>
     <span class='ocr_line' id='line_1_25' title="bbox 55 3093 1352 3180; baseline 0.008 -25"><span class='ocrx_word' id='word_1_229' title='bbox 55 3093 84 3156; x_wconf 90' lang='lat' dir='ltr'>iu</span> <span class='ocrx_word' id='word_1_230' title='bbox 98 3097 216 3179; x_wconf 86' lang='lat' dir='ltr'>Regno,</span> <span class='ocrx_word' id='word_1_231' title='bbox 243 3099 297 3180; x_wconf 91' lang='lat' dir='ltr'>qul</span> <span class='ocrx_word' id='word_1_232' title='bbox 313 3097 566 3180; x_wconf 85' lang='lat' dir='ltr'>praedecessoris</span> <span class='ocrx_word' id='word_1_233' title='bbox 593 3100 643 3161; x_wconf 89' lang='lat' dir='ltr'>sui</span> <span class='ocrx_word' id='word_1_234' title='bbox 660 3111 750 3180; x_wconf 87' lang='lat' dir='ltr'>gesta</span> <span class='ocrx_word' id='word_1_235' title='bbox 767 3100 846 3161; x_wconf 87' lang='lat' dir='ltr'>tueri</span> <span class='ocrx_word' id='word_1_236' title='bbox 864 3099 1025 3180; x_wconf 87' lang='lat' dir='ltr'>pergebat.</span> <span class='ocrx_word' id='word_1_237' title='bbox 1069 3101 1159 3163; x_wconf 83' lang='lat' dir='ltr'>Haec</span> <span class='ocrx_word' id='word_1_238' title='bbox 1177 3099 1235 3163; x_wconf 85' lang='lat' dir='ltr'>suit</span> <span class='ocrx_word' id='word_1_239' title='bbox 1251 3101 1352 3165; x_wconf 89' lang='lat' dir='ltr'>Brrlo·</span> 
     </span>
     <span class='ocr_line' id='line_1_26' title="bbox 56 3205 1351 3292; baseline 0.009 -30"><span class='ocrx_word' id='word_1_240' title='bbox 56 3220 129 3266; x_wconf 89' lang='lat' dir='ltr'>rrum</span> <span class='ocrx_word' id='word_1_241' title='bbox 144 3207 290 3283; x_wconf 74' lang='lat' dir='ltr'>condida,</span> <span class='ocrx_word' id='word_1_242' title='bbox 318 3219 348 3268; x_wconf 90' lang='lat' dir='ltr'>et</span> <span class='ocrx_word' id='word_1_243' title='bbox 364 3205 584 3269; x_wconf 85' lang='lat' dir='ltr'>Ecclesiarurn</span> <span class='ocrx_word' id='word_1_244' title='bbox 612 3219 715 3269; x_wconf 86' lang='lat' dir='ltr'>status</span> <span class='ocrx_word' id='word_1_245' title='bbox 733 3207 928 3289; x_wconf 87' lang='lat' dir='ltr'>temporibus</span> <span class='ocrx_word' id='word_1_246' title='bbox 955 3207 1074 3270; x_wconf 78' lang='lat' dir='ltr'>Leonis</span> <span class='ocrx_word' id='word_1_247' title='bbox 1089 3209 1155 3288; x_wconf 81' lang='lat' dir='ltr'>lv,</span> <span class='ocrx_word' id='word_1_248' title='bbox 1174 3210 1299 3274; x_wconf 86' lang='lat' dir='ltr'>Nicolal</span> <span class='ocrx_word' id='word_1_249' title='bbox 1317 3211 1351 3292; x_wconf 90' lang='lat' dir='ltr'>l.,</span> 
     </span>
     <span class='ocr_line' id='line_1_27' title="bbox 57 3313 1352 3400; baseline 0.005 -24"><span class='ocrx_word' id='word_1_250' title='bbox 57 3325 83 3372; x_wconf 87' lang='lat' dir='ltr'>et</span> <span class='ocrx_word' id='word_1_251' title='bbox 96 3313 226 3378; x_wconf 85' lang='lat' dir='ltr'>Joarrnis</span> <span class='ocrx_word' id='word_1_252' title='bbox 243 3315 339 3395; x_wconf 83' lang='lat' dir='ltr'>vm,</span> <span class='ocrx_word' id='word_1_253' title='bbox 367 3329 463 3398; x_wconf 85' lang='lat' dir='ltr'>atquo</span> <span class='ocrx_word' id='word_1_254' title='bbox 473 3316 569 3398; x_wconf 86' lang='lat' dir='ltr'>juxta</span> <span class='ocrx_word' id='word_1_255' title='bbox 584 3316 665 3377; x_wconf 88' lang='lat' dir='ltr'>lraec</span> <span class='ocrx_word' id='word_1_256' title='bbox 681 3315 834 3400; x_wconf 85' lang='lat' dir='ltr'>adjuncta</span> <span class='ocrx_word' id='word_1_257' title='bbox 850 3313 1035 3398; x_wconf 86' lang='lat' dir='ltr'>explicandi</span> <span class='ocrx_word' id='word_1_258' title='bbox 1061 3330 1137 3380; x_wconf 86' lang='lat' dir='ltr'>sunt</span> <span class='ocrx_word' id='word_1_259' title='bbox 1154 3329 1222 3382; x_wconf 86' lang='lat' dir='ltr'>tom</span> <span class='ocrx_word' id='word_1_260' title='bbox 1240 3319 1352 3382; x_wconf 86' lang='lat' dir='ltr'>landa·</span> 
     </span>
     <span class='ocr_line' id='line_1_28' title="bbox 58 3421 1352 3504; baseline 0.011 -27"><span class='ocrx_word' id='word_1_261' title='bbox 58 3427 104 3480; x_wconf 89' lang='lat' dir='ltr'>tus</span> <span class='ocrx_word' id='word_1_262' title='bbox 120 3441 218 3485; x_wconf 90' lang='lat' dir='ltr'>canon</span> <span class='ocrx_word' id='word_1_263' title='bbox 234 3423 263 3486; x_wconf 88' lang='lat'>3.</span> <span class='ocrx_word' id='word_1_264' title='bbox 280 3441 368 3484; x_wconf 76' lang='lat' dir='ltr'>caus,</span> <span class='ocrx_word' id='word_1_265' title='bbox 384 3423 413 3484; x_wconf 82' lang='lat'>2.</span> <span class='ocrx_word' id='word_1_266' title='bbox 430 3434 553 3503; x_wconf 88' lang='lat' dir='ltr'>quaest.</span> <span class='ocrx_word' id='word_1_267' title='bbox 570 3421 609 3501; x_wconf 80' lang='lat'>4,</span> <span class='ocrx_word' id='word_1_268' title='bbox 626 3423 681 3504; x_wconf 92' lang='lat' dir='ltr'>qui</span> <span class='ocrx_word' id='word_1_269' title='bbox 698 3434 745 3484; x_wconf 85' lang='lat' dir='ltr'>est</span> <span class='ocrx_word' id='word_1_270' title='bbox 761 3423 880 3486; x_wconf 86' lang='lat' dir='ltr'>Leonis</span> <span class='ocrx_word' id='word_1_271' title='bbox 896 3423 959 3500; x_wconf 84' lang='lat' dir='ltr'>lv,</span> <span class='ocrx_word' id='word_1_272' title='bbox 977 3435 1046 3487; x_wconf 91' lang='lat' dir='ltr'>tum</span> <span class='ocrx_word' id='word_1_273' title='bbox 1061 3445 1134 3488; x_wconf 85' lang='lat' dir='ltr'>can.</span> <span class='ocrx_word' id='word_1_274' title='bbox 1153 3427 1199 3488; x_wconf 89' lang='lat'>10.</span> <span class='ocrx_word' id='word_1_275' title='bbox 1216 3421 1303 3492; x_wconf 81' lang='lat' dir='ltr'>cans</span> <span class='ocrx_word' id='word_1_276' title='bbox 1320 3427 1352 3491; x_wconf 75' lang='grc'>3.</span> 
     </span>
     <span class='ocr_line' id='line_1_29' title="bbox 57 3533 1353 3616; baseline 0.012 -26"><span class='ocrx_word' id='word_1_277' title='bbox 57 3546 170 3610; x_wconf 87' lang='lat' dir='ltr'>qrraest.</span> <span class='ocrx_word' id='word_1_278' title='bbox 186 3536 223 3613; x_wconf 82' lang='lat'>6,</span> <span class='ocrx_word' id='word_1_279' title='bbox 241 3533 296 3616; x_wconf 89' lang='lat' dir='ltr'>qni</span> <span class='ocrx_word' id='word_1_280' title='bbox 324 3533 545 3596; x_wconf 84' lang='lat' dir='ltr'>verosimiliter</span> <span class='ocrx_word' id='word_1_281' title='bbox 561 3535 657 3597; x_wconf 91' lang='lat' dir='ltr'>tribui</span> <span class='ocrx_word' id='word_1_282' title='bbox 673 3547 778 3616; x_wconf 85' lang='lat' dir='ltr'>posset</span> <span class='ocrx_word' id='word_1_283' title='bbox 794 3535 912 3599; x_wconf 88' lang='lat' dir='ltr'>Joanni</span> <span class='ocrx_word' id='word_1_284' title='bbox 929 3537 1026 3616; x_wconf 84' lang='lat' dir='ltr'>v111,</span> <span class='ocrx_word' id='word_1_285' title='bbox 1052 3540 1157 3600; x_wconf 84' lang='lat' dir='ltr'>verius</span> <span class='ocrx_word' id='word_1_286' title='bbox 1173 3549 1281 3603; x_wconf 89' lang='lat' dir='ltr'>autom</span> <span class='ocrx_word' id='word_1_287' title='bbox 1297 3541 1353 3605; x_wconf 90' lang='lat' dir='ltr'>Ni·</span> 
     </span>
     <span class='ocr_line' id='line_1_30' title="bbox 58 3641 1352 3728; baseline 0.015 -28"><span class='ocrx_word' id='word_1_288' title='bbox 58 3641 142 3704; x_wconf 90' lang='lat' dir='ltr'>colao</span> <span class='ocrx_word' id='word_1_289' title='bbox 156 3643 189 3724; x_wconf 85' lang='lat'>1,</span> <span class='ocrx_word' id='word_1_290' title='bbox 205 3643 482 3728; x_wconf 87' lang='lat' dir='ltr'>quemadmodum</span> <span class='ocrx_word' id='word_1_291' title='bbox 509 3665 569 3728; x_wconf 87' lang='lat' dir='ltr'>ego</span> <span class='ocrx_word' id='word_1_292' title='bbox 584 3647 707 3710; x_wconf 89' lang='lat' dir='ltr'>ostendi</span> <span class='ocrx_word' id='word_1_293' title='bbox 725 3649 756 3710; x_wconf 88' lang='lat' dir='ltr'>in</span> <span class='ocrx_word' id='word_1_294' title='bbox 774 3647 853 3709; x_wconf 88' lang='lat' dir='ltr'>meis</span> <span class='ocrx_word' id='word_1_295' title='bbox 875 3647 1210 3714; x_wconf 84' lang='lat' dir='ltr'>animadversionilms</span> <span class='ocrx_word' id='word_1_296' title='bbox 1227 3655 1258 3717; x_wconf 90' lang='lat' dir='ltr'>in</span> <span class='ocrx_word' id='word_1_297' title='bbox 1275 3657 1352 3719; x_wconf 87' lang='lat' dir='ltr'>Gra-</span> 
     </span>
     <span class='ocr_line' id='line_1_31' title="bbox 59 3752 1352 3851; baseline 0.014 -39"><span class='ocrx_word' id='word_1_298' title='bbox 59 3752 183 3820; x_wconf 88' lang='lat' dir='ltr'>tianum.</span> <span class='ocrx_word' id='word_1_299' title='bbox 228 3755 324 3820; x_wconf 91' lang='lat' dir='ltr'>Porro</span> <span class='ocrx_word' id='word_1_300' title='bbox 340 3757 463 3820; x_wconf 85' lang='lat' dir='ltr'>laudati</span> <span class='ocrx_word' id='word_1_301' title='bbox 492 3757 663 3823; x_wconf 87' lang='lat' dir='ltr'>Pontifices</span> <span class='ocrx_word' id='word_1_302' title='bbox 680 3759 712 3822; x_wconf 93' lang='lat' dir='ltr'>in</span> <span class='ocrx_word' id='word_1_303' title='bbox 739 3759 790 3822; x_wconf 90' lang='lat' dir='ltr'>iris</span> <span class='ocrx_word' id='word_1_304' title='bbox 816 3758 974 3824; x_wconf 81' lang='lat' dir='ltr'>factorum</span> <span class='ocrx_word' id='word_1_305' title='bbox 989 3757 1159 3844; x_wconf 65' lang='lat' dir='ltr'>adjunctis</span> <span class='ocrx_word' id='word_1_306' title='bbox 1188 3778 1222 3828; x_wconf 90' lang='lat' dir='ltr'>ut</span> <span class='ocrx_word' id='word_1_307' title='bbox 1242 3769 1352 3851; x_wconf 86' lang='lat' dir='ltr'>ejecto·</span> 
     </span>
     <span class='ocr_line' id='line_1_32' title="bbox 59 3867 1352 3952; baseline 0.009 -29"><span class='ocrx_word' id='word_1_308' title='bbox 59 3880 126 3924; x_wconf 89' lang='lat' dir='ltr'>rum</span> <span class='ocrx_word' id='word_1_309' title='bbox 143 3867 327 3930; x_wconf 81' lang='lat' dir='ltr'>Antistitrrm</span> <span class='ocrx_word' id='word_1_310' title='bbox 342 3885 468 3943; x_wconf 83' lang='lat' dir='ltr'>causae,</span> <span class='ocrx_word' id='word_1_311' title='bbox 495 3879 526 3930; x_wconf 89' lang='lat' dir='ltr'>et</span> <span class='ocrx_word' id='word_1_312' title='bbox 541 3867 742 3931; x_wconf 83' lang='lat' dir='ltr'>Turonensis</span> <span class='ocrx_word' id='word_1_313' title='bbox 757 3867 996 3950; x_wconf 84' lang='lat' dir='ltr'>Arclriepiscopi</span> <span class='ocrx_word' id='word_1_314' title='bbox 1007 3871 1080 3952; x_wconf 91' lang='lat' dir='ltr'>jura</span> <span class='ocrx_word' id='word_1_315' title='bbox 1104 3881 1275 3952; x_wconf 87' lang='lat' dir='ltr'>tuerentur,</span> <span class='ocrx_word' id='word_1_316' title='bbox 1286 3874 1352 3936; x_wconf 86' lang='lat' dir='ltr'>rati</span> 
     </span>
     <span class='ocr_line' id='line_1_33' title="bbox 60 3979 1352 4066; baseline 0.009 -30"><span class='ocrx_word' id='word_1_317' title='bbox 60 3989 131 4039; x_wconf 80' lang='lat' dir='ltr'>nunt</span> <span class='ocrx_word' id='word_1_318' title='bbox 143 3994 363 4064; x_wconf 88' lang='lat' dir='ltr'>opportunum,</span> <span class='ocrx_word' id='word_1_319' title='bbox 390 3992 426 4044; x_wconf 92' lang='lat' dir='ltr'>ut</span> <span class='ocrx_word' id='word_1_320' title='bbox 440 3985 461 4046; x_wconf 78' lang='lat' dir='ltr'>a</span> <span class='ocrx_word' id='word_1_321' title='bbox 476 3979 663 4044; x_wconf 88' lang='lat' dir='ltr'>dirimendis</span> <span class='ocrx_word' id='word_1_322' title='bbox 679 3979 711 4044; x_wconf 89' lang='lat' dir='ltr'>in</span> <span class='ocrx_word' id='word_1_323' title='bbox 736 3982 841 4066; x_wconf 89' lang='lat' dir='ltr'>specie</span> <span class='ocrx_word' id='word_1_324' title='bbox 857 3981 994 4044; x_wconf 89' lang='lat' dir='ltr'>subortis</span> <span class='ocrx_word' id='word_1_325' title='bbox 1018 3983 1240 4054; x_wconf 86' lang='lat' dir='ltr'>controversiis</span> <span class='ocrx_word' id='word_1_326' title='bbox 1256 3983 1352 4048; x_wconf 86' lang='lat' dir='ltr'>absti-</span> 
     </span>
     <span class='ocr_line' id='line_1_34' title="bbox 60 4083 1353 4171; baseline 0.005 -27"><span class='ocrx_word' id='word_1_327' title='bbox 60 4100 172 4169; x_wconf 81' lang='lat' dir='ltr'>nerent3</span> <span class='ocrx_word' id='word_1_328' title='bbox 188 4099 345 4152; x_wconf 88' lang='lat' dir='ltr'>noverant</span> <span class='ocrx_word' id='word_1_329' title='bbox 360 4089 447 4152; x_wconf 88' lang='lat' dir='ltr'>enim</span> <span class='ocrx_word' id='word_1_330' title='bbox 464 4089 652 4171; x_wconf 87' lang='lat' dir='ltr'>prudentius</span> <span class='ocrx_word' id='word_1_331' title='bbox 669 4087 743 4168; x_wconf 86' lang='lat' dir='ltr'>lore,</span> <span class='ocrx_word' id='word_1_332' title='bbox 760 4089 786 4152; x_wconf 88' lang='lat' dir='ltr'>si</span> <span class='ocrx_word' id='word_1_333' title='bbox 802 4087 962 4170; x_wconf 85' lang='lat' dir='ltr'>quasdam</span> <span class='ocrx_word' id='word_1_334' title='bbox 982 4083 1060 4150; x_wconf 84' lang='lat' dir='ltr'>forte</span> <span class='ocrx_word' id='word_1_335' title='bbox 1077 4087 1109 4151; x_wconf 91' lang='lat' dir='ltr'>in</span> <span class='ocrx_word' id='word_1_336' title='bbox 1125 4088 1291 4152; x_wconf 86' lang='lat' dir='ltr'>Britannia</span> <span class='ocrx_word' id='word_1_337' title='bbox 1308 4109 1353 4151; x_wconf 87' lang='lat' dir='ltr'>re·</span> 
     </span>
     <span class='ocr_line' id='line_1_35' title="bbox 60 4195 1349 4279; baseline 0.009 -30"><span class='ocrx_word' id='word_1_338' title='bbox 60 4203 162 4270; x_wconf 76' lang='lat' dir='ltr'>ceptae</span> <span class='ocrx_word' id='word_1_339' title='bbox 176 4195 361 4259; x_wconf 88' lang='lat' dir='ltr'>traditiones</span> <span class='ocrx_word' id='word_1_340' title='bbox 375 4196 561 4279; x_wconf 85' lang='lat' dir='ltr'>allegarent,</span> <span class='ocrx_word' id='word_1_341' title='bbox 587 4217 628 4260; x_wconf 83' lang='lat' dir='ltr'>ex</span> <span class='ocrx_word' id='word_1_342' title='bbox 644 4198 761 4279; x_wconf 87' lang='lat' dir='ltr'>quibus</span> <span class='ocrx_word' id='word_1_343' title='bbox 787 4197 933 4262; x_wconf 89' lang='lat' dir='ltr'>Britones</span> <span class='ocrx_word' id='word_1_344' title='bbox 949 4195 1009 4278; x_wconf 83' lang='lat' dir='ltr'>ipsi</span> <span class='ocrx_word' id='word_1_345' title='bbox 1025 4207 1138 4278; x_wconf 88' lang='lat' dir='ltr'>sponte</span> <span class='ocrx_word' id='word_1_346' title='bbox 1159 4215 1197 4258; x_wconf 87' lang='lat' dir='ltr'>oo</span> <span class='ocrx_word' id='word_1_347' title='bbox 1212 4197 1349 4260; x_wconf 80' lang='lat' dir='ltr'>adduce</span> 
     </span>
     <span class='ocr_line' id='line_1_36' title="bbox 61 4305 1352 4390; baseline 0.012 -34"><span class='ocrx_word' id='word_1_348' title='bbox 61 4311 169 4380; x_wconf 86' lang='lat' dir='ltr'>rentur,</span> <span class='ocrx_word' id='word_1_349' title='bbox 185 4316 219 4367; x_wconf 93' lang='lat' dir='ltr'>ut</span> <span class='ocrx_word' id='word_1_350' title='bbox 233 4317 264 4368; x_wconf 89' lang='lat' dir='ltr'>et</span> <span class='ocrx_word' id='word_1_351' title='bbox 280 4305 452 4387; x_wconf 85' lang='lat' dir='ltr'>irregulare</span> <span class='ocrx_word' id='word_1_352' title='bbox 468 4306 623 4370; x_wconf 86' lang='lat' dir='ltr'>adversus</span> <span class='ocrx_word' id='word_1_353' title='bbox 639 4309 762 4390; x_wconf 90' lang='lat' dir='ltr'>ejectos,</span> <span class='ocrx_word' id='word_1_354' title='bbox 790 4305 967 4388; x_wconf 77' lang='lat' dir='ltr'>Episcopos</span> <span class='ocrx_word' id='word_1_355' title='bbox 993 4315 1179 4387; x_wconf 89' lang='lat' dir='ltr'>susceptum</span> <span class='ocrx_word' id='word_1_356' title='bbox 1191 4305 1352 4390; x_wconf 86' lang='lat' dir='ltr'>judicium</span> 
     </span>
     <span class='ocr_line' id='line_1_37' title="bbox 60 4409 1352 4501; baseline 0.01 -34"><span class='ocrx_word' id='word_1_357' title='bbox 60 4409 221 4497; x_wconf 87' lang='lat' dir='ltr'>crederent,</span> <span class='ocrx_word' id='word_1_358' title='bbox 236 4431 268 4480; x_wconf 89' lang='lat' dir='ltr'>et</span> <span class='ocrx_word' id='word_1_359' title='bbox 283 4416 446 4482; x_wconf 88' lang='lat' dir='ltr'>lubentius</span> <span class='ocrx_word' id='word_1_360' title='bbox 461 4417 709 4501; x_wconf 81' lang='lat' dir='ltr'>Archiepiscopo</span> <span class='ocrx_word' id='word_1_361' title='bbox 731 4417 917 4482; x_wconf 85' lang='lat' dir='ltr'>Turorrensi</span> <span class='ocrx_word' id='word_1_362' title='bbox 932 4435 967 4478; x_wconf 84' lang='lat' dir='ltr'>se</span> <span class='ocrx_word' id='word_1_363' title='bbox 982 4415 1180 4500; x_wconf 87' lang='lat' dir='ltr'>subjicerent.</span> <span class='ocrx_word' id='word_1_364' title='bbox 1224 4417 1352 4483; x_wconf 74' lang='lat' dir='ltr'>Prodie</span> 
     </span>
     <span class='ocr_line' id='line_1_38' title="bbox 61 4523 1352 4612; baseline 0.013 -32"><span class='ocrx_word' id='word_1_365' title='bbox 61 4533 128 4582; x_wconf 75' lang='lat' dir='ltr'>taut</span> <span class='ocrx_word' id='word_1_366' title='bbox 142 4531 214 4590; x_wconf 87' lang='lat' dir='ltr'>tunc</span> <span class='ocrx_word' id='word_1_367' title='bbox 239 4525 352 4593; x_wconf 87' lang='lat' dir='ltr'>Isidori</span> <span class='ocrx_word' id='word_1_368' title='bbox 368 4525 553 4592; x_wconf 88' lang='lat' dir='ltr'>Mercatoris</span> <span class='ocrx_word' id='word_1_369' title='bbox 579 4525 763 4609; x_wconf 75' lang='lat' dir='ltr'>decretales,</span> <span class='ocrx_word' id='word_1_370' title='bbox 790 4547 827 4590; x_wconf 81' lang='lat' dir='ltr'>ac</span> <span class='ocrx_word' id='word_1_371' title='bbox 843 4524 965 4612; x_wconf 88' lang='lat' dir='ltr'>passim</span> <span class='ocrx_word' id='word_1_372' title='bbox 980 4523 1020 4587; x_wconf 89' lang='lat' dir='ltr'>de</span> <span class='ocrx_word' id='word_1_373' title='bbox 1043 4523 1213 4592; x_wconf 88' lang='lat' dir='ltr'>Provincia</span> <span class='ocrx_word' id='word_1_374' title='bbox 1227 4529 1261 4596; x_wconf 88' lang='lat' dir='ltr'>itt</span> <span class='ocrx_word' id='word_1_375' title='bbox 1277 4529 1352 4596; x_wconf 83' lang='lat' dir='ltr'>Pro-</span> 
     </span>
    </p>
   </div>
   <div class='ocr_carea' id='block_1_4' title="bbox 0 0 1566 4980">
    <p class='ocr_par' dir='ltr' id='par_1_4' title="bbox 0 0 1566 4980">
     <span class='ocr_line' id='line_1_39' title="bbox 0 0 1566 4980; baseline 0 0"><span class='ocrx_word' id='word_1_376' title='bbox 0 0 1566 4980; x_wconf 95' lang='lat' dir='ltr'> </span> 
     </span>
    </p>
   </div>
  </div>
 </body>
</html>
