3276 4984
508 387 552 432 aa
576 377 1036 438 vanasuwoououetaaao.
1380 371 1430 450 lb.

170 504 306 574 Quando
319 524 395 569 roro
404 506 487 587 dixi,
499 510 757 574 concubinatum
772 512 1041 595 aperueramus
1062 513 1186 578 soteres
1200 533 1265 582 non
1276 520 1349 604 jure
1363 515 1423 608 puss

35 637 36 640 ¹
135 612 205 674 blico
216 612 405 680 damnatum
431 607 540 698 inisse,
563 619 621 681 aad
644 619 744 682 inisse
771 635 835 684 non
859 623 993 686 mnnlno
1015 623 1194 706 probatum,
1216 625 1283 691 duo
1297 632 1420 712 potissi-

135 739 212 785 mum
239 723 371 794 innitare
400 725 498 788 volui.
543 725 690 818 Primum
719 739 776 808 est,
805 731 1060 798 concubinatum
1090 737 1136 798 ita
1163 736 1314 804 habitum
1342 741 1418 807 iuis-

133 851 168 911 ae,
182 845 215 896 ut
227 833 321 898 facile
336 835 413 899 data
427 838 667 920 opportunitate
682 838 715 902 in
741 841 874 922 nuptias
887 843 999 924 justas
1027 847 1182 926 transiret,
1208 851 1418 930 quemadmo-

133 941 198 1006 dum
211 941 305 1006 facile
319 935 419 1007 etiam
427 945 596 1008 namnetes
603 947 694 1010 libari
703 950 847 1030 suscepti
856 964 899 1012 ex
909 951 1091 1016 correuoina
1095 955 1175 1036 justi
1186 955 1417 1046 efficiebantur,

130 1051 198 1114 Nor.
213 1053 261 1117 89.
288 1070 358 1137 cap.
376 1056 402 1117 l.
445 1055 533 1118 Hinc
548 1054 589 1118 dc
615 1056 772 1120 Romanis
787 1058 841 1120 ‘ita
857 1059 1014 1124 scribbbat
1033 1052 1254 1149 Hieronymus
1269 1070 1302 1134 iu
1326 1075 1416 1158 epist.

129 1163 162 1224 ad
175 1155 350 1228 Oceanum
385 1167 561 1248 Affectiooc
572 1167 728 1230 maritali
750 1169 937 1234 retinebar&
955 1175 1158 1240 concubinos
1178 1181 1224 1244 od
1238 1181 1418 1256 dividenda

124 1289 220 1350 'merc
237 1281 267 1336 cl
287 1273 491 1338 *minuendas
502 1276 685 1358 impensos,
710 1292 796 1360 quoa
823 1285 936 1342 tumere
957 1281 1197 1368 ademptione
1219 1295 1318 1356 crecti
1332 1295 1416 1362 clivi-

128 1383 183 1444 tioa
195 1385 296 1447 etium
319 1403 458 1447 uxorem
471 1405 537 1448 non
552 1391 695 1450 'tontum
723 1390 871 1467 nominc,
891 1399 921 1454 ot
946 1393 1123 1476 dignitate,
1148 1401 1208 1463 aed
1220 1405 1323 1472 etium
1334 1411 1417 1494 jura

127 1487 350 1572 dignabantur.
393 1491 568 1574 Quidquid
583 1506 693 1558 autern
708 1495 888 1578 aliquando
901 1497 1132 1570 dubitaverunt
1142 1507 1358 1581 iureconsulti
1374 1518 1414 1582 de

126 1597 248 1662 maritali
262 1601 497 1685 conjunctione,
511 1617 593 1666 num
608 1605 741 1687 nuptiae
754 1603 945 1690 dicerentur,
961 1631 1004 1675 an
1019 1613 1158 1697 simplex
1170 1623 1413 1710 concubinatus,

127 1708 388 1788 quamadmodum
413 1709 447 1774 in
463 1711 483 1774 l.
497 1711 549 1774 24.
564 1709 597 1775 ff.
614 1711 655 1776 de
669 1715 731 1776 ritu
757 1717 907 1798 nuptian,
920 1721 978 1784 ubi
994 1721 1039 1786 in·
1051 1723 1149 1790 dubio
1162 1747 1414 1812 praesumuntur

125 1819 246 1902 nuptiae,
261 1838 331 1883 non
356 1821 593 1885 concubinatus
608 1822 641 1884 in
667 1825 903 1890 consuetudine
918 1826 1036 1893 liberae
1051 1831 1204 1917 mulieris,
1219 1839 1283 1904 nisi
1298 1845 1414 1912 mulier

123 1937 280 2006 quassum
295 1943 426 2009 corpore
450 1923 586 2007 lecisset,
602 1927 687 2010 quod
704 1929 777 1994 idco
798 1930 974 2016 subjicitur,
990 1955 1055 2002 noa
1070 1939 1149 2022 quia
1163 1948 1363 2018 correubiuac
1380 1953 1413 2016 li-

121 2043 190 2095 oarat
202 2044 378 2117 quaestum
393 2049 524 2117 corpora
538 2031 652 2115 iacere
667 2035 725 2099 aad
740 2055 781 2102 na
794 2040 930 2104 maritus
950 2041 994 2106 de
1008 2043 1167 2112 adulterio
1181 2065 1352 2138 suspectus
1366 2078 1412 2124 ec

122 2129 167 2214 aet,
180 2142 257 2209 dum
282 2144 467 2227 quaestioni
483 2135 633 2208 lenocinii
658 2145 876 2230 subjiceretur3
903 2165 1029 2216 necnon
1052 2153 1086 2218 in
1101 2155 1121 2220 l.
1144 2157 1194 2222 st.
1209 2159 1242 2224 li.
1257 2163 1299 2228 da
1313 2165 1411 2234 dona·

120 2256 190 2334 tion,
204 2255 259 2318 ubi
273 2251 358 2318 dum
372 2251 547 2334 dubitatur,
557 2268 601 2316 an
613 2253 804 2318 donationes
819 2257 852 2320 in
866 2257 1092 2341 concubinatu,
1106 2279 1151 2326 an
1162 2265 1268 2347 potius
1283 2267 1318 2335 ia
1331 2289 1412 2336 uxo-

120 2383 174 2426 rem
185 2367 250 2428 sint
263 2361 413 2442 collatae,
438 2359 711 2426 considerandum
724 2362 850 2438 dicitur.
876 2365 984 2448 qualis
998 2366 1094 2433 luerit
1118 2372 1204 2438 vitae
1218 2377 1409 2463 conjunctio,

119 2485 200 2555 oopus
212 2485 326 2538 utrium
342 2472 500 2536 maritalis
514 2489 581 2538 non
596 2481 663 2535 taut
678 2471 814 2550 affectio,
830 2484 930 2555 quam
946 2473 1048 2540 honor
1062 2487 1279 2561 praecesserit
1297 2489 1410 2562 moa-

119 2601 178 2647 som
191 2581 409 2647 dubitationes
434 2582 516 2645 istae
529 2579 571 2644 de
596 2579 831 2666 conjunctione,
846 2599 889 2646 an
914 2585 1152 2654 concubinatus
1166 2603 1261 2676 esset,
1277 2615 1322 2664 an
1336 2616 1410 2665 con.

115 2695 226 2778 jugium
236 2698 376 2779 justum,
403 2682 466 2760 uisi
480 2701 595 2776 perum
608 2693 846 2757 concubinatus
868 2698 1053 2781 aconjugic
1063 2700 1152 2783 justo
1165 2702 1313 2772 atserett
1355 2711 1410 2776 At-

112 2815 206 2868 taruru
219 2815 278 2886 est,
294 2803 391 2867 iacile
416 2801 552 2884 intelbgi
566 2801 692 2882 mindo,
707 2818 773 2884 qua
789 2803 829 2866 de
843 2812 952 2885 caasa,
976 2809 1139 2890 atquibus
1154 2813 1187 2876 in
1202 2815 1332 2888 casibus
1342 2819 1410 2887 Ro.

119 2913 192 2977 nani
205 2911 306 2978 iidem
322 2919 446 2974 veteres
461 2907 638 2992 aliquando
652 2907 695 2971 de
708 2909 927 2976 concubinatu
942 2913 1050 2998 potius
1064 2919 1293 3005 conuehendo,
1307 2945 1410 3010 quam

119 3017 149 3082 de
169 3016 319 3106 conjurgio
342 3016 529 3100 cogitarent
573 3015 745 3098 siqnidem
770 3019 993 3086 animadverte
1017 3037 1148 3108 oportet,
1173 3047 1238 3094 non
1261 3037 1408 3104 omnium

119 3127 229 3208 nuptias
251 3124 345 3210 apud
359 3122 526 3188 Roumnoe
548 3113 651 3186 fuisse
671 3125 743 3208 jare
757 3125 919 3210 probatam
946 3129 1047 3194 itsmo
1060 3141 1092 3196 et
1117 3133 1253 3218 illorum,
1270 3148 1408 3222 qnorum

119 3235 326 3312 probabantur,
352 3249 418 3296 uon
433 3231 524 3295 aliter
549 3231 699 3314 probatas
714 3231 822 3313 tuisse,
845 3253 946 3317 quam
961 3248 1066 3300 certae
1080 3239 1300 3310 solemnitates
1313 3247 1409 3312 inter·

35 3331 36 3366 ³
118 3343 254 3411 eduma.
302 3343 396 3415 Qrtid
410 3343 498 3407 enini
512 3336 680 3426 imprimis,
703 3343 861 3426 aigerens
876 3347 909 3412 ln
935 3335 1104 3414 Provincia
1121 3351 1407 3436 Magistratumic·

35 3515 36 3518 Ἴ
119 3450 222 3516 tniuam
247 3451 486 3517 provincialem
501 3450 561 3514 sibi
572 3453 666 3536 jungi
680 3445 830 3536 conjugio
855 3447 1090 3522 conuenissent
1132 3463 1234 3544 Quid,
1251 3467 1278 3532 si
1294 3467 1406 3534 liliosa.

35 3543 36 3624 ]
120 3553 214 3638 nullas,
228 3559 288 3642 qui
315 3559 414 3641 petris
437 3556 517 3621 iorte
538 3555 651 3621 iudaei
665 3578 861 3626 consensum
883 3563 1026 3628 obtinere
1041 3585 1107 3632 non
1122 3581 1253 3652 poterat,
1270 3577 1406 3644 torrorem

120 3655 213 3726 dirceus
228 3683 332 3728 causa
356 3663 527 3728 liberorum
540 3663 752 3750 cupediisostl
794 3661 896 3750 Quid,
912 3671 940 3734 si
965 3671 1109 3754 Senator,
1126 3689 1183 3742 aut
1208 3663 1406 3752 virclarissi-
1485 3689 1490 3700 '

35 3847 36 3850 Ἴ
122 3783 176 3832 mua
187 3773 370 3838 libertinum
386 3769 553 3856 mulierum
567 3773 629 3838 arbi
644 3774 765 3838 sociare
779 3781 931 3861 conjugio
950 3779 1122 3846 voluisset?
1164 3787 1403 3875 Quidsinup-

121 3879 191 3946 talus
215 3885 356 3962 tabulae,
382 3903 421 3945 ac
443 3885 629 3966 praesertim
659 3885 791 3966 doulos,
814 3889 933 3970 quibua
960 3891 1093 3957 demum
1119 3896 1404 3970 intervenientibus
1457 3975 1462 3987 ι

120 3987 274 4070 aliquando
290 3993 411 4057 scimus
426 3993 557 4074 nuptias
567 3995 673 4078 justas
688 3994 791 4058 dictas
807 3995 915 4078 luisse,
931 3999 1164 4086 legitimasque,
1180 4025 1251 4072 can.
1265 4012 1297 4074 li.
1312 4029 1401 4078 catus.

119 4095 157 4162 30.
168 4117 285 4184 quaest.
314 4106 352 4185 5.,
369 4105 639 4169 desiderarentur}
683 4105 722 4168 ln
738 4107 816 4187 istis,
844 4119 905 4173 arat·
916 4113 1076 4178 similibus
1095 4118 1226 4188 casibus
1240 4140 1317 4186 curn
1333 4125 1403 4207 lega

120 4211 227 4286 publica
242 4209 446 4279 matrimonia
462 4223 527 4280 troii
551 4211 767 4297 probarentur,
790 4222 1027 4286 concubinatus
1038 4227 1133 4309 Juxta
1151 4228 1230 4312 legis
1246 4235 1403 4300 neutralis

116 4316 334 4402 simplicitatem
350 4313 534 4405 fiabat'quo
547 4319 670 4387 scilicet
679 4325 764 4388 niltil
778 4325 1046 4412 familiac'dccoti,
1060 4346 1118 4396 atrt
1133 4337 1282 4422 Oitdtatis
1297 4341 1402 4424 splen,-

119 4423 170 4492 dori
184 4431 406 4516 detraheretur,
431 4436 486 4520 qui
517 4424 675 4520 splatulor,
700 4426 853 4522 quodque
878 4441 978 4506 decus
993 4461 1034 4508 ex
1055 4447 1151 4529 justis
1169 4451 1403 4522 tantummodo
