3210 4990
210 362 271 446 11β
525 385 769 434 nrsssnrrrro
791 388 965 450 arcanos,
987 389 1137 438 autres.
1160 369 1214 434 VI.

207 506 269 588 nei;
287 506 374 589 quod
389 517 420 572 et
434 511 475 584 ln„
485 509 523 574 tl.
539 509 810 590 subsequentibus
825 511 1036 592 prosequitur.
1058 511 1148 596 Nurp
1160 512 1194 576 in
1207 529 1272 576 uno
1285 515 1307 582 1
1318 513 1348 577 a
1361 523 1511 597 stuprum

206 630 238 682 et
253 617 446 684 adulterium
471 619 656 686 confudisse
671 621 866 684 censebunt
895 622 1079 692 ιίιὶιιοιειιιιι
1095 641 1169 686 vero
1195 621 1252 687 illa
1274 623 1400 708 adjecta
1428 611 1512 688 ratio

204 727 287 813 quio
299 748 401 812 neque
413 730 669 794 matrimonium
689 749 919 814 qnoccrtmque,
943 750 1000 794 neo
1012 750 1108 814 sperit
1135 732 1344 796 matrimmtir'
1372 731 1511 801 ciolalw

202 836 441 917 permittitur-
473 835 587 918 Neque
602 837 690 902 enim
706 837 767 900 ista
781 837 919 920 simplici
933 849 1044 920 stupro
1058 839 1214 922 congruit,
1230 839 1286 902 scd
1302 838 1511 921 potiusadul·

205 943 291 1021 tario,
306 941 440 1026 quando
452 961 518 1008 uon
533 944 575 1008 ob
588 943 694 1023 istaut,
710 943 767 1006 sed
782 945 824 1010 ob
838 944 937 1008 aliam
953 925 1090 1010 causam
1105 957 1196 1029 turpe
1211 957 1360 1030 stuprum
1373 957 1431 1012 est
1463 947 1510 1012 Ar

205 1048 240 1112 io
254 1048 540 1133 conspeetuhujus
562 1051 722 1134 Ulpianae
737 1051 953 1156 doctiuaehad
977 1071 1078 1135 quatu
1091 1052 1234 1118 adfertur
1248 1055 1437 1138 rescriptum
1451 1055 1509 1122 Sc·

205 1155 281 1236 vari,
296 1156 352 1238 qui
382 1155 486 1220 dicere
515 1159 636 1240 poterit,
666 1170 724 1222 aut
751 1160 915 1244 corrjirere,
945 1161 1134 1244 rescriptum
1163 1162 1250 1228 idern
1278 1166 1435 1248 pertinere
1463 1165 1508 1232 ad

205 1263 365 1348 privatam
381 1262 540 1328 actionem
570 1264 774 1348 njuuarumt
817 1265 854 1332 Si
889 1265 935 1330 ita
971 1279 1063 1347 asset,
1100 1285 1166 1332 nnn
1201 1268 1301 1334 aliam
1332 1271 1506 1355 ‚acuonatrn

199 1391 303 1458 quam
317 1374 478 1457 privatam
493 1373 683 1458 injuriarmn
697 1374 938 1442 concedendurn
954 1395 1026 1442 esse
1041 1379 1157 1442 marito
1171 1389 1243 1461 post
1258 1377 1411 1445 violatam
1426 1399 1509 1446 uxo

199 1502 276 1562 retu,
294 1483 471 1558 dicendum
484 1482 572 1564 foret,
589 1483 667 1566 quia
682 1485 740 1549 noc
754 1485 843 1548 mem
858 1486 904 1548 ait
914 1537 918 1546 .
928 1485 1089 1568 Ulpianus
1114 1485 1348 1554 vindicandum
1363 1487 1397 1554 in
1411 1507 1510 1572 spou-

199 1613 246 1676 sa,
261 1595 350 1678 quod
364 1597 398 1660 in
413 1615 513 1660 uxore
532 1608 638 1681 potest
665 1597 800 1660 maritus
828 1594 1002 1661 vindicare.
1046 1597 1139 1661 Nihil
1168 1609 1241 1681 post
1268 1599 1350 1662 haec
1364 1597 1406 1665 de
1436 1603 1457 1670 i.
1473 1599 1506 1666 8.

198 1706 341 1790 subjicio,
356 1705 390 1770 in
405 1723 470 1788 qno
484 1715 517 1768 et
525 1705 597 1788 juro
613 1703 672 1766 viri
686 1722 837 1788 expresse
852 1705 970 1790 agitur,
999 1716 1031 1768 et
1060 1723 1179 1770 nomen
1194 1703 1344 1770 adulterii
1358 1705 1507 1782 occurrit,

196 1815 283 1898 quod
299 1815 423 1898 proptio
438 1813 471 1878 in
487 1824 551 1876 toto
565 1823 719 1878 contextu
740 1823 923 1894 usurpatur,
954 1829 1019 1878 non
1050 1811 1160 1876 latiore
1191 1811 1437 1895 significatione,
1469 1825 1507 1878 ut

153 2011 156 2018 .
195 1935 345 2008 stuprum
359 1925 394 1988 in
408 1924 514 2007 specie
530 1923 686 2006 designet,
702 1923 817 2006 inquo
832 1922 972 2006 denique
986 1941 1105 1998 nomen
1120 1923 1337 1990 accusationis
1352 1923 1506 2008 exprimi-

196 2050 256 2118 tur,
272 2037 314 2102 ad
330 2037 581 2121 significandam
597 2037 757 2120 privatam
773 2037 908 2122 injuriae
923 2037 1177 2120 persecutionem
1197 2038 1308 2104 minus
1322 2057 1508 2104 accommo-

195 2147 319 2212 datum.
1198 2235 1201 2240 Ι

236 2260 303 2324 Ista
325 2257 465 2343 profecto
494 2258 677 2324 sufficerant
705 2255 748 2322 ad
778 2257 963 2322 universam
991 2257 1243 2323 controversiam
1270 2256 1504 2324 dirimendam.

195 2373 283 2442 Malo
299 2387 408 2440 tamen
437 2373 547 2440 adlrnc
575 2371 738 2456 quaedam
766 2391 808 2436 err
832 2371 915 2456 juris
943 2371 1153 2436 ecclesiastici
1176 2369 1350 2455 disciplina
1364 2372 1503 2456 subjice-

191 2504 234 2563 ra,
250 2495 286 2548 nt
301 2483 432 2566 liqueat,
442 2485 538 2568 J'uxta
552 2480 683 2545 easdem
707 2479 846 2562 regulas,
875 2497 1039 2542 canonum
1063 2480 1161 2542 etiam
1187 2495 1352 2541 sacrorum
1373 2486 1504 2540 seuten-

192 2591 253 2654 tias
267 2589 370 2654 editas
385 2589 493 2654 fuisse.
535 2589 620 2654 Rem
645 2589 801 2652 altissime
816 2598 931 2671 repeto,
947 2599 1046 2670 atque
1057 2587 1129 2672 ipsa
1143 2603 1309 2650 sacrarum
1335 2585 1502 2652 literarum

192 2699 376 2764 testimonia
410 2698 543 2782 profero.
587 2698 624 2762 In
640 2697 774 2781 capita
812 2693 1054 2764 Deuteromonii
1087 2693 1226 2800 capitale
1256 2691 1318 2758 t‘uit
1350 2693 1505 2760 adulterii

190 2806 312 2872 crimen
326 2825 403 2872 curu
418 2817 521 2888 nupta
534 2801 726 2886 admissum,
737 2805 925 2888 pecurdmm
938 2823 1014 2868 vero
1029 2822 1135 2888 poena
1148 2805 1325 2870 coercitum
1349 2817 1502 2889 stuprum

191 2911 373 2980 admissum
387 2933 464 2978 curn
479 2913 595 2998 puella,
612 2932 697 2995 quae
711 2929 865 2996 sponsam
876 2930 941 2976 non
952 2911 1093 2977 haberet.
1117 2913 1245 2978 Interea
1260 2925 1370 2978 autem
1386 2913 1503 2980 delini·

192 3035 262 3096 turn
278 3023 346 3104 suit,
363 3035 400 3088 ut
413 3025 560 3110 capitalis
575 3035 659 3088 esset
674 3043 779 3108 poena
793 3023 951 3088 adversus
966 3043 1052 3104 eum,
1068 3025 1123 3109 qui
1136 3043 1291 3108 sponsam
1303 3025 1502 3108 notavisset,
1595 3045 1596 3064 ³

191 3132 291 3198 immo
307 3143 339 3198 at
352 3131 509 3198 adversus
524 3151 678 3216 sponsam
693 3131 821 3195 crimini
835 3131 1105 3213 consentientem
1121 3151 1164 3196 ex
1178 3151 1244 3215 quo
1258 3131 1366 3216 liquet,
1375 3135 1500 3200 crimen

191 3243 274 3310 illud
289 3245 395 3327 potius
404 3245 477 3330 juro
487 3245 646 3323 adulterii,
662 3261 762 3328 quam
778 3243 881 3326 stupri
895 3241 1044 3306 habitum
1059 3239 1169 3306 fuisse.
1192 3241 1318 3308 vetusti
1329 3244 1501 3309 Ecclesiae

192 3351 304 3416 Patres
318 3351 438 3434 optima
452 3352 552 3434 gnari,
568 3349 763 3414 adulterium
792 3349 917 3432 proprie
945 3347 1019 3429 dici,
1048 3349 1136 3431 quod
1151 3347 1309 3414 adversus
1333 3347 1445 3415 datam
1461 3349 1502 3416 fi·

191 3457 267 3524 dam
281 3455 510 3537 admitteretur,
525 3477 591 3522 uon
619 3455 850 3520 dubitaverunt
878 3473 933 3519 eos
962 3455 1125 3518 adulteros
1149 3455 1319 3539 appellare,
1349 3457 1407 3540 qui
1421 3474 1500 3522 con-

192 3567 361 3632 tinentiam
377 3568 446 3633 Dao
461 3567 613 3631 devotam
640 3564 858 3647 violavissent
888 3583 1089 3648 quamquem
1106 3563 1311 3648 Augustinus
1326 3585 1393 3630 rem
1407 3565 1499 3636 hanc

191 3691 258 3738 non
286 3673 368 3738 adeo
393 3675 551 3740 subtiliter
579 3674 779 3756 investigans
808 3693 873 3738 non
903 3671 1067 3737 adulteros
1091 3673 1254 3756 appellare
1279 3673 1423 3755 votosrir,
1453 3693 1498 3742 ue

190 3783 342 3869 conjugia
358 3793 428 3867 post
447 3783 596 3866 simplex,
623 3793 661 3846 ut
688 3784 787 3867 ajunt,
815 3793 930 3846 votum
959 3792 1125 3850 contracta
1139 3779 1337 3860 dissolveret,
1363 3797 1427 3844 can
1441 3781 1495 3846 41.

191 3911 280 3956 caus.
294 3893 346 3958 2⁷.
375 3903 499 3976 quaest.
528 3893 555 3954 l.
612 3889 784 3956 Adulteros
809 3891 1056 3975 appellaverunt
1084 3891 1197 3954 Patres
1225 3891 1496 3974 carthaginensis

191 4001 337 4080 (bacilli,
374 4001 568 4084 Cyprianus,
604 4009 637 4062 et
672 3999 880 4066 innocentius
895 3999 923 4064 1.·
956 3999 992 4064 in
1026 4017 1098 4062 can.
1115 3999 1142 4062 1.
1157 3997 1198 4078 4.,
1222 4006 1256 4060 et
1271 3998 1319 4064 tn.
1335 4015 1425 4062 caua
1439 3999 1494 4064 27.

188 4123 313 4196 quaest
327 4114 365 4192 1.,
381 4127 508 4174 necnon
531 4109 751 4192 Hieronymus
779 4109 814 4172 in
828 4127 954 4172 caurum
968 4109 1006 4189 9.
1034 4109 1158 4192 juncto·
1175 4125 1249 4170 can·
1278 4107 1307 4171 d.
1337 4105 1410 4172 dist
1438 4107 1494 4172 27.

189 4217 263 4282 Hac
290 4215 406 4282 eadem
420 4215 657 4299 significatione
685 4216 862 4282 Christiani
890 4217 1101 4302 Imperatores
1129 4213 1307 4296 aliquando
1331 4216 1494 4281 adulteria

187 4325 341 4392 'dixenrnt
363 4345 403 4389 ea
416 4324 574 4410 conjugia,
589 4345 673 4410 quaa
702 4325 880 4392 ohristiani
902 4343 979 4389 cum
1007 4323 1141 4389 Judaeis
1168 4323 1295 4406 lirant,
1324 4337 1494 4410 propterea

188 4437 276 4530 quod
295 4435 412 4506 eadam
424 4437 587 4526 conjugia,
602 4437 703 4506 fidem
730 4437 812 4504 smel
840 4435 970 4504 curius
994 4435 1231 4522 inbapticmats
1258 4435 1372 4502 datam
1386 4435 1494 4520 inqui·
