3120 4980
237 385 282 452 {8
474 411 570 461 ,enas
586 411 713 472 satus,
733 411 979 470 pressersrro
994 413 1168 476 recusos,
1190 415 1257 462 cst>
1274 397 1298 462 l.
1400 483 1406 493 .

237 529 411 613 uuanda,
437 535 589 615 etgratia
604 533 665 596 Dei
692 532 938 616 sanctificanda,
964 554 1041 600 eum
1056 536 1239 620 baptizatus
1256 555 1377 617 reram,
1400 539 1526 604 etsieee«
1557 525 1558 602 ³

238 652 308 700 ram
327 635 526 714 voluntatem
544 637 694 723 induerit,
719 653 750 702 et
765 653 878 724 sponte
895 641 1069 722 Ecclesiae,
1092 645 1146 708 cui
1161 645 1299 708 adscribi
1314 647 1425 728 coepit,
1447 648 1523 710 clari·
1557 661 1558 710 3

238 743 299 811 bus
314 763 384 808 sese
396 745 577 830 subjecerit,
603 744 878 812 esnaeistae.
924 750 979 814 Uti
994 751 1082 816 euim
1108 751 1316 814 ratiocinatur
1337 735 1523 814 Innocentius

236 853 298 918 ttt.
314 854 349 916 itt
363 873 442 937 cap.
459 855 488 918 3.
503 854 555 916 -de
570 855 739 940 baptismo,
765 868 873 921 metus
901 856 1102 920 vohmtatem
1117 858 1249 940 quidem
1276 859 1403 938 minuit,
1420 879 1478 921 non
1491 873 1522 922 ta·
1557 841 1558 924 i

237 975 322 1038 uren,
338 960 437 1024 ettam
453 959 481 1022 si
495 961 604 1042 gravis
620 963 670 1038 sit,
697 963 825 1044 penitus
841 963 953 1044 aufert,
969 966 1051 1046 etis,
1077 967 1135 1048 qui
1151 978 1240 1028 metu
1255 965 1335 1042 vult,
1362 967 1423 1032 sub
1435 969 1523 1030 condi·
1557 947 1558 976 ³

238 1069 325 1134 tione
341 1070 423 1132 velle
447 1071 705 1153 deprehenditur,
730 1074 834 1154 idest,
851 1075 923 1138 uult
945 1077 1048 1158 posito
1063 1077 1204 1140 instante
1218 1077 1370 1160 periculo,
1395 1078 1522 1157 sineque
1557 1071 1558 1120 i

237 1177 432 1260 simpliciter,
458 1191 489 1242 et
504 1179 651 1244 absolute
666 1201 731 1244 tton
757 1183 864 1266 vehet,
892 1184 1012 1248 suffieit
1037 1197 1147 1250 auteur
1171 1187 1253 1248 velie
1280 1188 1479 1270 baptismum,
1499 1199 1523 1248 ut

128 1315 137 1322 “
237 1286 418 1368 baptismus
445 1288 553 1352 valide
578 1290 768 1354 conferatur.
813 1293 887 1356 Non
914 1291 1001 1356 idem
1027 1313 1105 1358 sane
1132 1293 1308 1357 dicendum
1323 1308 1415 1375 esset,
1437 1295 1461 1357 si
1474 1313 1522 1356 ner

236 1410 351 1478 metm,
377 1399 435 1462 sed
453 1401 501 1462 vis
517 1401 736 1480 intercederet,
750 1422 826 1466 eum
843 1404 891 1466 vis
907 1405 1038 1471 omnino
1062 1405 1262 1468 voluntatem
1277 1406 1437 1468 excludat.
1477 1405 1523 1468 Ne·

236 1504 346 1568 moad
362 1505 447 1571 haue
462 1525 531 1570 retu
558 1509 592 1568 in
606 1509 802 1574 centrarium
818 1509 941 1573 adferat
966 1531 1126 1574 canonem
1145 1513 1171 1574 l.
1187 1532 1275 1574 caus.
1297 1515 1349 1576 23.
1365 1527 1481 1594 quaest.
1495 1515 1523 1590 ti,
1557 1597 1558 1600 Ἴ

235 1612 354 1676 ibidem
369 1614 456 1678 enim
483 1617 688 1698 Augustinus
704 1635 770 1680 non
793 1617 833 1682 de
848 1620 867 1682 J
872 1620 983 1682 udaeis
999 1622 1074 1703 agit,
1102 1623 1156 1684 sed
1174 1621 1214 1684 dc
1229 1623 1407 1700 haereticis,
1430 1635 1480 1684 aut
1493 1623 1522 1684 de
1557 1603 1558 1636 ¹

237 1722 462 1803 schismaticis
489 1744 570 1805 qttos
586 1725 706 1791 adduci
731 1727 763 1789 vi
779 1747 872 1810 pesse
889 1728 984 1792 tradit
1009 1727 1052 1790 ad
1068 1730 1235 1810 haeresim,
1253 1731 1303 1792 vel
1320 1731 1460 1793 schisma
1474 1708 1525 1812 eju-⁶

235 1830 384 1910 randum,
401 1833 442 1894 ob
458 1844 656 1914 potestatem,
672 1855 772 1916 quam
788 1836 822 1899 itt
838 1837 924 1918 ipsos
940 1836 1040 1902 vetuti
1056 1815 1202 1900 subditos
1214 1839 1356 1920 suscepti
1371 1840 1524 1922 baptisma·

168 1979 177 1988 -
237 1941 276 2002 tis
291 1959 391 2004 eausa
408 1940 557 2004 Ecclesia
572 1954 708 2008 exercet.
943 1941 944 1944 ’

277 2047 442 2112 Pertinettt
457 2049 538 2112 haee
564 2050 605 2112 ad
622 2051 698 2126 vim,
715 2050 965 2134 firmitatemque
981 2053 1191 2134 baptismatis.
1236 2054 1288 2114 An
1307 2073 1381 2116 vero
1404 2053 1526 2134 quoties·

236 2175 376 2239 ettmque
393 2159 553 2240 baptistae
569 2159 724 2222 collatum
749 2160 905 2240 validum,
922 2172 952 2224 ct
969 2161 1111 2236 ftrntutn
1123 2171 1178 2240 est,
1195 2162 1294 2224 etiarn
1310 2161 1394 2224 licite
1408 2159 1524 2222 conserti

236 2269 370 2350 dicatur,
386 2270 485 2334 altera
502 2283 549 2333 est
565 2271 749 2356 disputatio,
766 2272 798 2334 in
815 2293 880 2354 qua
896 2263 1019 2335 ce'rtum
1033 2285 1081 2334 est
1098 2273 1262 2354 imprimis,
1287 2273 1415 2336 adultos
1430 2281 1524 2353 sponte

236 2379 398 2462 baptisma
413 2391 556 2461 petentes
572 2381 807 2462 cujuscumque
822 2382 887 2444 sint
901 2383 1015 2462 gentis,
1031 2394 1062 2444 et
1077 2389 1096 2444 a
1111 2401 1318 2463 quocumque
1331 2393 1456 2464 parente
1468 2379 1525 2440 des·

232 2491 382 2570 cendant,
410 2492 461 2554 vel
478 2491 671 2570 Christiane,
699 2491 751 2554 vel
766 2491 899 2572 Judaeo,
924 2493 976 2556 vel
1003 2494 1162 2556 Aethnico
1184 2493 1461 2558 indiscriminatim
1472 2491 1524 2551 rite

235 2596 371 2676 admitti,
387 2597 565 2662 dummodo
587 2600 614 2662 si
629 2598 670 2660 dc
684 2599 703 2661 J
709 2599 892 2676 ttdaeornm,
909 2601 1183 2664 Aethtticorumve
1200 2601 1275 2664 filiis
1291 2615 1413 2686 agatur,
1433 2600 1526 2680 exple·

234 2718 340 2774 ratum
359 2707 400 2768 sit
425 2706 553 2768 iilortttn
579 2705 784 2785 desiderium,
810 2721 842 2770 et
857 2707 1008 2782 voluntas
1033 2709 1126 2788 certis
1151 2709 1359 2772 cautionibus
1381 2705 1527 2768 adhibtis

232 2835 309 2883 cnut
336 2815 523 2898 aliquande.
539 2816 715 2896 contigerit,
740 2834 794 2876 eos
811 2835 875 2878 non
902 2817 1024 2881 sincero
1050 2816 1260 2900 excipiendae
1281 2816 1354 2880 fidei
1371 2814 1525 2898 propositor

234 2921 290 2987 sed
305 2922 381 2985 aliis
407 2923 516 2984 minus
531 2921 638 3002 dignis
664 2937 771 2984 causta
788 2922 917 2984 moveri.
962 2921 1066 2992 Inrme
1082 2922 1249 3002 explorata
1273 2923 1444 2996 uoluntate,
1471 2920 1525 2980 irs·

234 3030 297 3090 trtri
312 3047 366 3090 eos
383 3028 416 3090 itt
432 3027 496 3090 fide
522 3025 597 3092 aute
613 3029 816 3110 bapttsmatis
831 3030 1068 3110 susceptionem
1082 3040 1214 3112 oportet,
1238 3031 1444 3111 quarrrobram
1459 3028 1527 3088 aliut

190 3207 196 3214 .
235 3155 299 3198 non
317 3137 379 3198 nisi
396 3155 526 3201 emenso
541 3149 612 3198 ecto
636 3137 796 3200 trtettsinm
812 3127 1084 3202 catechumenatu
1100 3139 1140 3201 ad
1157 3141 1406 3202 Sacratrrctttum
1426 3137 1530 3198 adnut-

235 3242 393 3320 rebantur,
410 3261 480 3328 epn.
507 3243 548 3304 93
574 3243 614 3306 de
630 3262 717 3304 cous.
744 3243 817 3304 dist.
834 3245 871 3322 t,
899 3244 985 3326 quod
1004 3247 1153 3328 temporis
1179 3247 1323 3331 spatium
1346 3253 1368 3312 d
1388 3241 1529 3324 Gregorio

235 3351 357 3434 Magno
383 3352 425 3414 ad
441 3351 659 3434 quadraginta
685 3351 753 3414 dies
771 3351 959 3416 redductum
985 3363 1041 3432 est,
1068 3355 1208 3440 canr98.
1235 3355 1276 3415 de
1298 3373 1385 3418 cons.
1412 3352 1480 3414 dist.
1500 3349 1530 3414 1.,

235 3461 320 3542 quod
338 3481 418 3523 sane
433 3461 630 3544 congruebat
646 3459 835 3542 disciplinae
852 3461 949 3522 veteri
964 3461 1209 3538 ecclesiasticae,
1221 3461 1318 3542 juxta
1333 3477 1427 3540 quant
1447 3457 1478 3518 in
1495 3453 1530 3515 ts·

235 3571 289 3632 riis
305 3569 597 3650 Quadragissitttae
610 3561 1122 3652 praeparabanturcathecumeni
1139 3569 1180 3629 ad
1195 3567 1357 3648 baptisma
1369 3563 1531 3642 suscipien-

128 3755 134 3768 .
236 3675 315 3738 dtttn
331 3677 364 3738 iu
391 3675 592 3738 solemnitate
609 3676 770 3758 Paschali3
799 3677 859 3740 nisi
877 3689 985 3740 tamen
1010 3695 1128 3757 urgens
1155 3673 1340 3755 necessitas,
1366 3667 1533 3735 seuirntni·

235 3803 316 3862 nens
332 3784 417 3850 vitae
433 3785 611 3866 pericuittm
627 3805 691 3848 non
708 3783 833 3850 diutius
848 3785 965 3848 differri
991 3785 1154 3866 baptisma
1170 3784 1330 3846 suaderet.
1375 3781 1533 3844 Praeterea

238 3904 384 3976 respectu
411 3892 594 3957 adultorum
622 3893 861 3958 observandum
877 3905 933 3972 est,
960 3893 1174 3980 non-emnine
1189 3891 1290 3958 tuisse
1314 3891 1475 3974 probatum
1491 3901 1533 3941 stt·

232 4006 300 4069 cris
314 4005 503 4084 canonibus,
531 4015 566 4066 ut
581 4015 668 4066 metu
685 4005 758 4086 quis
773 4003 816 4066 ad
832 4003 1076 4086 suscipiendum
1103 4003 1265 4084 baptisma
1280 4002 1432 4083 adigetur,
1450 4009 1535 4078 prep-

240 4128 326 4182 terea
340 4115 428 4200 quod
442 4116 499 4198 qui
525 4117 570 4178 ita
584 4115 797 4198 baptizantur,
814 4117 870 4180 vix
886 4117 996 4178 artimo
1012 4114 1226 4194 adducantur,
1248 4127 1285 4176 ut
1300 4113 1458 4194 Christum
1476 4109 1535 4166 siu·

237 4246 309 4293 cere
324 4237 512 4308 sequantur,
538 4235 635 4306 atque
652 4225 878 4310 utplurimum
904 4226 939 4288 in
954 4225 1165 4306 sacrementi,
1193 4235 1225 4286 et
1248 4224 1368 4288 Christi
1392 4217 1536 4300 injuriant

239 4335 432 4420 baptismate
447 4336 632 4414 abutantur,
659 4353 732 4398 cau.
747 4337 777 4400 5.
794 4332 865 4396 dist.
882 4335 932 4398 ts.
976 4333 1078 4404 Quod
1092 4333 1118 4396 si
1134 4334 1175 4396 de
1201 4333 1377 4398 infantibus
1391 4325 1538 4392 Christia-

242 4461 361 4511 norum
376 4453 499 4528 agatur,
515 4461 613 4506 neme
629 4463 776 4532 unqttaut
791 4443 957 4526 dubitavit,
974 4445 1056 4527 quin
1069 4443 1139 4508 sire
1154 4443 1347 4524 volentibus,
1367 4442 1427 4506 sire
1443 4437 1539 4500 etiam
