3146 4980
353 475 402 520 an
416 472 590 536 urrunnu,
606 475 670 524 our
687 473 780 519 erurr
797 473 883 518 stur
900 467 1085 519 naorrrut.
1306 439 1371 520 323

94 591 153 656 tllas
165 596 184 659 a
195 607 245 660 me
258 595 404 679 superius
418 607 611 660 memoratas
626 593 859 678 disputationes
875 595 1015 674 sustulit,
1031 605 1184 673 statuens,
1207 595 1240 658 in
1255 583 1371 677 quaes-⁹

92 701 210 766 tionibus
223 705 260 768 de
274 717 363 769 statu
377 706 549 770 liberorum
563 723 629 767 non
644 705 870 786 conceptionis,
894 704 951 767 sed
965 675 1116 768 editionis
1138 713 1282 788 tempora
1296 725 1371 768 esse

89 811 249 892 spectanda,
274 811 313 876 iis
329 823 453 878 tautum
481 811 623 894 eirceptls
637 813 776 892 casibus,
802 811 971 894 inquibus
996 812 1238 895 conceptionem
1261 815 1387 901 magis¹

89 913 243 1000 adprobari,
267 917 441 986 infantium
456 919 648 984 conditionis
675 921 797 984 utrlitas
810 921 1002 1004 expostulet.
1023 929 1027 936 '
1045 921 1141 984 Hanc
1157 921 1261 1003 ipsam
1276 941 1368 986 cous·

64 1001 246 1094 'titutionem
271 1029 317 1092 lta
331 1029 448 1094 deinde
472 1029 647 1113 explicavit
672 1029 884 1110 Iustitiaene,
914 1039 950 1092 ut
972 1027 1079 1092 locum
1105 1029 1369 1110 hebetatorum

87 1131 277 1201 existentibus
290 1135 366 1201 filiis
380 1139 530 1223 exjustis
556 1137 677 1221 nuptiis
692 1138 865 1221 procreatis
890 1153 932 1199 ex
942 1140 1032 1222 justa
1048 1155 1155 1216 uxore,
1182 1148 1254 1219 post
1275 1139 1369 1221 cujus

86 1241 190 1310 obitum
212 1247 393 1311 'concubina
418 1247 559 1330 primum
582 1246 683 1310 ducta
706 1245 830 1324 fuisset,
860 1245 935 1310 inde
962 1245 1205 1309 materiemilias
1233 1245 1367 1326 reddita,

85 1351 151 1417 Nor.
166 1355 212 1420 ta.
227 1375 297 1440 cap.
313 1357 342 1422 t.
386 1357 534 1442 Idipsum
548 1357 693 1422 extendit
713 1357 755 1420 ad
770 1357 855 1421 filios
869 1367 964 1450 natos
985 1373 1026 1422 ex
1042 1358 1161 1421 ancilla
1176 1359 1369 1438 concubina,

84 1479 167 1541 quarn
180 1462 303 1547 deiude,
321 1467 557 1531 manumissam
573 1483 640 1530 una
655 1485 731 1530 cum
747 1465 864 1548 liberis,
881 1485 1015 1532 uxorem
1040 1469 1114 1549 quis
1130 1468 1267 1548 duxerit,
1283 1466 1367 1532 Nov.

84 1572 120 1640 18
134 1592 197 1658 cap.
214 1577 264 1640 11.
308 1575 429 1640 Iterum
444 1595 484 1640 ca
508 1577 618 1640 omnia
633 1575 838 1640 confirmavit
852 1577 886 1640 in
902 1575 984 1639 Nor.
1007 1578 1067 1655 19,
1084 1592 1211 1640 necnon
1234 1577 1268 1640 in
1283 1577 1367 1642 Nou.

82 1679 121 1744 78,
134 1701 197 1766 cap.
211 1683 252 1764 3,
268 1693 300 1748 et
314 1684 353 1764 d,
370 1683 424 1748 ubi
439 1683 556 1769 adjecit
570 1684 711 1766 iusuper,
727 1683 875 1750 sufficere
890 1685 1180 1749 manumissionem
1195 1687 1307 1749 matris
1322 1687 1365 1750 ab
1449 1719 1452 1728 ·

81 1805 111 1850 eo
121 1789 241 1874 iactam,
256 1793 314 1876 qui
329 1787 484 1857 ancillam
498 1791 622 1877 pridem
637 1792 854 1857 concubinam
870 1795 980 1858 uxoris
996 1793 1088 1858 titulo
1103 1795 1311 1875 decoraverit,
1327 1808 1365 1859 nt

80 1891 170 1962 liliiin
183 1899 402 1964 concubinatu
427 1903 469 1965 ab
483 1911 522 1965 ea'
537 1902 635 1984 geniti
655 1901 753 1965 etiam
775 1903 978 1984 manumissi,
1004 1915 1231 1988 proptereaque
1250 1905 1367 1970 statim

78 1999 193 2087 legitimi
207 2019 422 2073 censerentur.
465 2007 553 2073 Addi
568 2009 620 2073 his
635 2009 786 2075 omnibus
802 2021 905 2093 potest
919 2011 1056 2075 Novella
1072 2011 1122 2076 89.
1139 2031 1209 2094 cap.
1225 2009 1255 2074 8.

109 2113 143 2179 lu
156 2127 332 2200 conspectu
345 2117 464 2182 harum
478 2115 598 2200 legum,
621 2119 742 2202 passim
758 2117 875 2182 docent
895 2118 1096 2201 Interpretes,
1120 2113 1365 2182 matrimonium

77 2234 139 2285 cnm
150 2223 334 2290 concubina
354 2235 558 2290 contractum
572 2219 740 2290 retrotrahr
765 2226 808 2290 ad
822 2238 960 2310 tempus,
985 2245 1051 2310 quo
1065 2227 1207 2311 primunr
1228 2228 1301 2292 iniri
1314 2247 1365 2291 ce·

75 2329 362 2409 pbooncultinatus.
407 2333 490 2398 taini
506 2332 539 2397 ld
554 2333 632 2397 satis
657 2333 783 2418 placere
800 2353 864 2399 non
890 2347 1002 2420 potest,
1029 2335 1252 2417 consideranti,
1275 2338 1303 2402 si
1318 2337 1365 2401 ita

74 2453 115 2501 rer
127 2457 191 2504 sese
205 2441 348 2520 haberet,
366 2439 477 2506 induci
490 2451 633 2525 oportere
648 2443 828 2527 quamdam
838 2445 920 2528 juris
934 2443 1106 2524 fictionem,
1127 2463 1194 2526 qna
1208 2443 1364 2509 nimirum

74 2541 206 2628 tingatur,
224 2549 467 2614 matrimonium
481 2551 524 2614 ab
538 2551 637 2633 initio;
654 2561 685 2614 et
700 2565 842 2636 ternpore
857 2553 934 2616 initi·
942 2553 1177 2616 concubinatus
1186 2555 1257 2638 jam
1271 2571 1363 2616 cons·

74 2651 178 2722 disat.
224 2659 269 2722 At
282 2659 372 2744 apud
397 2659 620 2726 lastinianum
647 2663 763 2746 ipsum,
790 2665 846 2746 qui
862 2663 1120 2728 lavorem'hunc
1135 2683 1211 2748 praa
1228 2665 1362 2728 caeteris

72 2769 281 2852 amplificavit,
304 2768 396 2836 uuila
411 2773 529 2837 dicitur
549 2780 618 2838 esse
629 2775 712 2859 juris
728 2775 824 2864 ficti03
842 2777 941 2840 immo
956 2787 988 2838 et
1003 2777 1036 2840 in
1060 2777 1129 2840 suis
1142 2775 1269 2860 legibus
1284 2776 1363 2840 defi·

70 2877 139 2941 nisit
160 2879 341 2965 Imperator
354 2900 512 2966 expresse,
539 2885 572 2949 in
588 2885 830 2968 quaestionibus
857 2886 957 2972 hujus
972 2888 1098 2971 generis
1120 2883 1363 2971 inspiciendum

70 3001 128 3047 eme
140 2997 270 3071 tempus
285 2989 473 3069 saevitatis,
499 3006 565 3054 non
579 2993 798 3075 conceptionis
811 2991 991 3073 liberorum,
1019 2993 1106 3058 dicta
1120 2995 1140 3058 l.
1158 2995 1207 3059 11.
1233 2995 1303 3059 cod.
1320 2993 1361 3058 de

69 3097 193 3161 natural.
210 3096 311 3177 liber,
336 3108 369 3161 et
380 3095 470 3162 duta
484 3097 567 3163 Not.
593 3099 643 3164 89.
659 3115 729 3184 cap.
746 3101 785 3181 8,
801 3107 886 3183 quae
911 3117 989 3164 sene
1006 3099 1151 3165 definitio
1172 3119 1246 3165 eam
1258 3101 1362 3166 rictio-

67 3217 132 3268 nem
145 3219 278 3288 prorsus
300 3201 472 3268 excludere
486 3203 622 3270 videtur.
666 3205 769 3270 Plane
783 3207 840 3272 ubi
863 3208 970 3290 agitur
985 3207 1026 3270 de
1051 3207 1213 3292 Imperiuli
1235 3209 1360 3292 privile

68 3311 110 3391 gio
122 3309 388 3378 hntc'tiberorutn
403 3317 511 3398 generi
523 3315 611 3395 dato,
627 3315 707 3398 quid
721 3333 803 3399 opus
817 3330 889 3378 esse
903 3325 1007 3399 potest
1021 3317 1150 3390 fictione
1160 3317 1257 3402 jurisi
1287 3316 1360 3383 Fie-

67 3419 251 3508 tionesjuris
277 3423 471 3488 arantmodi
496 3424 677 3508 singulares
704 3425 828 3489 inventi
852 3425 895 3490 ab
919 3425 1154 3490 iureconsultis
1175 3429 1360 3493 carentibus

66 3531 338 3620 pensate-legum
360 3533 574 3616 ferendarum,
599 3535 705 3620 quiin
720 3536 814 3600 certis
830 3537 1034 3619 aequissimis
1049 3538 1217 3624 adjunctis,
1240 3539 1274 3604 in
1290 3543 1359 3624 qui·

64 3639 116 3706 bus
129 3631 243 3728 legum
267 3643 421 3709 maritas
434 3643 551 3723 oberat,
578 3643 779 3738 conabantur
804 3643 911 3727 alege
936 3644 1092 3724 recedere,
1118 3651 1221 3728 aqua
1247 3657 1357 3712 tamen

65 3771 129 3819 cum
143 3753 299 3820 roeedere'
316 3751 379 3838 ipsi
393 3755 462 3818 sine
477 3754 606 3838 egregia
629 3755 807 3819 temeritate
822 3757 947 3838 privata
961 3756 1111 3838 opinione
1136 3765 1202 3822 no'n
1217 3775 1354 3843 possent,

64 3861 239 3944 ingeniosos
253 3863 374 3928 colores
388 3865 627 3947 praetexebant,
650 3865 768 3946 quibus
783 3883 859 3928 cnm
874 3865 961 3948 leges
975 3867 1075 3950 paulo
1099 3887 1230 3951 asperas
1245 3889 1356 3933 revera

63 3983 149 4056 aune
162 3973 259 4039 eiiitn
273 3965 417 4056 inspecto
431 3971 616 4052 emollirent,
633 3983 703 4036 tum
718 3973 931 4038 nihilominus
946 3974 1057 4059 legum
1071 3975 1215 4059 ipsarum
1230 3985 1356 4040 senten·

62 4079 123 4160 tias,
137 4097 223 4166 quas
236 4077 533 4166 interpretabantur,
548 4079 798 4147 adhuo‘serrare
813 4083 991 4149 incolumes
1006 4085 1199 4150 viderentur.
1243 4089 1353 4158 Quae-

61 4203 130 4257 nam
143 4189 288 4257 absurda
311 4207 473 4274 emergere
488 4191 675 4274 potuissent,
700 4189 834 4256 inducta
848 4193 947 4278 hujus
961 4196 1088 4278 generis
1102 4196 1238 4277 fictione,
1259 4193 1354 4262 facila

62 4297 337 4363 estdemonstrare
361 4315 429 4361 uno
451 4297 784 4386 pmpositoexemplo.
828 4299 990 4366 Nimirum
1006 4315 1200 4387 proponetur
1220 4284 1355 4369 iilltrsfa-

59 4403 159 4471 milles
171 4423 247 4472 eam
261 4407 296 4472 iu
309 4404 528 4472 concubinam
543 4391 603 4470 sibi
618 4407 803 4489 adscivisse,
819 4429 920 4493 quam
935 4411 1007 4477 idco
1024 4431 1157 4479 uxorem
1172 4428 1237 4478 non
1252 4415 1354 4480 duxe-
1442 4451 1443 4454 π

59 4523 110 4594 nt,
123 4513 203 4598 quic
216 4523 308 4600 pater
332 4513 456 4601 nuptiis
468 4531 545 4581 euru
561 4533 599 4582 ea
612 4517 841 4586 conuehendir
863 4521 1078 4610 dissensisset
1118 4523 1243 4594 interca
1258 4543 1299 4591 ex
1314 4543 1354 4590 ea
