3168 4982
267 419 364 472 cute
387 415 547 466 vrrtcunr
568 413 804 464 recusatam
826 409 1010 460 marcoris
1032 409 1175 458 castas.
1300 387 1368 460 237

63 557 94 610 et
109 543 268 628 Diaccnis;
284 558 317 608 et
330 545 485 627 quoniam
501 561 566 608 uon
581 551 717 620 constat,
731 557 796 622 quc
822 537 963 622 primunt
979 546 1120 620 tempore
1135 555 1275 600 canones
1290 555 1368 602 con·

63 659 119 724 diti
133 658 172 724 ad
187 659 274 724 banc
300 677 366 722 rem
380 651 507 734 tuerint,
524 665 556 718 et
583 670 666 718 usus
678 649 878 728 Latinorum,
895 650 995 713 immo
1010 658 1043 712 et
1058 647 1285 712 universarum
1302 649 1368 712 Oc·

62 768 266 832 cidsntalium
293 761 516 830 Ecclesiarum
532 762 605 828 talis
630 761 773 845 adparat,
801 771 838 823 ut
852 760 922 842 ejus
937 759 1020 822 initii
1036 753 1130 822 nulla
1143 769 1232 820 extet
1247 777 1369 822 memo-

62 880 116 956 n's,
130 875 222 942 facile
237 875 449 954 concluditur,
472 891 549 938 cum
563 872 606 936 ab
621 871 691 954 ipsa
706 869 890 954 Apostolica
920 881 1034 950 aerata,
1049 867 1163 932 autad
1180 869 1251 951 ipsa
1265 869 1368 952 Apos-

61 988 151 1051 tolica
165 997 313 1068 tempora
326 983 423 1048 valde
448 983 597 1066 proxima
613 979 800 1044 invaluisse.
844 979 980 1063 Legitur
1000 979 1134 1062 quidem
1149 978 1237 1064 apud
1254 979 1286 1043 S.
1303 979 1369 1062 Cy·

61 1096 204 1176 priscum
221 1093 255 1156 in
281 1091 372 1174 epist.
387 1089 448 1167 te,
464 1089 631 1154 Nouatum
656 1087 833 1171 quemdam
849 1087 1048 1171 Episcopum
1072 1087 1264 1152 Africanum
1278 1089 1371 1152 calca

58 1200 250 1282 percussisse
276 1217 411 1262 uxorem
436 1215 540 1276 suam,
567 1216 652 1279 quae
677 1197 797 1262 exinde
826 1197 1008 1262 abortivum
1035 1194 1137 1260 fetum
1162 1198 1281 1262 emisit
1324 1200 1371 1263 tt

57 1310 186 1374 absarro
201 1308 371 1390 imprimis,
397 1307 603 1389 cyprianum
617 1303 737 1370 ibidem
763 1323 830 1370 non
845 1315 1019 1370 memorate
1045 1312 1144 1388 grave
1160 1304 1243 1368 illud
1258 1305 1368 1369 Nova·

59 1421 226 1494 ticrimem
241 1417 336 1500 quasi
352 1415 533 1496 admissum
549 1427 622 1498 post
635 1413 791 1498 adeptum
818 1413 1063 1498 Episcopatum,
1078 1425 1111 1477 et
1125 1414 1258 1497 proinde
1272 1435 1315 1478 ex
1329 1435 1369 1480 cc

59 1529 181 1612 probari
195 1545 263 1594 non
280 1545 385 1610 posse,
399 1524 568 1590 Nosattun
576 1526 647 1608 jam
663 1523 863 1608 Episcopum
879 1535 936 1588 aut
950 1526 1155 1588 contraxisse
1169 1525 1368 1609 conjugium,

57 1637 228 1704 autiuisse
253 1637 403 1720 conjugio
419 1653 525 1700 usum.
570 1633 697 1698 Deinde
725 1633 869 1713 observo,
896 1633 1063 1698 Nouatum
1089 1635 1183 1699 illum
1209 1646 1369 1717 tanquam

57 1744 142 1808 vitiis
154 1743 315 1822 deditum,
327 1755 359 1808 et
382 1742 543 1826 perditum
558 1739 760 1808 huminema
775 1743 941 1826 Cypriane
966 1746 1218 1823 commemorari,
1234 1759 1366 1824 etcum,

56 1856 109 1938 qui
124 1856 210 1920 iuter
224 1865 351 1918 caetera
376 1873 415 1916 ec
428 1851 628 1936 flagitiorum
641 1852 826 1931 devenerat,
841 1861 878 1914 ut
904 1862 1069 1934 parentem
1092 1872 1191 1917 suum
1205 1853 1370 1918 interfece-

55 1963 102 2042 rit;
116 1981 259 2043 eamque
275 1961 317 2024 ob
342 1981 409 2026 rem
423 1962 612 2045 conjugium
637 1960 727 2024 illius
743 1959 897 2044 Episcopi
926 1961 992 2024 tale
1005 1961 1117 2026 haberi
1132 1981 1197 2028 non
1213 1983 1315 2048 posse,
1331 1977 1369 2032 ut

54 2074 183 2138 dicatur
196 2074 323 2156 legibus
348 2072 575 2138 ecclesiasticis
590 2073 676 2137 illius
702 2072 823 2136 saectrli
851 2085 1116 2140 consentaneum.
1161 2076 1212 2140 De
1232 2078 1369 2144 snbdie·

54 2199 212 2244 concrum
227 2179 357 2259 Ordine,
373 2199 430 2261 qur
456 2198 516 2243 nec
531 2199 665 2262 semper,
681 2199 742 2244 nec
769 2181 889 2264 ubique
905 2182 987 2245 inter
1001 2184 1137 2268 majores
1151 2197 1185 2249 et
1199 2206 1308 2250 sacros
1322 2207 1368 2252 re-

53 2290 254 2364 censebatur,
271 2309 337 2354 nou
364 2287 451 2352 idem
466 2288 545 2352 olim
568 2289 800 2352 observabatur
814 2289 903 2372 apud
932 2309 1054 2370 omues,
1071 2312 1144 2358 can.
1162 2295 1210 2360 13.
1226 2295 1299 2361 dist.
1315 2299 1368 2364 32.

54 2397 204 2462 Primum
230 2397 381 2460 Ecclesia
409 2397 561 2462 Romana
585 2396 804 2462 Subdiaccnis
828 2398 934 2482 legem
957 2403 1176 2469 continentiae
1205 2405 1367 2493 imposuit,

52 2527 122 2572 can.
141 2508 173 2571 l.
196 2505 270 2569 dist
284 2506 347 2584 28,
373 2525 445 2570 can.
463 2507 491 2569 1.
506 2505 580 2570 dist
595 2507 656 2584 31,
682 2525 754 2570 can.
773 2508 799 2570 1.
816 2507 889 2572 dist.
905 2507 966 2587 32,
993 2509 1162 2574 Ecclesiae
1181 2523 1291 2578 autem
1306 2515 1370 2580 Ro-

53 2635 176 2680 manae
200 2615 374 2698 discipline
387 2633 452 2680 nou
479 2615 541 2678 nisi
557 2614 660 2680 serius
674 2614 718 2678 ed
742 2615 825 2678 alias
841 2613 1008 2680 Ecclesiae
1038 2616 1188 2680 traducta
1201 2631 1258 2698 est,
1276 2621 1367 2685 nimi·

53 2747 124 2791 mm
139 2725 276 2788 macuto
300 2735 394 2786 sexto
408 2723 441 2786 in
467 2723 672 2805 Hispaniam,
699 2742 772 2788 can.
795 2727 825 2788 ὅ.
841 2723 915 2788 dist.
941 2725 1001 2804 37,
1018 2723 1148 2788 saeculo
1172 2726 1309 2808 septimo
1334 2727 1368 2794 in

52 2833 212 2910 Siciliam,
226 2849 298 2894 can.
316 2833 343 2894 1.
370 2830 443 2894 dist
458 2831 520 2910 31,
545 2851 617 2896 cau.
633 2833 663 2895 2.
679 2831 752 2896 dist.
769 2833 832 2912 32,
857 2845 890 2895 et
904 2832 1064 2916 paulatim
1079 2835 1112 2898 in
1128 2834 1211 2898 alias
1236 2837 1368 2902 Provin-

51 2947 129 3021 cias,
146 2941 252 3004 donec
281 2939 415 3004 tandem
440 2940 564 3004 factum
578 2950 637 3017 est,
663 2951 700 3004 ut
725 2939 759 3004 id
785 2941 819 3004 in
845 2941 1052 3022 Universum,
1068 2956 1100 3008 et
1125 2948 1369 3029 genenttterac

52 3055 120 3114 sine
149 3048 337 3114 discrimine
352 3048 574 3126 custodiretur,
600 3067 673 3112 can.
688 3049 720 3112 2.
744 3047 819 3112 dist.
834 3049 895 3130 28,
919 3070 990 3113 can.
1019 3053 1078 3131 10.,
1094 3063 1127 3115 et
1143 3055 1191 3116 ll.
1218 3054 1291 3118 dist.
1307 3056 1367 3138 32,

51 3182 90 3224 ex
104 3160 289 3242 quostiam
316 3156 493 3240 proiectum
509 3155 578 3237 fuit,
595 3167 631 3221 ut
658 3157 858 3240 postularent
881 3160 1089 3242 §abducent
1115 3183 1151 3226 se
1165 3165 1247 3229 inter
1261 3187 1369 3232 sacros

51 3267 261 3332 administros
287 3265 463 3344 adcenseri,
478 3268 635 3347 quoniam
660 3267 780 3332 exinde
794 3269 894 3334 Sacer
920 3271 998 3334 ordo
1024 3271 1289 3342 subdiaconatus
1304 3277 1368 3342 dici

53 3387 187 3460 poterat
230 3375 465 3440 luminaribus
490 3375 659 3438 ordinibus
684 3379 868 3443 constitutis
894 3380 985 3444 licuit
1000 3401 1126 3466 semper
1150 3387 1281 3468 nuptias
1295 3407 1372 3454 con·

53 3488 190 3565 trahere,
205 3485 269 3549 nisi
284 3495 393 3548 tamen
419 3493 529 3546 essent
544 3483 696 3548 monachi
711 3493 732 3551 a
748 3489 936 3554 monasticis
961 3492 1004 3554 ad
1019 3493 1237 3560 ecclesiastica
1262 3499 1370 3566 officia
1439 3519 1443 3534 ·

54 3593 211 3668 translati,
237 3609 309 3654 can.
338 3589 387 3654 rt.
413 3589 487 3654 dist.
513 3591 574 3671 32,
601 3591 740 3657 Novella
765 3596 940 3662 Justiniani
957 3601 987 3663 5.
1014 3621 1084 3687 cap.
1100 3603 1131 3668 8.
1176 3605 1220 3669 Et
1235 3607 1369 3689 quidem

51 3700 129 3764 clim
147 3698 287 3760 minores
314 3697 430 3762 Clerici
444 3699 480 3762 ln
501 3700 617 3762 minori
643 3702 821 3768 ministerio
844 3709 1115 3791 conclamasset
1140 3733 1257 3780 uxores
1273 3717 1368 3784 duce.

53 3809 141 3882 bant,
157 3816 189 3868 et
212 3825 348 3870 uxorem
362 3806 600 3872 consuetudine
626 3811 807 3896 utebantur,
825 3835 973 3900 quosque
999 3821 1105 3904 viguit
1119 3844 1159 3886 ea
1184 3826 1366 3913 disciplina,

48 3919 145 4000 juxta
159 3935 260 3996 quarn
275 3915 332 3996 qui
347 3915 380 3978 iu
398 3917 578 3980 uulneribus
599 3919 841 4006 ordinabantur,
858 3927 892 3992 itt
914 3929 953 3992 iis
968 3944 1123 4015 perpetuo
1138 3940 1364 4024 consistebam

52 4025 154 4086 immo
167 4033 199 4084 et
215 4021 248 4086 in
274 4023 527 4106 Carthaginensi
543 4025 694 4092 Ecclesia
707 4033 831 4097 scimus
846 4035 1025 4119 aliquando
1050 4055 1208 4112 statutum
1225 4049 1267 4112 ad
1282 4030 1365 4116 cccr-

50 4130 172 4194 ceudos
187 4131 271 4194 intra
297 4143 401 4194 certas
415 4133 634 4200 continentiae
661 4137 748 4222 leges
763 4144 903 4210 minores
927 4148 1077 4234 Clericus,
1094 4165 1130 4220 ut
1155 4157 1304 4222 Lectores
1313 4163 1365 4245 ju·

53 4239 209 4318 besentun,
233 4259 312 4304 cum
336 4239 378 4304 ad
400 4261 504 4306 annos
530 4243 708 4327 pubertatis
731 4255 953 4333 pervenissent
979 4261 1135 4348 (intellige
1160 4267 1290 4350 plenam
1306 4289 1363 4352 ptr·

52 4349 216 4430 bertatern,
242 4361 374 4434 atquae
389 4351 565 4434 vigessimo
590 4375 679 4422 annu
707 4361 930 4445 complebatur
948 4371 1046 4454 Juxta
1071 4374 1363 4459 interpretationem

54 4455 161 4520 Alexii
190 4457 332 4526 Aristeui
362 4459 406 4522 ab
431 4459 604 4531 Harduitto
627 4470 884 4561 comprobatam)
913 4489 972 4542 aut
1001 4497 1119 4548 uxores
1149 4485 1274 4569 ducere,
1304 4505 1363 4558 snt
