3210 4990
179 391 241 460 tat
620 409 862 461 oresaaracro
884 409 1035 458 vanata.

176 545 220 602 ta.
263 533 443 600 &annuos
458 531 589 602 festivos
603 532 672 634 dies
697 533 858 615 dixerunt,
873 551 915 604 ne
929 533 1012 598 inter
1025 550 1126 598 unam
1142 529 1431 608 denuntiationem,
1445 537 1479 594 et

176 640 276 706 aliam
292 639 483 706 diuturnum
498 651 626 724 ternpus
640 641 782 730 allueret,
804 661 847 704 ex
868 659 933 723 qno
947 641 1005 724 qui
1020 637 1200 706 secundam
1214 658 1264 704 ex.
1280 657 1332 722 gr.¹
1342 637 1478 719 audivit,

172 749 243 834 jam
257 751 362 833 potuit
375 751 515 834 primam
529 750 751 816 verosimiliter
764 749 920 814 oblivisci.
963 749 1188 819 Quamobrem
1210 748 1238 812 si
1263 747 1341 812 forte
1355 750 1480 814 contin·

177 869 241 944 gat,
257 879 324 924 uno
339 859 391 924 die
405 857 520 924 festivo
545 859 729 924 Paroclrurn
753 857 833 922 forte
856 858 1012 922 memoria
1032 857 1171 941 lapsum,
1192 858 1343 942 postiam
1357 855 1480 924 neem

176 966 324 1050 primam,
339 978 397 1033 aut
411 967 591 1036 secandam
601 965 889 1048 denuntiationem,
911 967 1058 1032 omisisse
1073 968 1199 1032 tertiam
1212 985 1280 1032 non
1293 977 1380 1050 puto,
1396 965 1481 1030 adeo

143 1147 147 1154 Ι
176 1072 315 1156 rigidam
330 1075 621 1158 interpretationem
635 1093 705 1164 esse
720 1073 929 1157 adigendam
944 1073 1138 1138 Tridentino
1149 1073 1283 1154 decreto,
1299 1083 1356 1138 aut
1370 1075 1482 1156 singu-

178 1173 230 1239 lae
255 1177 515 1244 denuntiationes
541 1181 746 1244 renovandae
769 1183 843 1260 sint,
864 1182 960 1264 quasi
981 1181 1092 1246 nullae
1113 1199 1152 1244 eo
1167 1199 1271 1264 usque
1284 1179 1389 1246 factae
1403 1180 1485 1246 fuis·

176 1297 258 1350 sent.
302 1287 442 1354 Nomine
456 1289 582 1354 dierum
596 1289 786 1356 festivorum
800 1289 1013 1372 intelligimus
1027 1290 1096 1354 dies
1111 1289 1242 1354 festivos
1266 1309 1309 1354 ex
1334 1309 1486 1373 praecep-

178 1403 211 1456 to
237 1394 412 1476 Ecclesiae,
441 1397 512 1460 illos
538 1377 700 1478 nimirum,
726 1398 845 1480 quibus
860 1397 1010 1481 frequens
1035 1419 1106 1464 esse
1130 1399 1212 1463 solet
1236 1399 1383 1464 fidelium
1407 1418 1485 1464 con-

178 1523 294 1572 cursus
319 1507 362 1570 ad
387 1507 581 1591 Ecclesiam3
608 1527 675 1590 qua
699 1508 734 1571 in
758 1505 939 1590 frequentia
959 1507 1088 1572 facilius
1110 1509 1274 1572 Perochus
1289 1509 1486 1592 investigare

179 1615 288 1698 possit,
304 1615 332 1680 si
346 1635 433 1698 quae
447 1628 524 1682 sunt
548 1618 699 1702 propositi
724 1619 867 1702 conjugii
892 1618 1131 1702 impedimenta
1176 1620 1281 1684 Nemo
1294 1619 1436 1704 profecto
1449 1624 1486 1688 in

179 1727 376 1792 contrarium
390 1725 528 1812 proferat
539 1730 728 1812 rescriptum
739 1728 919 1796 Alexandri
932 1731 988 1795 ΙΙΙ.
1002 1731 1036 1796 in
1046 1749 1117 1814 cap.
1129 1731 1158 1795 3.
1171 1731 1211 1796 de
1225 1741 1356 1821 tempor.
1372 1733 1487 1815 ordin,

180 1832 295 1918 inquo
310 1855 386 1902 curn
411 1837 543 1922 legatur,
571 1839 761 1917 Dominicis,
788 1848 820 1902 ct
844 1838 916 1902 aliis
931 1839 1072 1923 festivis
1097 1838 1211 1904 diebus
1235 1839 1376 1906 clericos
1390 1861 1488 1922 posse

181 1947 218 2014 in
252 1949 430 2014 minoribus
457 1950 607 2032 ordinari,
643 1950 793 2016 nonnulli
828 1951 1032 2034 scripserunt,
1069 1952 1200 2016 nomine
1235 1951 1362 2018 dierum
1398 1952 1487 2018 sesti-

181 2075 297 2126 vornm
319 2078 384 2124 non
407 2061 544 2144 intelligi
567 2059 637 2126 dies
660 2059 792 2124 festivos
806 2059 847 2126 de
861 2069 1039 2143 praecepto.
1082 2059 1128 2124 Ut
1141 2060 1229 2124 enim
1243 2061 1401 2143 omittam,
1417 2081 1487 2128 non

181 2165 264 2232 adeo
279 2187 408 2234 securos
422 2189 493 2234 esse
508 2189 601 2252 posse
616 2169 693 2234 istos
708 2169 908 2254 Imenaretes,
923 2180 960 2234 ut
971 2170 1136 2234 neminem
1150 2169 1328 2252 inveniant,
1339 2172 1397 2254 qui
1410 2191 1489 2238 con·

182 2275 327 2358 trudicat,
341 2277 520 2360 etquidem
535 2299 577 2342 ex
591 2278 792 2361 gramssimis
802 2279 885 2362 iuris
899 2278 1106 2344 ecclesiastici
1120 2279 1306 2364 cultoribns;
1334 2285 1413 2348 sads
1427 2283 1491 2348 erit

181 2383 360 2465 observare,
385 2385 485 2452 finem
508 2387 776 2454 Tridentiuorum
801 2387 938 2452 Petrum
963 2387 1047 2454 illud
1075 2389 1300 2472 postulavisse,
1326 2391 1382 2474 qui
1403 2393 1492 2457 alias

182 2493 318 2560 obtineri
352 2514 419 2560 non
453 2506 584 2580 poterat,
621 2495 687 2562 nisi
721 2497 852 2560 nomine
888 2496 1079 2564 festivorum
1107 2497 1235 2566 dierum
1270 2501 1489 2586 intelligeren-

184 2613 236 2672 tur
249 2605 356 2670 festivi
370 2605 412 2671 de
426 2615 603 2690 praecepto.
646 2603 721 2670 Non
735 2602 917 2685 defuerunt,
932 2607 990 2688 qui
1014 2617 1172 2689 putarent,
1199 2605 1268 2672 fieri
1282 2607 1380 2672 etiam
1395 2627 1492 2692 posse

184 2709 446 2780 denuntiationes
474 2711 590 2778 diebus
619 2713 754 2780 minime
782 2712 920 2793 festivis,
949 2715 1218 2797 quotiescumque
1246 2715 1321 2780 talis
1349 2735 1494 2800 emerge·

184 2830 232 2887 ret
245 2821 323 2901 dies,
338 2841 404 2904 quo
419 2821 700 2906 frequentissimus
722 2831 816 2902 esset,
833 2832 867 2886 et
887 2820 1004 2888 festivo
1028 2821 1145 2888 similis
1170 2831 1352 2888 conventus
1377 2823 1492 2906 populi

184 2928 226 2998 od
253 2929 446 3012 Ecclesiam,
472 2932 566 3014 quasi
592 2943 664 2998 turn
688 2930 789 2996 urenti
814 2929 1000 2996 Tridentini
1029 2928 1166 2996 Consilii
1187 2927 1215 2992 si
1230 2945 1296 2994 non
1311 2930 1426 3009 verbis,
1440 2947 1494 2994 aa·

185 3033 351 3096 unaarum
365 3045 436 3090 esse
452 3039 608 3090 vitientur.
651 3037 728 3106 ligo
743 3053 807 3086 nun
823 3049 911 3105 puna,
925 3037 1008 3092 adeo
1029 3035 1131 3100 iatam
1152 3035 1338 3102 Tridentini
1352 3034 1493 3100 concilii

186 3133 486 3220 interpretationem,
502 3150 587 3217 quaa
602 3127 772 3194 manifeste
785 3126 931 3212 eiusdem
945 3131 1051 3194 verbis
1070 3141 1257 3220 refragatur,
1273 3152 1382 3208 ,utum
1396 3142 1496 3208 pm.

186 3245 288 3312 mum
302 3261 396 3326 posse
409 3239 551 3322 reddere3
567 3239 670 3306 satius
691 3234 824 3321 proinde
848 3235 915 3314 erit,
931 3245 1011 3298 tuuc
1034 3238 1056 3300 a
1079 3230 1379 3298 denuntiationibus
1393 3233 1497 3296 abati·

188 3371 278 3431 nere3·
291 3368 385 3414 secus
399 3349 579 3432 periculum
593 3367 664 3411 esse
673 3365 781 3430 grave,
796 3363 837 3410 ne
851 3341 1052 3426 frequentiae
1072 3342 1308 3424 cujuscumque
1323 3353 1497 3426 praetextu

189 3458 284 3526 facite
298 3459 360 3524 sibi
371 3459 507 3524 Parochi
522 3455 753 3536 blandirentur,
766 3465 800 3522 et
812 3454 972 3540 paulatim
987 3454 1171 3522 Tridentini
1196 3452 1334 3519 Concilii
1354 3452 1498 3537 discipli·

190 3588 236 3636 na
248 3569 471 3652 negligeretur,
488 3566 658 3632 autetiam
672 3565 804 3632 annno
824 3574 993 3644 corrueret,
1014 3559 1295 3646 quemadmodum
1308 3579 1351 3626 ex
1364 3557 1498 3626 defectu

191 3677 392 3750 Parochialis
406 3675 634 3742 sollicitudinis
648 3674 726 3740 olim
740 3681 900 3738 corruerat
921 3669 1094 3755 disciplina
1105 3668 1243 3736 Ooueilii
1254 3667 1498 3750 lateranensis,

192 3791 239 3856 ita
252 3789 388 3854 docente
402 3785 592 3870 quotidiana
605 3801 713 3859 rerum
726 3783 947 3848 humanarum
961 3777 1167 3868 experientia,
1182 3793 1267 3858 quae
1292 3783 1435 3852 natatur,
1448 3792 1502 3838 re-

193 3895 303 3966 laxato
318 3894 482 3980 paulisper
505 3892 615 3976 legum
633 3891 749 3974 rigore,
774 3887 934 3975 paulatim
958 3898 993 3951 et
1009 3885 1132 3950 sensim
1154 3883 1241 3968 leges
1263 3881 1351 3964 ipsas
1365 3878 1498 3964 penitus

192 4005 372 4092 aliquando
386 4003 523 4070 interire.

237 4119 482 4198 Prosequuntur
496 4109 682 4178 Tridentini
692 4109 811 4188 Patres,
827 4117 860 4171 et
869 4107 970 4192 aiunt,
984 4107 1023 4170 ia
1037 4105 1190 4170 Ecclesia
1203 4103 1291 4168 inter
1306 4100 1502 4168 Missurum

195 4227 356 4296 aemuia
365 4221 497 4310 publice
511 4219 771 4286 denuntiationes
785 4215 854 4280 fieri
868 4225 1020 4300 oportere.
1064 4212 1107 4277 In
1128 4212 1283 4278 Ecclesia
1298 4212 1448 4295 primum,
1464 4209 1502 4276 id

196 4347 254 4415 est,
269 4337 303 4400 iu
318 4334 387 4398 loco
402 4350 491 4396 sacra
505 4329 548 4396 ad
570 4337 768 4394 conventum
790 4322 1090 4410 populidestinato,
1113 4319 1265 4386 aiveina
1287 4320 1329 4384 ait
1349 4317 1505 4384 Ecclesia

198 4446 269 4532 ipse
291 4440 498 4524 Perochialis,
513 4437 663 4506 sive-alia
677 4451 903 4524 quaecumque
917 4431 1001 4497 iutra
1016 4427 1192 4496 Parochiae
1214 4427 1332 4510 limites
1345 4423 1505 4492 consum·
