3216 4988
220 403 286 468 250
459 426 548 474 rans
566 431 691 492 entur,
710 431 956 480 nrsennrnrro
974 401 1126 499 sirum,
1148 441 1225 484 car.
1241 420 1296 486 IV.

216 561 330 608 omnes
347 557 456 611 tamen
484 561 622 615 conatus
638 553 801 616 adhibitos
815 555 977 638 adparere,
1006 571 1042 622 ut
1057 560 1140 622 intra
1154 571 1257 624 certos
1272 561 1421 636 terminos
1434 583 1506 627 coer·

217 664 372 734 cerentur,
400 677 483 738 quos
498 677 593 722 nemo
620 663 901 744 transgrederetur,
928 667 1023 745 quasi
1048 667 1194 736 Quirites
1220 671 1363 732 contenti
1386 669 1507 734 luissent

216 762 365 841 graviora
379 763 543 844 damnare,
573 767 704 849 iusuper
718 769 838 832 habitis
865 770 1046 851 levioribus,
1074 772 1189 838 eadem
1210 773 1276 838 sere
1300 777 1507 859 rationepqru

215 868 407 946 generaliter
420 883 554 934 ceritum
569 881 625 950 est,
653 873 688 936 in
702 877 865 956 emptione
881 878 1067 940 venditione
1092 881 1221 962 aequali
1244 883 1343 964 pretio
1363 901 1428 946 rem
1444 903 1506 947 ven-

213 971 315 1035 ditam
331 975 471 1058 appendi
485 989 639 1060 oportere,
666 980 748 1042 alias
765 991 875 1046 autem
890 997 1073 1048 contractus
1089 986 1161 1050 illos
1178 987 1335 1068 damnari,
1361 1002 1394 1054 et
1409 993 1506 1073 poenis

213 1082 365 1165 legitimis
381 1087 494 1170 subjici
520 1107 586 1152 non
601 1090 753 1172 expedire
764 1092 947 1174 judicatum
963 1106 1019 1173 ost,
1043 1096 1212 1177 inquibus
1233 1117 1298 1162 non
1314 1103 1423 1182 gravis
1436 1111 1505 1164 esset

209 1192 319 1273 justae
331 1193 567 1256 aestimationis
582 1215 745 1276 excessus,
762 1199 781 1260 l.
798 1200 828 1261 8.
841 1199 923 1263 cod:
938 1200 978 1264 de
994 1201 1127 1267 rescind.
1145 1202 1239 1266 vend.
1283 1205 1369 1267 Mihi
1381 1225 1463 1282 seue,
1476 1217 1503 1266 ut

212 1319 327 1366 verum
343 1302 452 1382 fatear,
475 1304 517 1366 ad
535 1305 596 1368 has
612 1307 728 1370 incitas
745 1307 845 1390 redigi
861 1321 1093 1392 argumentum
1114 1311 1249 1376 minime
1264 1311 1379 1394 placet,
1395 1325 1429 1376 ut
1443 1332 1503 1374 usn·

212 1429 267 1474 rae
282 1412 465 1493 permissae,
482 1431 547 1475 non
562 1414 714 1494 probatae
729 1416 880 1478 Romano
889 1417 960 1499 jure
975 1413 1135 1495 dicantur,
1151 1417 1301 1498 exemplo
1316 1418 1416 1500 protii,
1429 1415 1502 1498 quod

211 1519 258 1582 rei
275 1520 425 1582 venditae
441 1521 698 1584 aestimationem
714 1522 878 1604 paulisper
892 1523 1038 1604 excedat;
1054 1523 1175 1586 etenim
1187 1522 1222 1584 in
1234 1525 1336 1604 pretio
1351 1543 1451 1586 reruru
1465 1531 1501 1584 ut-

210 1641 283 1714 pote
298 1629 478 1693 admodum
505 1649 598 1712 vago,
626 1651 686 1694 nec
710 1633 788 1695 sutis
813 1643 898 1695 oertc
921 1632 1115 1712 definiendo,
1142 1651 1208 1696 uon
1222 1635 1339 1697 eadem
1365 1635 1501 1704 lanceati

209 1739 385 1819 quisquam
401 1747 517 1819 posset,
544 1753 610 1819 qua
627 1749 768 1802 uteretur
784 1741 817 1802 in
843 1741 1042 1806 restitutione
1057 1749 1162 1804 certae
1177 1740 1368 1824 quantitatis
1392 1741 1422 1802 in
1435 1739 1500 1800 obli·

208 1847 372 1937 gailonem
388 1845 557 1923 deductae,
585 1848 679 1930 quus
694 1845 839 1910 definitio
856 1847 981 1929 liquida
996 1859 1053 1924 est,
1069 1857 1100 1908 et
1115 1845 1238 1908 nullius
1258 1855 1307 1908 est
1323 1844 1444 1908 arbitrio
1457 1843 1501 1902 ob

208 1956 318 2017 noxia
364 1953 415 2016 Eo
430 1953 540 2016 minus
555 1951 635 2016 mihi
658 1953 784 2035 placere
799 1965 902 2036 potest
915 1955 1051 2037 injuriae
1066 1953 1162 2034 plone
1185 1952 1315 2016 illorum
1329 1951 1440 2034 opinio,
1454 1947 1502 2030 qul

209 2061 348 2124 scribere
364 2079 429 2124 non
444 2059 685 2140 dubitaverunt,
704 2081 819 2126 usuras
834 2062 1003 2134 Quiritum
1014 2063 1086 2143 J'ure
1101 2060 1235 2142 probari,
1253 2061 1386 2152 insuper
1405 2069 1502 2120 autom
1584 2091 1585 2094 =

205 2171 396 2235 habendum
408 2190 482 2234 esse
503 2173 558 2254 jus
574 2169 665 2247 illud,
682 2172 769 2250 quod
785 2174 819 2234 in
842 2173 905 2236 bac
922 2182 1010 2254 parte
1025 2171 1145 2250 divino,
1160 2182 1192 2234 et
1213 2171 1426 2234 ecclesiastico
1442 2166 1501 2252 (ad-
1584 2163 1585 2172 ’

205 2279 280 2342 dere
296 2281 481 2362 potuissent,
499 2279 652 2364 naturali)
670 2279 735 2362 juri
750 2279 947 2342 adversetur.
991 2259 1067 2342 Non
1080 2277 1115 2340 id
1129 2288 1179 2340 est
1200 2277 1296 2358 aequi
1319 2278 1392 2340 boni
1406 2275 1500 2338 lacere

206 2385 461 2451 sollicitudinem
487 2386 577 2462 illam
593 2405 658 2450 non
682 2383 884 2465 mediocrem,
910 2405 977 2467 qua
998 2395 1196 2468 curaverunt
1220 2377 1442 2448 Romanarum
1467 2381 1502 2444 le

206 2513 285 2577 gum
302 2489 489 2573 conditurae,
516 2505 561 2572 ut,
585 2493 693 2575 quoad
720 2493 789 2558 lieri
814 2504 929 2576 posset,
957 2495 1103 2558 usuraria
1129 2493 1290 2574 cupiditas
1308 2503 1501 2558 coerceretur.

207 2599 383 2682 Quidquid
397 2600 485 2664 enim
501 2617 597 2680 saepe
613 2617 651 2662 ac
666 2599 796 2680 saepius
811 2599 1041 2680 rescripserunt
1059 2599 1115 2678 illi,
1132 2617 1248 2662 usuras
1265 2610 1337 2662 utut
1351 2599 1503 2662 minuscu-

206 2707 264 2786 las,
281 2721 313 2771 et
328 2711 507 2791 legitimam
533 2711 748 2792 quantitatem
763 2729 829 2774 non
844 2712 1045 2790 excedentes,
1069 2730 1134 2774 non
1148 2711 1210 2774 nisi
1226 2721 1298 2792 post
1321 2731 1442 2774 moram
1456 2709 1501 2772 de·
1583 2787 1584 2806 ,

204 2817 279 2900 beri,
296 2819 396 2882 immo
419 2817 484 2884 'nec
499 2819 677 2900 aliquando
700 2819 847 2882 sufficere
872 2837 1116 2900 quamcumque
1141 2836 1274 2894 morem,
1302 2819 1359 2884 sed
1373 2829 1442 2880 tum
1456 2816 1501 2878 de·

208 2947 307 3006 mum,
323 2945 400 2990 cum
416 2937 528 2990 secuta
549 2926 664 2990 fuisset
674 2925 839 3009 judicialis
854 2923 1082 3006 interpellatio?
1125 2921 1297 3004 Quidquid
1322 2923 1355 2986 in
1370 2935 1503 2984 eontrac-

202 3033 289 3096 tibus
304 3034 404 3095 stricti
415 3033 497 3115 juris
525 3051 641 3098 usuras
656 3042 729 3094 utut
755 3029 957 3094 minusculas
973 3047 1038 3092 non
1063 3028 1181 3105 deberi,
1205 3028 1325 3108 pluries
1347 3025 1503 3090 decretum

206 3153 262 3218 est,
279 3141 340 3204 nisi
357 3150 497 3222 pactum,
524 3149 582 3202 eut
596 3137 759 3220 stipulatio
774 3139 952 3200 contractui
968 3137 1092 3218 adjecta
1107 3134 1229 3214 fuisset,
1256 3153 1458 3216 quamquam
1474 3133 1503 3193 in

201 3253 420 3330 contractibus
435 3250 540 3312 bonae
567 3247 643 3312 fidei
659 3248 788 3312 arbitrio
798 3247 919 3328 judicis
944 3245 986 3308 ad
1003 3245 1242 3310 resarciendum
1269 3245 1432 3328 probabile
1446 3261 1503 3304 cre

201 3357 312 3420 ditoris
336 3357 497 3422 damnum
524 3355 608 3438 rigor
619 3355 700 3436 juris
727 3353 938 3416 relaxaretur?
982 3353 1231 3432 Soceruaturid,
1257 3355 1346 3434 quod
1369 3356 1502 3425 interest

202 3469 244 3530 ab
260 3487 366 3546 usura,
392 3477 424 3530 et
437 3465 562 3548 quoties
577 3465 747 3528 Romarrae
763 3465 850 3545 leges
865 3471 885 3528 a
900 3463 1053 3528 creditore
1076 3465 1141 3546 peti
1158 3474 1286 3528 tantum
1301 3484 1406 3548 posse,
1421 3461 1502 3546 quod

202 3575 272 3654 ejus
287 3573 419 3650 intersit,
447 3571 640 3634 stabilivisse
665 3571 823 3649 dicantur,
851 3572 1017 3634 Romanas
1031 3553 1120 3653 ipses
1145 3572 1233 3654 leges
1258 3577 1280 3636 a
1301 3589 1503 3653 quacumque

201 3681 383 3760 iniquitatis
399 3690 476 3742 nota
498 3678 747 3742 vindicabimus.
791 3680 878 3750 Quis
893 3678 1027 3757 dubitat,
1041 3677 1229 3742 creditorem
1253 3680 1403 3759 persequi
1419 3695 1505 3759 posse

202 3785 272 3845 sine
289 3801 406 3846 usurae
424 3785 507 3862 vitio,
534 3786 620 3865 quod
638 3804 698 3848 sua
713 3785 852 3863 interest,
868 3783 955 3866 quod
971 3785 1091 3876 interea
1106 3783 1244 3846 caruerit
1264 3801 1304 3846 ea
1318 3785 1503 3864 quantitate,

201 3895 360 3975 quaesibi
387 3893 529 3974 debetur,
544 3907 588 3958 ,et
602 3913 702 3974 quam
718 3897 744 3957 si
760 3896 937 3974 habuisset,
960 3905 1018 3958 aut
1035 3895 1193 3958 damnum
1216 3893 1365 3974 evitasse,
1389 3907 1449 3956 ant
1463 3894 1503 3954 lu·

200 4019 291 4064 crum
308 4001 515 4082 percepissctl
558 4002 602 4062 At
620 4000 794 4080 veroquod
810 4001 946 4079 interest,
963 4001 1036 4081 quis
1052 3999 1146 4062 facile
1161 3998 1347 4062 definivisse
1366 3995 1504 4080 generali
1581 4025 1582 4080 i

201 4108 313 4190 regula
326 4109 368 4170 ob
383 4108 577 4190 multiplices
601 4107 810 4188 negotiorum,
827 4125 1045 4190 personarum,
1068 4126 1107 4170 ac
1123 4119 1303 4197 temporum
1318 4101 1502 4188 qualitates?
1581 4087 1582 4104 ¹

201 4217 301 4284 Quod
317 4218 343 4276 si
360 4215 450 4280 locus
466 4217 499 4278 in
514 4215 652 4296 singulis
667 4215 851 4296 quibusque
866 4215 974 4278 causis
990 4212 1120 4277 dandus
1133 4211 1248 4277 suisset
1264 4209 1503 4292 probationibus

201 4321 368 4400 injudicio
394 4320 537 4398 edendis,
564 4321 791 4400 inhumanum,
807 4333 863 4385 aut
880 4321 1008 4386 incivile
1035 4321 1149 4390 saltem
1177 4318 1348 4396 videretur,
1377 4321 1502 4384 credito·

201 4443 267 4488 rem
285 4427 346 4488 illis
374 4427 551 4493 obnoxium
567 4426 678 4507 lacere,
706 4429 838 4522 quaein
855 4428 917 4492 hac
943 4439 1032 4510 parte
1048 4425 1225 4490 admodum
1252 4425 1377 4490 arduae
1400 4427 1504 4504 forent,
