3146 4980
191 401 255 472 324
494 467 499 474 ,
536 421 779 468 mesaarsrro
794 421 922 486 saxrr,
938 405 1145 484 cursarii.

192 543 373 610 concubina
387 543 454 608 uati
480 553 557 608 suut
572 542 670 624 liberi,
686 543 849 628 iidemque
859 545 955 630 juxta
965 547 1056 630 juris-
1068 547 1209 614 Romani
1223 548 1323 614 etiem
1340 547 1498 616 iustinia-

189 655 242 720 nei
256 651 414 738 principia
427 653 601 716 naturales.
645 653 775 718 Mortuo
789 663 889 736 patre,
910 653 998 720 filius
1014 654 1064 719 sni
1074 655 1156 739 juris
1169 653 1313 734 effectus,
1327 671 1408 720 cum
1420 673 1497 720 con·

189 760 308 826 cubina
323 776 385 826 sua
398 761 529 845 nuptias
543 761 712 828 contraxit.
755 762 896 832 Quoties
909 760 945 824 in
960 761 1023 826 bac
1036 763 1143 845 specie
1159 761 1343 848 fingeretur,
1357 762 1400 826 ad
1416 773 1497 828 tem·

189 885 267 951 pota
280 868 517 933 concubinatus
532 869 697 934 retrotrahi
713 871 853 952 nuptias,
869 869 944 952 quis
959 887 1023 936 nou
1039 870 1172 951 videret,
1197 870 1282 940 titos
1295 870 1330 934 in
1344 869 1499 934 enuerrbi·

189 985 270 1040 uatu
284 989 451 1060 susceptos
476 977 626 1044 habitum
640 979 677 1042 iri
692 989 861 1060 tamquam
877 997 953 1042 tuos
968 997 1040 1060 aro,
1066 980 1238 1064 eidemque
1253 981 1348 1063 quasi
1360 980 1497 1064 pectitu-

189 1101 257 1149 ruos
274 1087 423 1168 agnascil
466 1086 510 1148 At
523 1105 607 1150 vero-
624 1087 686 1151 hoo
701 1088 949 1171 posthumomm
974 1106 1078 1172 genus
1092 1091 1150 1154 toti
1165 1091 1343 1170 Romanae,
1365 1089 1418 1152 rel
1435 1087 1497 1171 ipsi

189 1189 353 1254 recentiori
368 1193 389 1256 J
391 1193 594 1259 ustiuianeec
611 1195 884 1278 jurisprudentiae
899 1213 1033 1277 prorsus
1055 1197 1258 1280 incognitum
1271 1209 1329 1278 est,
1344 1199 1496 1278 etnovis,

191 1297 409 1381 inauditisque
423 1302 648 1366 controversiis
662 1304 867 1368 occasionem
881 1305 1053 1387 praeberet

231 1409 307 1474 lam
320 1429 397 1475 vero
412 1411 591 1478 indicemus
609 1415 906 1498 jurisprudentiam,
928 1432 1013 1498 quae
1027 1415 1132 1498 viguit
1146 1415 1269 1480 ratione
1287 1415 1400 1482 babitu
1416 1415 1499 1482 ttio-

190 1539 272 1602 rum,
287 1525 343 1605 qui
358 1541 419 1590 nec
433 1525 598 1590 naturales
613 1525 676 1591 dici
692 1535 847 1609 poterant,
864 1525 922 1590 sed
936 1527 1046 1610 spurii,
1072 1537 1104 1592 et
1119 1527 1220 1610 vulgo
1231 1527 1372 1609 quaesiti
1386 1527 1496 1610 appel·

189 1633 346 1717 labantur,
361 1635 477 1718 quales
491 1647 582 1702 orant
596 1657 638 1702 ex
653 1647 770 1721 numo,
786 1657 827 1702 ex
843 1637 1008 1719 adulterio,
1024 1657 1067 1702 ex
1081 1639 1208 1704 incestu
1222 1637 1380 1721 coempti.
1424 1637 1497 1702 Hos

154 1795 156 1798 -
187 1765 300 1812 ornnes
314 1758 346 1812 et
361 1749 544 1833 illegitimos
559 1767 637 1828 esse,
661 1737 694 1812 et
708 1751 778 1814 sine
794 1747 862 1814 nlla
877 1767 933 1831 spe
957 1748 1091 1832 legitimi
1105 1749 1256 1827 nominis,
1280 1766 1349 1814 non
1370 1759 1499 1814 vetera

95 1849 97 1852 ’
187 1855 293 1936 ruodo,
310 1876 424 1924 verum
448 1869 481 1922 et
495 1859 683 1924 recentiores
709 1858 931 1924 Romanorum
959 1857 1145 1939 Principum
1172 1849 1494 1940 legesvoluenmti

189 1963 240 2028 23.
257 1964 288 2028 ii'.
314 1965 355 2030 de
380 1975 467 2031 stetu
491 1967 623 2046 homin,
649 1967 731 2032 Nor.
758 1969 809 2032 89.
833 1987 905 2051 cap.
922 1967 992 2031 nlt'
1024 1945 1285 2034 Atsu‘coessione
1311 1976 1497 2050 temporum

190 2071 339 2138 nonnihil
354 2073 387 2138 in
402 2073 465 2137 bac
491 2091 524 2136 re
538 2073 747 2138 immutatum
761 2073 832 2138 suit:
859 2073 978 2138 etenim
992 2075 1049 2155 qui
1064 2073 1272 2156 gignerentur
1289 2073 1388 2138 etiam
1400 2082 1497 2136 extra

190 2178 426 2242 concubinatus
451 2177 596 2261 formem,
623 2179 801 2246 dummodo
815 2180 858 2244 ab
882 2199 922 2242 ea
947 2189 1058 2258 matre,
1082 2197 1227 2260 quacum
1252 2177 1441 2263 conjugium
1456 2195 1500 2240 eo

191 2289 493 2370 temporecontrairi
518 2289 680 2373 potuisset,
696 2289 830 2372 legitimi
856 2287 924 2352 fieri
940 2290 1003 2352 risi
1018 2301 1105 2370 sunu
1120 2289 1242 2372 nuptiis
1262 2291 1499 2371 interpetratur,

191 2401 374 2459 amorreis
399 2396 456 2460 rite
470 2399 659 2480 subsecutis
703 2397 771 2462 Viri
784 2397 901 2463 eruditi
926 2400 1049 2482 passim
1074 2409 1197 2482 putant,
1225 2397 1315 2464 idex
1330 2417 1369 2464 eo
1394 2398 1501 2465 inisse

191 2515 364 2590 receptum,
379 2509 474 2590 quod,
490 2527 567 2576 cum
582 2509 783 2593 sequioribus
797 2509 937 2574 saeculis
952 2510 1053 2592 vulgo
1068 2510 1251 2592 traderetur,
1273 2510 1442 2576 naturales
1458 2511 1496 2575 ti-

192 2611 254 2678 lios
269 2633 361 2698 posse
376 2617 446 2682 lieri
466 2617 626 2701 legitimos
641 2620 857 2704 subsequente
879 2619 1084 2684 matrimonio
1094 2617 1190 2701 juxta
1205 2616 1413 2700 disciplinam
1432 2617 1498 2682 Ro

124 2807 126 2811 y
192 2741 372 2806 manorum,
397 2728 596 2792 naturalium
610 2728 781 2792 liberorum
809 2729 939 2790 nomine
950 2729 1047 2812 juxta
1059 2743 1268 2792 communem
1291 2725 1448 2808 loquendi
1462 2726 1500 2790 il-

192 2827 297 2896 lorum
311 2843 492 2917 temporum
504 2833 776 2898 consuetudinem
791 2833 848 2896 iiiii
864 2834 964 2897 etiam
978 2853 1021 2900 ex
1036 2845 1145 2917 stupro
1167 2834 1268 2916 geniti
1281 2833 1502 2914 intelligeren-

191 2951 253 3022 tur,
267 2955 456 3026 argumento
470 2945 603 3026 capituli
620 2944 668 3010 13.
691 2944 748 3025 qui
764 2942 823 3007 iiiii
837 2943 903 3006 sint
917 2941 1060 3024 legitimi.
1105 2943 1189 3006 Mihi
1202 2943 1421 3008 verosimilius
1436 2951 1499 3020 est,
1564 2933 1565 2940 '

188 3067 309 3115 novam
334 3049 421 3115 hanc
445 3051 651 3134 disciplinam
676 3051 879 3116 miemudaur
902 3069 973 3114 csse
999 3051 1033 3116 iu
1058 3051 1256 3134 singularem
1277 3052 1502 3134 prudentiam,

190 3157 405 3242 eamdemque
418 3159 562 3224 maxime
587 3159 651 3222 illis
666 3160 862 3242 temporibus
876 3171 1100 3242 opportunam,
1119 3179 1187 3242 qua
1201 3169 1234 3224 et
1247 3159 1388 3242 religiosi
1402 3161 1499 3226 Prin·

190 3261 287 3345 cipes,
312 3273 345 3328 et
362 3265 537 3330 Pontifices
561 3265 700 3332 Maximi
724 3277 929 3348 sumserunt,
956 3279 993 3332 ut
1016 3269 1254 3334 concubinatus
1279 3271 1413 3338 andern
1439 3271 1501 3334 ali-

188 3374 356 3454 quandoa
377 3375 542 3459 republica
556 3377 784 3442 eliminaretur.
828 3377 1041 3458 Erepublic'a
1053 3391 1123 3442 erat
1142 3380 1273 3444 saeculo
1290 3379 1500 3463 duodecimo,
1563 3387 1564 3422 l

187 3487 220 3544 et
233 3479 359 3546 decimo
384 3483 475 3546 tertio
490 3495 616 3566 turpem
637 3493 752 3546 notam
777 3483 1008 3548 condubmatrri
1026 3497 1160 3569 propter
1184 3487 1347 3569 graviores
1373 3487 1501 3554 indies

186 3603 385 3672 etaergentes
407 3593 531 3658 abusus
545 3594 680 3672 inurere,
707 3591 986 3673 quemadmodum
1002 3596 1150 3676 superius
1175 3597 1354 3677 observari,
1380 3609 1415 3662 et
1428 3617 1501 3664 non

185 3699 333 3780 procule
358 3702 460 3784 stupri
474 3699 593 3766 scelere
618 3699 768 3764 aliennm
789 3697 983 3782 praedicare.
1028 3701 1067 3766 ld
1082 3719 1161 3766 sane
1176 3702 1276 3768 facile
1295 3715 1498 3771 eventurum

186 3805 382 3888 sperabatur,
408 3807 437 3871 si
451 3825 498 3886 ea,
524 3805 666 3890 quaeda
692 3806 768 3872 filiis
783 3807 818 3874 in
842 3809 1061 3874 concubinatu
1088 3811 1246 3895 susceptis
1257 3815 1330 3898 jure
1338 3815 1505 3880 ‚mommo

186 3924 309 3980 statuta
321 3914 457 3997 strarant,
473 3915 550 3983 liliis
564 3917 662 3980 etiam
674 3933 717 3980 ex
732 3925 842 3999 stupro
856 3917 974 4000 genitis
988 3920 1176 3984 eommunia
1187 3919 1402 3999 redderentur,
1416 3937 1501 4002 que
1562 3899 1563 3916 ³

185 4024 400 4090 madmedum
417 4043 528 4090 reuera
541 4026 729 4092 communia
743 4025 833 4093 reddi
845 4026 976 4108 placuit,
991 4045 1061 4110 cap
1079 4027 1107 4090 1.
1120 4029 1181 4109 qui
1196 4025 1255 4090 iiiii
1266 4027 1332 4090 sint
1346 4026 1499 4110 legulos.

186 4135 272 4224 Cum
287 4135 321 4198 in
332 4135 423 4198 banc
446 4134 641 4217 opinionem,
670 4151 771 4216 quam
785 4131 957 4217 prudentia
981 4134 1112 4214 suades,
1132 4117 1229 4200 iecile
1242 4132 1414 4212 demendo,
1431 4145 1501 4199 sta·

186 4243 244 4307 tim
260 4243 340 4308 mibi
356 4241 466 4310 videor
480 4243 665 4326 intelligere,
680 4261 721 4306 ac
731 4243 891 4326 percipere
906 4243 1056 4310 intimam
1067 4255 1208 4310 mentem
1224 4243 1405 4308 Alexandri
1418 4243 1504 4326 m,

186 4352 321 4434 quando
334 4354 369 4418 in
382 4371 456 4438 cap.
472 4354 500 4416 6.
516 4353 574 4435 qui
589 4351 647 4416 lilii
660 4351 728 4416 rint
742 4351 887 4436 legitimi,
900 4353 946 4416 ita
960 4354 1094 4435 scripsit:
1118 4351 1293 4442 Taunus
1307 4355 1360 4418 uir
1374 4355 1502 4418 mutri-

186 4460 297 4546 cupii,
313 4455 540 4552 uppnipnteu
548 4462 760 4544 margariti,
784 4469 1083 4546 post-matructwu
1102 4463 1360 4562 matriniacum
1383 4463 1504 4551 tque
