3146 4980
181 391 253 470 ’338
339 425 345 434 ·
556 421 795 476 orasnnnrrro
810 426 980 494 seturna,
996 412 1115 482 onai.
1223 443 1229 454 ·
1262 447 1266 454 ·

184 544 273 612 ribus
287 545 321 612 in
337 544 485 613 Dioeoesi
496 550 685 633 sonuimus,
701 551 756 636 qui
768 553 924 637 singulari
940 555 1032 620 titulo
1042 555 1299 644 jurisdictionem
1314 559 1377 628 tub
1391 555 1489 650 Epis·

182 673 271 740 oopo,
285 655 427 740 qrridern,
455 657 512 722 sed
527 661 569 722 ab
584 658 772 745 Episcopali
792 663 1014 748 jrrrisdietione
1029 665 1217 733 distinctam
1242 683 1405 756 extruant}
1420 693 1488 740 non

128 823 130 833 ,
183 781 239 828 eos
253 765 433 849 excludere,
449 767 504 852 qui
521 787 634 853 unum,
660 781 692 835 at
707 771 794 836 idern
808 771 931 836 habent
954 790 1033 839 eum
1047 773 1376 863 Episeopotribrmal,
1402 798 1492 849 eant·

181 874 323 962 demque
337 897 414 945 oum
428 879 591 965 Episcopo
606 882 770 966 explicant
784 891 987 966 potestatem.

225 981 433 1049 observandi
449 997 611 1068 praeterea
626 1001 704 1053 sunt
719 990 817 1072 modi,
832 993 953 1074 quibus
966 992 1247 1062 dissolvendornm
1264 999 1492 1086 ooojuglomm

182 1093 419 1158 oontrosersiaa
433 1093 468 1160 iu
488 1093 611 1180 juditio
625 1093 844 1180 instituantur,
861 1119 902 1164 ao
916 1099 1080 1166 finiantur.
1123 1103 1204 1174 Qrta
1218 1103 1253 1168 in
1268 1123 1301 1168 re
1320 1105 1389 1172 duo
1403 1123 1493 1191 proe-

182 1203 279 1288 cipoe
302 1201 537 1270 consideranda
562 1219 744 1294 oecurrunt.
788 1209 936 1278 Primum
950 1223 1000 1278 est
1013 1211 1055 1276 da
1068 1231 1117 1293 eo,
1142 1213 1300 1300 adquam
1321 1217 1493 1304 iniuncto

183 1327 279 1394 agera
293 1311 439 1394 pertinen
466 1311 604 1377 alterum
619 1325 668 1377 est
693 1313 735 1378 de
761 1317 1010 1399 probationibus,
1036 1321 1158 1402 quibus
1183 1319 1422 1406 nomiminis
1433 1325 1492 1388 n'te

183 1419 370 1490 instruatur.
413 1419 450 1485 Si
464 1435 605 1504 quaeras
627 1421 669 1485 de
684 1422 732 1503 iis,
752 1425 812 1506 'qui
834 1435 973 1508 possunt
993 1421 1238 1492 matrimonium
1251 1427 1492 1512 dirimendum,

182 1527 236 1593 tel
250 1528 494 1596 dissooiandum
509 1525 691 1614 proponere,
718 1531 989 1616 distinguendum
1004 1545 1053 1616 est
1067 1535 1150 1599 inter
1172 1535 1389 1617 masatitias,
1406 1553 1493 1622 quas

180 1636 254 1720 juro
269 1637 444 1721 probantur
467 1637 623 1702 beneiioio
636 1639 822 1722 conjugum,
848 1639 1129 1722 quemadmodum·
1141 1643 1308 1726 attingit,
1331 1643 1429 1709 dex.
1444 1661 1492 1727 gr.

182 1755 380 1836 proponatur
394 1751 637 1815 matrimonium
662 1749 793 1814 nullutn
808 1767 879 1814 assa
900 1764 1068 1834 exerrare,
1089 1753 1142 1816 tal
1157 1763 1257 1835 mauu
1272 1752 1352 1818 itam
1363 1753 1495 1820 issim-

58 1875 62 1884 “
184 1863 266 1929 durn
281 1883 351 1928 asse
366 1883 468 1928 carisa
494 1861 657 1927 ineundae
671 1858 840 1945 religiosae
854 1861 951 1944 vitae3
972 1863 1052 1927 item
1065 1861 1305 1928 dissociandam
1319 1861 1494 1928 habitatio-

182 1992 260 2040 nam
274 1975 316 2038 ob
330 1974 437 2039 mariti
451 1973 630 2051 saevitiam,
645 1969 698 2035 vel
711 1970 789 2054 qnid
804 1969 920 2054 similo3
937 1981 1034 2053 atque
1049 1972 1132 2036 inter
1145 1989 1263 2035 cautas
1277 1971 1360 2050 illas,
1375 1971 1413 2036 in
1423 1971 1495 2054 qoi-

182 2081 244 2146 bus
259 2079 391 2164 publiea
415 2099 466 2143 ras
481 2089 634 2161 versatur,
661 2079 747 2162 quod
763 2080 917 2144 rrinrirunr
944 2077 1073 2164 publiea
1087 2079 1218 2161 intersit,
1245 2081 1494 2158 antummum

183 2189 307 2256 diutius
322 2211 389 2256 nou
405 2191 586 2270 consistere,
603 2191 650 2254 nti
664 2192 831 2276 contingit,
857 2207 935 2255 oum
950 2191 1018 2266 duo
1030 2191 1277 2274 consanguinei,
1292 2191 1345 2256 val
1361 2189 1495 2257 adlinet

184 2300 348 2386 conjuncti
362 2311 448 2379 suut,
463 2299 516 2364 vel
531 2317 607 2364 curn
622 2299 693 2364 sina
707 2297 1049 2382 praeseutia'Paruohi,
1072 2293 1251 2362 nitentium
1265 2297 1309 2362 ad
1317 2297 1495 2363 mellita·

184 2405 306 2470 tionem
330 2423 522 2489 sponsorum
547 2405 724 2471 deventum
738 2417 795 2486 est,
820 2407 950 2472 omissis
975 2397 1495 2492 solemnitatibn‘s‘eoniogiisaot
1570 2413 1571 2464 l

183 2509 264 2594 quid
279 2509 394 2576 simile.
439 2511 572 2577 Etenim
586 2513 741 2596 inpn'ma
755 2513 862 2597 npeoie
877 2513 1099 2580 nobistantum
1124 2515 1496 2600 conjurguuaparroiue

184 2632 238 2686 tur
251 2639 346 2704 agere
360 2621 395 2685 in
405 2621 528 2706 judioio
542 2619 789 2686 dissolutionem
803 2621 946 2706 eonjrrgu
960 2639 1017 2706 pro
1030 2621 1186 2704 qualitate
1199 2622 1254 2703 rei,
1277 2617 1425 2686 exclusis
1435 2641 1496 2687 ex·

183 2731 304 2796 traneis
317 2731 587 2813 quibuscumque,
613 2739 778 2814 propterea
792 2729 880 2812 quod
895 2740 1033 2796 ,tautum
1047 2729 1170 2796 intenuit
1182 2715 1347 2814 ipsomm,
1362 2749 1495 2815 argum.
1569 2785 1570 2801 r

183 2855 254 2921 cap
269 2837 321 2901 2&
336 2835 378 2900 de
393 2835 544 2920 sponsat,
570 2854 641 2919 oap.
655 2839 696 2918 2.,
707 2837 786 2901 att.
813 2837 854 2902 de
869 2833 995 2924 conjug.
1022 2857 1139 2903 nervon
1155 2855 1225 2922 cap.
1235 2832 1283 2904 a:
1294 2838 1339 2904 do
1350 2838 1494 2923 frigi&

184 2957 217 3011 st
231 2947 308 3011 alibi
323 2947 457 3030 passim.
499 2947 543 3010 At
558 2946 591 3010 in
607 2946 708 3010 altera
723 2947 832 3031 speeie
843 2931 1210 3032 quicumque'axtranei,
1236 2948 1318 3014 dum
1335 2949 1438 3012 modo
1451 2947 1497 3014 Ie·

184 3057 306 3142 gilimis
320 3058 524 3123 documentis
538 3059 612 3138 sint,
628 3057 715 3141 qnod
731 3071 921 3144 proponunt,
944 3057 1114 3144 probaturi,
1132 3058 1311 3125 dummodo
1323 3069 1496 3142 praeterea
1568 3109 1569 3135 i

185 3183 251 3232 non
267 3165 309 3228 sit
323 3162 463 3249 suspecti
476 3164 517 3228 de
531 3163 613 3246 dolo,
637 3175 695 3229 aut
709 3165 884 3247 ntalafldo,
908 3178 945 3230 ut
960 3165 994 3230 in
1008 3167 1114 3250 speeie
1128 3165 1262 3250 capituli
1281 3169 1325 3246 6.,
1338 3171 1372 3229 ot
1386 3165 1418 3230 Θ.
1434 3165 1496 3248 qni

184 3271 367 3336 matrimon.
384 3289 501 3352 aeona,
527 3269 571 3336 ad
585 3273 809 3338 accusandum
830 3273 1051 3340 admittentur.
1094 3275 1212 3358 Agitur
1224 3275 1314 3340 enim
1326 3274 1370 3338 ds
1385 3291 1496 3340 etuas

184 3381 324 3466 publiea,
340 3381 374 3446 in
389 3399 456 3465 qua
470 3401 535 3448 non
551 3381 643 3466 actio,
659 3383 716 3448 sed
731 3385 895 3449 auortsatio
910 3385 1044 3468 proponi
1059 3379 1193 3464 videtur,
1207 3383 1361 3450 ut=dooet
1373 3383 1432 3446 vei
1446 3384 1495 3466 ip·
1567 3419 1568 3426 κ

185 3509 222 3556 se
236 3489 349 3556 titulus
365 3489 594 3572 Deoretalium,
611 3491 681 3563 uui
695 3490 938 3556 matrimonium
952 3499 1114 3554 mutata
1155 3485 1355 3560 Quodadeo
1373 3505 1496 3556 mm

184 3611 241 3682 est,
257 3612 294 3666 ut
308 3603 407 3667 etiam
431 3601 460 3666 ai
474 3613 593 3689 agatur
610 3601 651 3666 do
666 3601 819 3685 personis,
845 3617 931 3684 quaa
955 3601 1146 3686 conjugibus
1171 3601 1258 3683 ipsis,
1270 3637 1272 3642 ·
1283 3597 1496 3681 tio-(forum

185 3707 411 3776 dissociatione
425 3713 540 3794 agitur,
565 3711 725 3793 sanguine
740 3713 805 3775 airu
818 3707 1111 3795 conjunctissimae,
1136 3703 1496 3772 nibilominoatlun·
1566 3717 1567 3796 j

186 3817 324 3883 tioturaa
338 3820 427 3902 apud
441 3831 678 3902 competentem
698 3817 842 3907 judloem
857 3817 1041 3898 audiantur,
1057 3832 1128 3881 ean.
1145 3817 1183 3894 l.,
1197 3824 1311 3896 etseq.
1323 3827 1422 3878 unos.
1439 3813 1496 3880 36.

184 3939 310 4013 quaest.
325 3931 365 4012 6.,
380 3949 450 4014 cap.
465 3931 506 4011 a,
521 3929 597 3996 etl.
612 3932 670 4014 qui
685 3931 824 3996 matrim.
840 3949 958 4010 aeona,
972 3929 1159 4013 praesertim
1172 3937 1284 3992 antem
1292 3911 1497 4009 ooniangn‘·

184 4039 239 4107 nei
263 4037 420 4104 audiendi
444 4049 546 4118 erunt,
576 4039 631 4103 obi
644 4039 769 4104 irritum
794 4037 981 4122 eonjugium
1005 4043 1202 4119 propanamr
1226 4047 1329 4095 eausa
1350 4047 1498 4096 m
1565 4103 1566 4110 χ

184 4149 361 4232 guinitatis,
388 4147 440 4212 vel
455 4147 634 4214 adfinitatis
648 4150 834 4232 conjugum3
860 4145 944 4212 haee
957 4144 1047 4210 enim
1072 4134 1205 4205 vineola
1225 4137 1498 4223 monogenin

186 4255 236 4338 tis,
250 4267 283 4322 st
296 4255 476 4323 adflnitatis
497 4257 604 4341 magis
623 4269 787 4342 comperta
807 4253 1086 4344 propinquioribus
1104 4260 1365 4402 pramntutmtttt,
1387 4266 1498 4333 quam

174 4367 360 4432 extraneis.

228 4467 392 4539 Putandi
406 4473 488 4540 ratio
501 4473 707 4562 quadruplex
721 4474 856 4562 proponi
868 4476 992 4560 potes.
1014 4395 1498 4556 mgwioffl
