3276 4984
322 451 453 499 oureus
477 449 526 496 nx
548 449 672 496 cauere
695 449 890 496 sennensis
913 447 1193 494 nrssonvtururt.
1374 426 1416 510 81

123 574 219 658 peries
234 571 386 638 traditum
400 582 457 652 est,
473 571 725 654 iusporrsalibus
740 571 943 653 impuberum
958 571 1153 648 observatur,
1181 587 1336 652 sponsum
1351 587 1408 650 pu-

127 687 222 748 berem
236 681 361 746 sactum
384 697 478 763 posse
493 681 590 742 etiam
615 679 718 742 invita
732 677 833 740 altera
857 689 946 760 parte
960 676 1070 744 adata
1095 675 1159 738 fide
1176 676 1300 756 resilire,
1326 674 1414 758 quod

122 807 223 858 tamen
238 791 372 857 omnino
386 789 550 872 singulare
564 799 622 866 est,
646 799 677 849 et
692 787 859 852 inductum
876 786 978 867 gratia
992 784 1159 868 pupillaris
1175 786 1296 866 aetatis,
1322 785 1414 868 cujus

123 920 293 966 conmnsns
308 919 440 983 quoquo
454 899 550 964 modo
563 896 768 980 imperfectus
787 915 858 958 esse
872 895 1007 958 videtur.
1050 893 1151 966 Quod
1167 892 1207 956 de
1222 905 1336 956 mutuo
1351 893 1412 958 dis-

122 1033 209 1078 sensu
224 1029 421 1096 sponsorum
436 1009 624 1092 generaliter
638 1007 779 1084 traditur,
803 1006 883 1070 adeo
899 1024 1012 1068 verum
1026 1013 1083 1082 est,
1100 1014 1135 1066 ut
1150 1002 1299 1081 obtineat,
1314 1004 1412 1066 etiam

35 1163 37 1172 ε
123 1123 145 1185 si
158 1121 323 1206 sponsalia
337 1119 458 1186 fuerint
466 1117 672 1202 jurejurando
687 1117 822 1194 firmata,
838 1115 922 1181 dicte
936 1134 1006 1197 cap.
1021 1116 1051 1178 2.
1075 1113 1114 1178 de
1128 1113 1278 1198 sponsal,
1295 1115 1413 1180 etenim

121 1251 186 1295 rum
197 1229 431 1317 jusjurandum
446 1247 511 1294 non
524 1227 624 1290 aliam
637 1226 679 1290 nb
693 1245 829 1292 cattsam
842 1225 1046 1306 sponsalibus
1061 1226 1238 1309 adjicietur,
1261 1245 1362 1308 quam
1376 1226 1410 1288 in

122 1338 376 1402 contrabentium
400 1353 589 1418 sponsorum
619 1334 796 1414 utilitatem,
824 1334 1024 1416 quoeoilicet
1049 1337 1272 1418 unusquisqne
1293 1335 1405 1418 magis,

122 1446 285 1528 magisque
300 1445 438 1510 alterum
453 1443 513 1507 sibi
528 1443 698 1520 devinciat,
714 1443 792 1524 quid
807 1443 947 1526 amplius
963 1444 1150 1526 operabitur,
1167 1444 1223 1508 ubi
1238 1445 1411 1528 urrusquis

123 1571 179 1632 que
202 1571 333 1616 nexum
357 1551 454 1615 libere
470 1549 603 1614 dirimlt'l
628 1564 819 1634 argumento
833 1572 902 1634 cap.
930 1553 971 1616 29
986 1573 1066 1616 vers.
1111 1553 1344 1620 Inminentem
1369 1555 1413 1621 de

119 1657 327 1742 jrrrejnrando.
371 1658 542 1720 Caeterum
558 1669 733 1740 autequam
749 1659 880 1724 ulterius
896 1659 1084 1741 progredier,
1107 1662 1265 1726 nonnulla
1279 1661 1412 1738 munta

123 1770 251 1850 rejuvat
265 1767 312 1832 ad
325 1766 506 1850 capitulum
520 1767 549 1830 2.
574 1767 615 1831 de
629 1767 778 1848 sponsal,
795 1769 849 1833 ubi
864 1769 1033 1832 exhibetur
1046 1769 1253 1835 Innocentius
1268 1772 1326 1836 111.
1352 1783 1413 1836 tra-

122 1875 199 1956 dens,
214 1879 244 1944 si
261 1889 397 1960 uterque
411 1897 549 1959 attonsus
564 1884 588 1942 a
600 1877 804 1960 sponsalibus
819 1875 1034 1942 recedendum
1049 1878 1133 1958 velit,
1151 1899 1242 1962 posse
1256 1879 1289 1942 ld
1303 1884 1340 1944 in
1350 1905 1412 1966 pa·

122 1990 229 2052 nentia
243 1988 392 2052 tolerari.
437 1987 524 2050 Num
541 1987 659 2050 exinde
674 1985 834 2064 inferetur,
857 1986 889 2050 id
905 1988 1038 2052 minime
1053 1987 1156 2068 licere,
1181 2009 1223 2052 ex
1236 2009 1275 2052 ea
1291 1990 1411 2074 regula,

121 2111 211 2172 quarn
234 2094 522 2160 Innooeutlnslll.
549 2095 644 2161 tradit
658 2095 692 2160 iu
714 2114 784 2177 cup.
812 2095 861 2163 18.
887 2100 921 2160 in
936 2097 1002 2191 iinp
1027 2097 1067 2160 de
1081 2099 1279 2180 praebendis,
1304 2101 1413 2172 multo

119 2208 392 2290 perpetiendum
406 2207 596 2285 tolerantur,
609 2229 700 2291 pane,
715 2209 748 2270 ei
758 2208 1036 2291 deductnsueriret
1048 2209 1268 2294 injudicium,
1280 2214 1412 2296 erigena

123 2315 304 2395 tejustitia,
330 2335 396 2378 nore
409 2313 558 2409 deberem
571 2315 721 2380 tolerari?
760 2314 905 2380 *Additur
918 2317 952 2380 in
968 2317 1054 2380 dioto
1068 2337 1137 2401 cap.
1153 2320 1181 2382 2.
1208 2343 1248 2385 ne
1253 2325 1346 2405 sorte
1359 2323 1414 2388 de,

121 2425 216 2489 terius
229 2425 313 2490 nate
327 2426 511 2506 coldingen
533 2424 623 2490 Num
637 2424 756 2488 exinde
781 2425 940 2504 inseretur,
965 2426 1009 2490 ad
1023 2425 1212 2493 evitandum
1226 2429 1330 2512 majus
1345 2449 1411 2492 rna·

121 2529 181 2596 inm
200 2513 388 2616 quidquam
413 2533 447 2598 in
463 2533 620 2614 preposito
646 2533 813 2616 indulgeri,
840 2536 965 2616 remitti,
990 2537 1084 2618 quasi
1107 2546 1138 2598 et
1153 2536 1185 2600 id
1210 2535 1336 2602 malurn
1360 2540 1409 2620 sit,

121 2641 199 2720 quod
215 2653 331 2706 tamen
347 2641 404 2704 vix
419 2641 495 2704 meli
511 2641 649 2724 speeiem
664 2641 782 2708 habeat
803 2643 837 2708 in
851 2629 1023 2728 conspectu
1041 2647 1116 2710 mali
1133 2648 1286 2730 gravioris
1301 2669 1410 2730 quem-

35 2777 36 2792 *
122 2752 296 2818 admodum
310 2754 344 2816 in
370 2763 559 2834 argumento
580 2755 758 2836 capitalib.
773 2755 829 2836 qui
845 2756 958 2820 Clerici
974 2755 1027 2822 vei
1040 2769 1202 2838 voventes,
1228 2759 1411 2826 Alexander

121 2857 170 2922 ΠΙ.
185 2860 329 2925 indulsit
340 2859 621 2924 cuidammuliere
635 2869 706 2942 post
717 2861 934 2926 continentiae
949 2874 1061 2930 voturn
1076 2867 1238 2947 emissum,
1255 2878 1290 2936 ut
1304 2869 1413 2932 matri·

120 2969 261 3032 monium
277 2967 487 3047 contraheret,
512 2967 599 3049 quod
616 2971 723 3032 tritine
737 2979 826 3048 esset,
849 2980 887 3034 nt
900 2973 1020 3036 mulier
1030 2983 1106 3058 poet
1120 2985 1231 3041 notum
1254 2980 1412 3064 simplici-

120 3085 161 3139 ler
174 3080 337 3142 ablatum*
348 3081 600 3142 matrimonium
616 3081 825 3162 contraheret,
852 3087 1198 3167 qnnmrsornicntionis
1216 3098 1345 3153 reatum
1361 3091 1411 3154 itr-

119 3191 275 3253 curreret?
321 3187 396 3250 Non
421 3188 466 3252 ita
484 3185 745 3256 concludendum
770 3201 864 3272 puto..
883 3193 1156 3262 ‚Describendnm
1180 3197 1335 3281 imprimis
1360 3212 1407 3264 est

120 3295 275 3379 integrum
292 3295 480 3378 capitulum,
503 3295 601 3382 qtrale
616 3299 647 3360 in
665 3299 697 3365 1.,
714 3295 904 3366 collectione
920 3299 1137 3375 Decretelium
1152 3303 1274 3385 legitur,
1301 3317 1408 3390 utpote

120 3403 223 3488 inqua
238 3405 402 3470 nonmrlla
416 3405 582 3482 habentur,
598 3419 686 3488 qnam
698 3407 785 3489 apud
801 3409 988 3489 Gregorium
1004 3411 1064 3476 IX.
1079 3411 1306 3480 desiderantur:
1320 3387 1410 3482 dein·¹

121 3513 154 3576 de
164 3514 380 3596 inquirendus
401 3515 532 3596 capituli
549 3527 669 3584 auctor:
695 3529 853 3598 postremo
866 3517 1011 3601 ejusdem
1033 3519 1225 3601 explicanda
1239 3525 1404 3594 sententia.

122 3621 334 3708 luegltrrriu
360 3625 400 3686 1.-
431 3619 646 3692 Decretalium
668 3625 855 3690 collectione
880 3627 1407 3714 aprrddntoniumAugustinurn

121 3727 228 3814 iueep.
257 3733 309 3796 ll.
337 3730 379 3795 de
394 3733 608 3812 sponsalibus:
629 3733 809 3800 Praeterea
823 3737 858 3813 ii,
886 3737 943 3820 qui
956 3740 1168 3804 reate-imonis
1192 3745 1410 3816 contrahenda

120 3855 200 3916 pure,
226 3847 261 3902 et
275 3839 348 3902 sine
363 3857 456 3902 ornae
471 3840 651 3906 cunditinrte
666 3843 774 3924 fldem
785 3835 943 3923 dedatur,
968 3848 1411 3934 etjurameretumseoerunt,

124 3947 338 4012 cemnmaemii
352 3955 440 4025 surrt,
454 3957 484 4018 et
497 3949 695 4031 diligentins
710 3953 912 4034 exhortandi,
926 3965 959 4020 et
973 3961 1123 4028 omnibus
1136 3963 1243 4026 modis
1256 3964 1409 4040 inducere«

124 4051 161 4128 di,
175 4065 211 4116 nt
217 4053 326 4138 fidem
337 4058 548 4139 praestitam,
567 4059 998 4146 neijuramentumsaotum
1011 4067 1184 4149 observem,
1209 4079 1239 4134 et
1254 4093 1295 4150 se,
1315 4073 1407 4138 ¹sicut

123 4165 337 4242 promiserint,
353 4167 565 4250 spargant.
610 4165 651 4230 Si
665 4178 777 4234 autern
790 4193 824 4234 se
838 4173 885 4238 aa
898 4175 1038 4240 tannem
1047 4173 1220 4248 admittere
1234 4161 1412 4260 adelerium*

35 4329 37 4350 ¹
126 4273 254 4354 aeserta
268 4273 415 4340 deterius
430 4276 508 4342 inde
521 4277 700 4360 corrtingnt,
716 4287 755 4342 ru
769 4281 869 4344 talem
881 4283 1002 4346 scilicet
1015 4283 1123 4364 ducat,
1151 4307 1251 4372 quum
1264 4287 1407 4376 odiobn-
1465 4365 1467 4374 Ι

126 4377 195 4460 ient,
209 4386 351 4464 andern,
378 4387 465 4472 quod
476 4389 633 4455 ,wimar
647 4391 771 4470 serrem
784 4394 1040 4476 quissooieta'tem
1056 4399 1257 4481 juramento,
1283 4399 1333 4464 eol
1358 4400 1413 4474 itti-

126 4495 681 4580 npoeubrastdetenmaatnnpet
693 4505 1239 4656 partenennrderqmsibilrlrimitltztnt,
1264 4510 1322 4580 doc
1332 4533 1409 4600 pose

969 4611 1026 4654 nu.
1110 4629 1150 4641 -
1191 4637 1200 4654 .
