3210 4990
168 388 215 434 na
239 388 299 448 rrs,
322 387 385 436 aur
410 383 556 432 uernae
578 381 780 430 consueram
802 377 1050 428 couraeneaa
1074 375 1282 424 unaunuur.
1341 349 1405 418 1tt

24 491 26 610 ᾖ
111 511 266 593 potentiam
280 509 357 573 vitio
379 509 559 572 laborantes
574 513 595 572 a
609 507 686 570 viris
711 503 935 570 ecclesiasticis
960 501 1117 584 delegatis
1132 497 1281 562 inductos
1295 494 1408 571 ruisse,

24 625 26 660 ³
111 629 144 684 ut
155 643 194 704 a
179 630 294 686 σθωπί
306 621 545 705 poenitentium
568 625 608 684 ce
622 615 780 692 combas,
796 621 835 678 ut
848 633 879 678 se
872 613 987 696 forte
997 611 1143 696 placeret
1168 607 1248 686 Deo,
1265 605 1324 690 qui
1336 621 1408 668 ma·

111 723 339 811 trimuniisuit
362 728 543 805 institutor,
559 733 590 789 et
604 733 725 802 auctor,
752 731 889 807 etopus
903 719 1111 784 matrimonii
1133 721 1409 781 consummarunt.

110 837 143 900 lu
158 838 278 902 horum
291 849 466 922 conspectu
481 838 677 920 scripserunt
692 834 747 914 illi,
774 853 840 896 non
855 821 908 914 agl
900 831 964 894 de
978 829 1118 894 naturali
1133 827 1221 907 vitio,
1237 825 1294 890 sed
1309 819 1373 888 de
1364 824 1411 887 vi-

109 948 155 1026 tio,
168 947 259 1028 quod
276 947 458 1031 superstitio
487 941 647 1008 malorum
658 943 831 1006 hominum
858 937 1031 1004 induxerit.
1074 935 1148 1017 Ego
1161 951 1237 996 vero
1253 927 1411 1014 imprimis
1451 999 1460 1008 ,

109 1055 271 1136 observes
261 1075 298 1120 rn
313 1055 352 1119 iis
375 1054 481 1118 verbis
495 1071 562 1117 non
586 1051 743 1115 contineri
758 1049 953 1113 sententiam
974 1039 1109 1110 Honorii
1123 1043 1184 1106 ΙΙΙ.
1200 1037 1410 1118 rescribentis,

109 1161 158 1224 sed
182 1173 316 1225 tantum
341 1161 486 1224 exhiberi
501 1181 557 1244 per
581 1160 760 1242 quamdam
785 1157 862 1221 sacti
887 1156 1112 1232 narrationem,
1133 1151 1213 1235 quid
1238 1149 1411 1235 prudenter

109 1289 194 1354 egere
209 1291 246 1334 se
263 1291 359 1356 pesse
373 1279 569 1335 censuerunt
582 1267 745 1332 Pontificii
757 1266 904 1349 delegati,
920 1263 1007 1347 quod
1023 1281 1101 1326 sane
1111 1261 1192 1346 juris
1204 1259 1410 1342 disciplinam

24 1455 25 1464 χ
109 1383 234 1447 minime
249 1391 386 1466 spectat.
428 1383 600 1446 Praeterea
615 1399 695 1443 sane
709 1397 775 1442 non
803 1377 980 1455 consuevit,
996 1374 1181 1458 praesertim
1204 1371 1312 1436 media
1327 1379 1413 1434 aeta·

24 1571 25 1576 ἵ
108 1499 142 1567 te,
155 1489 310 1552 Ecclesia
324 1489 423 1552 etiam
436 1487 609 1572 confugere
638 1487 681 1550 ad
695 1485 858 1550 orationes
872 1485 968 1547 enixe
996 1481 1182 1546 suneendas
1197 1481 1230 1544 in
1246 1481 1354 1544 Deum
1369 1477 1412 1544 ad

108 1597 252 1660 uuanda
277 1597 440 1660 naturatia
455 1597 526 1679 ipsa
550 1613 719 1679 corporum
744 1593 839 1656 vitia?
882 1591 1018 1671 Sufficit,
1045 1601 1082 1655 ut
1097 1589 1131 1654 id
1157 1591 1265 1653 atatim
1280 1589 1410 1671 liqueat,

24 1689 25 1692 ¹
109 1703 257 1786 respicere
282 1701 325 1766 ed
341 1703 476 1785 antique
499 1701 649 1766 Romana
675 1697 903 1778 sacerdotalia,
930 1717 1069 1780 quorum
1094 1715 1199 1760 unum
1225 1715 1285 1778 ego
1305 1695 1411 1759 habeo

24 1839 25 1870 3
107 1811 224 1876 editum
240 1811 387 1876 Venetiis
402 1831 489 1874 anno
504 1811 606 1890 1567,
622 1810 678 1872 ubi
693 1791 765 1890 pagss
781 1807 842 1887 33,
858 1816 890 1870 et
904 1805 955 1870 34.
970 1805 1130 1868 orationes
1141 1803 1335 1872 exhibentur
1348 1821 1411 1886 pro

99 1919 261 2001 sugenda
276 1919 451 1984 sterilitate
464 1919 626 1982 mulieris.
669 1915 854 1980 Larrdanda
884 1913 1023 1998 profecto
1038 1925 1106 1976 erat
1120 1911 1411 1975 ecclesiasticorum

24 2021 26 2070 ἵ
107 2028 235 2092 Parrum
252 2027 433 2112 prudentia,
458 2045 525 2108 qua
540 2025 683 2090 induetis
710 2024 938 2106 singularibus,
965 2033 997 2085 et
1022 2040 1096 2084 vere
1111 2017 1210 2082 sacris
1224 2015 1336 2081 orandi
1351 2015 1413 2080 fer·

107 2135 205 2214 mulis,
222 2137 342 2199 inanes
367 2133 530 2228 quaedam
545 2131 679 2212 evulgo
705 2131 852 2194 invectae
874 2128 1114 2212 superstitiones
1140 2125 1234 2190 facile
1249 2121 1411 2188 aboleren-

107 2251 159 2305 tur.
203 2241 296 2306 Cum
310 2241 398 2305 euim
420 2239 499 2304 rude
513 2240 635 2322 vulgus
660 2257 812 2322 persaepe
838 2237 1007 2321 putaverit,
1033 2235 1172 2300 coeundi
1188 2235 1411 2318 impotentiam

24 2351 25 2368 ¹
106 2349 297 2411 emulorum
313 2345 483 2412 hominum
508 2347 689 2431 praestigiis
705 2347 853 2426 derivari,
868 2347 1026 2410 curabant
1051 2346 1083 2426 ii,
1099 2364 1237 2427 quorum
1252 2345 1412 2426 intererat,

24 2509 25 2536 1
106 2457 272 2520 contrariis
296 2455 574 2538 superstitionibus
600 2455 860 2538 superstitionem
887 2453 1033 2533 evellere,
1048 2451 1325 2535 quemadmodum
1350 2463 1413 2516 tes-

24 2553 25 2568 *
106 2575 183 2630 tatur
196 2567 232 2631 S.
251 2565 390 2628 Carolus
416 2563 669 2628 Mediolanensis
684 2565 718 2626 in
734 2573 823 2646 parte
838 2562 868 2625 3.
895 2561 1032 2626 Concilii
1046 2561 1084 2624 V.
1108 2559 1318 2623 Prouincialis
1332 2559 1411 2623 anni

108 2679 191 2742 1580.
208 2678 257 2740 tit
292 2677 391 2750 Qscue
405 2677 450 2742 ud
463 2677 717 2742 matrimonium
728 2677 904 2760 pertineret.
949 2675 1036 2743 Quis
1051 2683 1161 2736 autem
1176 2672 1210 2734 in
1225 2673 1276 2734 his
1291 2683 1412 2753 tempo·

24 2833 25 2836 =
106 2809 169 2856 nun
194 2793 361 2876 adjunctis
376 2811 441 2855 non
462 2789 574 2854 laudet
595 2789 804 2874 prudentiam
829 2787 1074 2871 Episcoporum,
1100 2785 1164 2867 qui,
1189 2795 1232 2848 ut·
1247 2784 1411 2868 plebeme

24 2911 25 2916 ’
106 2900 332 2983 superstitiosis
356 2901 468 2964 ritibus
492 2911 673 2980 avocarent,
699 2890 851 2963 monebat
877 2898 990 2980 potius,
1016 2907 1054 2960 ut
1076 2895 1118 2959 ad
1145 2897 1255 2960 Deum
1269 2915 1304 2960 se
1328 2905 1410 2961 totos

106 3016 330 3087 converterent,
346 3017 378 3070 et
393 3009 602 3090 poenitentiis,
630 3019 727 3092 atque
742 3007 948 3086 orationibus,
974 3005 1063 3089 quod
1085 3007 1248 3089 optabant,
1265 3007 1411 3090 religiose

24 3195 25 3202 ἶ
106 3121 360 3202 expostularent?
404 3121 514 3186 Potius
530 3123 679 3188 nonnihil
704 3123 738 3186 id
764 3141 838 3186 earn
863 3143 930 3200 rem
957 3125 1087 3188 invenio
1103 3125 1190 3208 apud
1217 3126 1409 3188 Gratianum

107 3231 219 3298 incen.
236 3233 268 3296 4.
285 3251 373 3294 caras.
390 3230 440 3294 33.
457 3243 581 3314 quaest.
600 3233 636 3311 1.,
653 3233 710 3316 qui
725 3233 904 3296 Hincmaro
920 3233 1097 3296 Rhemensi
1113 3233 1313 3318 adscribitur.
1335 3231 1409 3316 Ego

24 3399 25 3428 ,
103 3343 164 3426 jam
177 3347 212 3412 in
228 3346 312 3410 meis
337 3345 673 3436 animadversionibus
688 3345 722 3408 in
747 3346 942 3409 Gratianum
957 3347 1039 3409 milri
1062 3347 1153 3410 risus
1168 3365 1242 3411 sum
1261 3347 1339 3410 satis
1354 3367 1409 3412 ex·

24 3453 25 3496 l
107 3453 280 3534 plicavissc,
296 3451 404 3535 qualis
418 3452 587 3516 Hincmari
601 3447 713 3516 hac'in
740 3471 773 3516 re
788 3451 849 3516 fuit
870 3453 986 3536 opinio.
1032 3454 1201 3519 Caeterum
1218 3473 1294 3518 cum
1309 3457 1409 3520 Hine-

24 3603 25 3652 ,
108 3567 210 3628 marus
224 3581 266 3626 ea
280 3573 385 3626 aetate
400 3561 514 3641 floruit,
530 3581 596 3643 qua
610 3579 675 3624 non
687 3549 795 3627 ¹solnm
810 3559 910 3643 vulgo
921 3559 1100 3644 putabatur,
1114 3559 1181 3624 fieri
1193 3581 1286 3644 posse
1302 3573 1408 3646 praes-

24 3683 25 3710 ³
108 3669 184 3752 ligiis
200 3672 312 3733 locum
327 3669 370 3731 acl
397 3668 618 3752 impediendas
641 3671 816 3753 conjugum
841 3670 1092 3754 conjunctiones,
1117 3689 1230 3736 verum
1256 3674 1353 3738 etiam
1368 3675 1408 3738 ris

108 3777 280 3861 praestigiis
294 3775 418 3839 occurri
443 3793 536 3858 posse
551 3775 704 3858 paraliae
734 3777 975 3860 superstitiones
1000 3797 1102 3859 aeque
1129 3777 1343 3860 damnandas,
1360 3782 1407 3846 uti

107 3883 255 3968 liquetex
281 3885 405 3968 integro
419 3884 483 3948 fere
498 3883 722 3951 Poenitentiali
746 3885 927 3950 Burchardi
952 3883 1210 3970 Wormaci'ensis,
1226 3891 1272 3954 nil
1288 3889 1406 3955 mirum

108 4008 169 4056 esse
183 3993 287 4073 debet,
301 3994 331 4056 si
344 3991 477 4075 insuper
497 3992 611 4057 habita
625 3991 753 4076 vulgari
767 3967 958 4086 credulitate
980 3997 1224 4079 praestigiorum
1239 3995 1282 4060 ad
1297 3998 1404 4062 matri-

109 4101 209 4166 monia
234 4099 450 4185 impedienda,
466 4120 504 4163 eo
530 4111 672 4165 mentem
702 4099 808 4200 potius
834 4101 1001 4184 appulerit,
1018 4113 1053 4166 ut
1078 4103 1223 4184 traderet,
1249 4105 1403 4188 conjuges

108 4225 166 4273 non
189 4209 468 4294 superstitionibus
482 4227 553 4272 esse
582 4209 755 4288 sanandos,
772 4209 829 4273 sed
854 4210 1024 4292 religiosus
1039 4210 1082 4274 ad
1108 4210 1216 4274 Deum
1231 4207 1403 4291 confugere

109 4327 249 4400 oportere.
295 4319 408 4383 Meum
423 4337 488 4382 non
502 4337 573 4381 esse
587 4317 716 4382 videtur
731 4319 853 4384 diutius
877 4321 910 4384 in
926 4321 978 4384 his
992 4321 1215 4384 controversiis
1230 4320 1401 4384 immorari:

110 4433 227 4506 uantur
239 4427 430 4513 generaliter
450 4425 569 4509 dixere,
586 4445 697 4510 unam,
723 4427 938 4513 eamdemque
952 4426 993 4492 de
1007 4427 1055 4510 iis,
1082 4427 1139 4512 qui
1151 4425 1237 4490 coire
1251 4443 1317 4490 non
1331 4443 1403 4512 pos
