3210 4990
241 425 288 470 ma
312 423 479 470 ruenrcrs
502 422 637 472 aornar
662 411 894 472 ufvarrrourr
917 409 1292 471 nsbvurrurreurees.
1359 401 1420 470 125

117 555 157 626 ta,
171 545 331 628 adquam
347 535 469 610 Missae
483 546 636 610 solemnis
650 545 863 610 celebrandae
877 564 978 610 causa
993 547 1150 630 populum
1175 544 1339 612 Pamclrus
1365 547 1423 612 aua

116 659 285 738 vocaverit,
302 658 507 742 populusque
521 657 562 720 de
577 675 664 721 more
679 659 874 722 convenerit
918 657 1054 722 Additer
1067 661 1154 724 inter
1169 655 1359 726 Mororum
1372 681 1420 724 se·

116 771 247 850 lemnia
263 772 296 834 in
313 769 352 834 iis
366 769 454 834 enirn
470 769 550 834 solet
563 767 716 840 celebrior
729 787 799 832 esse
813 782 995 834 cenventus
1010 769 1128 853 populi,
1155 771 1224 834 sive
1239 767 1355 834 eadam
1370 789 1421 834 ce·

115 881 278 947 lebreetur
302 881 345 944 ab
359 879 429 963 ipse
451 877 605 958 i’aroche,
622 879 690 941 sive
714 879 757 941 ab
771 877 835 941 alie
850 879 983 942 nomine
995 877 1134 944 Parechi
1150 897 1226 944 cum
1242 879 1356 944 eadem
1372 897 1421 943 se·

113 991 290 1072 lemuitate;
320 988 535 1072 nequeenim
560 995 728 1070 repugnat,
761 985 944 1050 Parechurn
969 987 1017 1051 r'rti
1041 989 1286 1052 celebrationem
1312 987 1421 1051 matri·

114 1097 223 1178 monii,
249 1097 295 1161 ita
318 1096 418 1160 etiarn
444 1093 703 1158 denuntiationes
717 1093 883 1158 faciendae
908 1095 1000 1160 alteri
1015 1095 1180 1161 Sacerdoti
1195 1097 1360 1160 mandare.
1382 1095 1420 1162 st

113 1215 296 1287 quaeratur,
311 1223 363 1282 an,
379 1202 435 1266 ubi
451 1201 598 1266 Ecclesia
610 1201 811 1266 ·Parochialis
823 1204 863 1266 sit
874 1203 980 1284 simul,
996 1215 1028 1292 et
1043 1205 1286 1286 conventualis,
1303 1205 1419 1270 Missa·

113 1332 184 1376 rum
197 1311 360 1376 solemnia
374 1329 415 1372 ea
430 1309 586 1388 dicantur,
601 1328 686 1390 quae
700 1313 722 1374 a
736 1309 882 1373 Pareche
896 1329 940 1374 an
954 1329 1001 1391 ea,
1017 1329 1102 1394 quae
1127 1317 1149 1377 a
1164 1309 1344 1393 Conventa,
1360 1329 1419 1377 seu

112 1417 302 1500 acepitule
316 1415 524 1496 celebrantur,
541 1415 658 1480 nullibi
678 1415 712 1480 id
734 1415 905 1482 delinitum
932 1419 1018 1502 nevi;
1035 1437 1139 1501 quum
1164 1431 1274 1484 autern
1289 1421 1368 1485 varii
1384 1421 1418 1487 in

112 1528 175 1592 bac
190 1545 223 1590 re
238 1527 306 1589 sint
320 1525 541 1590 Eeclesiarum
558 1541 671 1604 meres,
687 1523 781 1588 facile
800 1523 1063 1590 concludendum
1078 1535 1135 1606 est,
1151 1525 1331 1608 parandum
1346 1545 1417 1589 esse
1463 1547 1469 1564 ·

112 1635 347 1700 consuetudine
361 1637 396 1698 in
411 1651 609 1716 unaquaque
624 1631 775 1696 Ecclesia
790 1643 944 1716 receptae;
960 1633 1142 1718 optandum
1156 1645 1267 1698 autem
1282 1653 1416 1718 semper,

111 1757 149 1810 ut
161 1745 194 1810 id
209 1745 245 1808 iu
258 1744 352 1828 praxi
367 1753 519 1822 servetur,
543 1761 609 1824 que
634 1739 894 1806 denuntiationes
911 1753 989 1806 tuuc
1004 1741 1093 1820 liant,
1109 1757 1185 1804 cum
1201 1739 1330 1804 facilius
1343 1740 1418 1804 'l'rl-

111 1853 235 1918 dentini
262 1853 380 1916 decreti
406 1852 481 1915 finis
503 1850 695 1929 obtineatur,
722 1849 877 1914 nimirum
897 1867 1001 1932 quum
1025 1845 1221 1928 frmuentier
1242 1855 1291 1908 est
1306 1843 1417 1928 pepuli

109 1977 298 2025 concursus.
342 1959 566 2030 Quamobrem
589 1959 767 2042 improbare
790 1977 856 2021 uon
881 1955 987 2022 audeo
1007 1955 1135 2020 illerum
1151 1955 1343 2038 opinionem,
1359 1955 1418 2038 qui

109 2075 315 2148 putaverunt,
330 2065 438 2150 dignis
464 2065 504 2128 de
526 2067 635 2130 censis
660 2071 682 2132 d
707 2067 853 2130 Parecho
877 2064 1139 2130 denuntiationes
1153 2065 1256 2128 emitti
1273 2083 1366 2147 pesse
1381 2065 1416 2131 in

110 2175 286 2240 Missurum
302 2175 476 2256 solemniis,
492 2185 528 2238 ut
542 2175 583 2238 ad
599 2173 699 2239 aliam
726 2173 849 2258 publici
873 2183 1055 2238 censemus
1076 2173 1190 2240 eedem
1205 2173 1258 2238 die
1272 2173 1415 2238 habendi

109 2291 261 2374 majorem
285 2288 511 2366 celebritatem,
537 2299 635 2369 atque
664 2285 878 2369 frequentiam
908 2283 1148 2350 transferantur.
1192 2287 1289 2350 Ferte
1317 2285 1414 2367 dices,

109 2411 159 2458 ure
174 2397 250 2460 heie
270 2414 336 2459 nen
360 2395 504 2458 insistere
530 2395 564 2458 iu
590 2393 755 2478 principiis
775 2394 922 2477 superius
945 2394 1069 2477 pesitiis
1090 2394 1223 2476 quande
1238 2395 1413 2478 tradebam,

109 2504 151 2568 ita
164 2503 352 2569 Parecbem
367 2501 557 2570 denuntiare
572 2502 687 2566 debere
713 2501 828 2566 diebus
851 2499 976 2566 festivis
987 2499 1029 2564 de
1050 2511 1227 2584 praecepte,
1242 2511 1280 2564 ut
1292 2511 1415 2584 nequet

108 2613 299 2678 denuntiare
320 2613 436 2676 diebus
459 2631 522 2677 nen
551 2611 683 2692 festivis,
708 2612 783 2676 licet
808 2611 889 2674 tales
912 2612 984 2691 sint,
1009 2612 1042 2675 iu
1069 2611 1188 2694 quibus
1203 2613 1349 2676 maxima
1363 2613 1413 2700 sit,

107 2737 137 2790 et
149 2726 288 2789 festivae
302 2725 417 2790 similis
443 2724 553 2808 populi
568 2723 611 2787 ad
635 2723 824 2788 Ecclesiam
850 2723 1003 2786 accessio.
1047 2723 1186 2787 Diversa
1208 2723 1290 2786 haec
1305 2725 1413 2808 potius

108 2846 191 2914 runt,
206 2853 311 2917 quam
324 2834 494 2898 centraria.
538 2833 671 2898 Etenim
696 2831 877 2915 quidquam
900 2832 1028 2898 facilius
1053 2832 1292 2917 indulgendum
1317 2835 1412 2898 Pare-

106 2943 174 3008 clais
189 2955 278 3027 pute,
295 2945 351 3007 ubi
365 2942 570 3008 defferendae
585 2943 651 3007 sint
675 2942 936 3007 denuntiationes
956 2941 998 3006 de
1011 2944 1151 3006 crastino
1164 2963 1215 3007 ex.
1226 2963 1278 3026 gr.
1294 2943 1327 3008 iu
1342 2963 1414 3007 ves-

106 3069 205 3134 peras,
222 3053 302 3134 quia
317 3071 383 3116 non
399 3063 528 3116 tantum
543 3071 577 3116 ru
591 3051 654 3116 hoc
668 3049 840 3134 preposite·
852 3049 1120 3114 Tridentinorum
1146 3049 1279 3114 Petrum
1294 3065 1412 3132 scopus

106 3161 321 3226 attenderetur
344 3161 532 3242 dParoche
558 3159 732 3240 differente,
758 3177 873 3222 rerum
897 3158 996 3222 etiarn
1021 3156 1114 3221 nulla
1124 3155 1243 3218 exinde
1264 3155 1412 3220 subesset

104 3271 237 3348 occasio,
255 3270 418 3353 paulisper
432 3244 600 3332 etsensim
613 3266 784 3331 recedendi
799 3265 1025 3334 a'l'ridentina
1036 3265 1231 3330 definitione.
1275 3265 1318 3327 At
1333 3265 1361 3328 si
1375 3262 1413 3328 il·

105 3377 159 3442 lud
184 3379 329 3462 amplius
355 3377 509 3442 Parechis
535 3375 772 3456 concederetur,
792 3387 837 3440 ,ut
860 3377 957 3454 etiam
983 3373 1099 3440 diebus
1127 3393 1193 3439 nen
1222 3374 1346 3439 festivis
1368 3373 1412 3440 de

104 3499 272 3571 praecepte
297 3485 490 3551 denuntiare
516 3483 669 3566 valerent,
699 3501 901 3567 quamquam
928 3494 994 3547 tarn
1018 3481 1097 3547 ferte
1126 3501 1244 3566 scopus
1273 3481 1410 3550 Geucilii

104 3601 320 3663 attenderetur
344 3599 386 3661 eb
409 3615 566 3680 magnam
592 3594 702 3679 pepuli
727 3595 950 3678 frequentiam,
976 3595 1131 3678 paulatim
1159 3603 1277 3673 umen,
1293 3605 1325 3658 et
1339 3613 1411 3659 sen·

100 3713 161 3776 sim
175 3710 351 3792 disciplina
365 3707 501 3774 Oencilri
518 3707 551 3772 in
567 3706 814 3772 desuetudinem
830 3705 917 3771 abire
932 3717 1047 3791 posset,
1071 3706 1227 3789 quoniam
1242 3705 1336 3771 facile
1361 3725 1410 3771 es·
1471 3725 1483 3740 “

102 3829 147 3878 set
161 3814 377 3898 frequentiam
403 3814 494 3879 illam
521 3815 709 3899 popularem
736 3824 927 3897 praetexere
955 3815 1268 3899 praetemuamquod
1294 3817 1349 3881 ubi
1372 3816 1407 3880 iu

103 3922 277 3989 liissarum
293 3923 458 3988 solemniis
472 3925 665 3988 omittuntur
678 3923 948 4004 denuntiationes,
964 3937 997 3988 et
1011 3923 1095 3990 liunt
1109 3925 1143 3988 iu
1158 3925 1308 4009 vesperis,
1323 3933 1411 3988 esset

103 4031 181 4096 haec
195 4019 481 4098 denuntiationum
496 4032 616 4114 dilatio,
627 4041 659 4096 et
673 4051 762 4096 mera
777 4033 953 4116 translatie;
971 4035 1075 4098 stubi
1091 4035 1189 4099 etiam
1204 4034 1278 4098 aliis
1292 4033 1407 4097 diebus

101 4159 163 4206 een
179 4141 221 4206 de
237 4152 406 4225 praecepto
429 4141 553 4205 festivis
578 4141 699 4220 fierent,
726 4161 791 4205 non
818 4141 1020 4206 differrentur
1034 4141 1118 4222 illae,
1133 4141 1190 4204 sed
1205 4141 1300 4204 citius
1314 4135 1408 4221 perli-

101 4262 254 4314 cerentur.
300 4249 427 4314 Dicitur
439 4251 577 4336 predi-icc,
594 4249 752 4330 videlicet,
778 4259 814 4317 ut
835 4251 917 4315 inter
938 4249 1199 4316 denuntiandum
1214 4249 1259 4313 ita
1274 4248 1406 4313 reciten-

102 4367 151 4420 tnr
164 4355 347 4422 futurorum
361 4357 537 4442 conjugum
553 4359 693 4438 nemina,
709 4369 740 4420 et
755 4358 940 4442 agnomina,
957 4369 1015 4422 aut
1028 4356 1232 4440 cognomina,
1246 4375 1285 4419 ac
1300 4353 1404 4440 patria

103 4463 265 4548 indicetur,
280 4475 315 4530 et
328 4463 529 4550 significetur
542 4483 694 4552 expresse
705 4485 817 4532 eorum
833 4465 984 4532 veluntas
1000 4466 1041 4532 de
1056 4464 1259 4532 matrimonio
1278 4473 1406 4532 centra·
