3210 4990
207 375 270 443 1?ss
564 402 804 452 praecantato
826 405 983 467 ausano,
1004 409 1082 454 ean.
1105 385 1164 452 111.
1192 409 1207 446 ,z
1294 424 1297 437 =

202 519 259 584 cui
273 518 388 585 deinde
403 521 528 604 legibus
543 526 610 588 suis
625 525 790 608 derogavit
804 528 1007 592 Justinianus
1018 531 1165 612 superius
1181 527 1340 608 laudatus,
1357 531 1437 595 dum
1453 549 1508 595 se·

204 632 312 696 terius
327 634 359 696 in
374 637 524 719 conjugia
539 647 701 719 ruptorum
717 639 952 704 animadvertit
996 639 1206 725 Quicumque
1231 653 1428 726 compertum
1443 645 1507 707 ha·

203 741 264 821 bet,
279 753 402 822 quanta
416 743 607 808 duodecimo
623 747 752 810 saeculo
777 747 872 811 fuerit
886 751 1060 812 auctoritas
1080 751 1254 812 Gratianae
1268 747 1509 827 doctrinaeda-

202 849 271 929 oile,
288 863 319 914 et
340 849 449 916 statim
478 854 635 936 inteiligit,
665 875 732 936 qua
759 857 800 918 de
829 877 929 920 cansa
957 859 1016 920 abs
1044 857 1220 920 Justiniani
1247 855 1505 934 definitionibus,

201 976 275 1029 utut
306 968 507 1064 ,confirmatis
536 972 700 1034 sanctione
729 991 890 1036 canonum
921 973 1218 1050 ecclesiasticorum,
1249 986 1411 1034 recessum
1441 969 1509 1032 tait

190 1089 273 1160 post
287 1079 407 1142 editam
436 1083 581 1144 Gratiani
597 1083 741 1166 ejusdem
770 1084 998 1162 collectionem,
1029 1084 1109 1145 adeo
1125 1095 1160 1146 ut
1190 1081 1286 1164 re'cipi
1300 1081 1418 1144 exinde
1433 1099 1508 1142 aoe-

201 1189 289 1269 perit,
319 1191 528 1270 probantibus
551 1194 647 1256 etiam
679 1191 889 1254 Pontificibus
919 1191 1082 1271 Maximis,
1113 1192 1200 1274 apud
1215 1209 1296 1272 quos
1325 1190 1508 1272 plurimum

201 1294 382 1358 valuerunt.
427 1299 572 1360 Gratiani
589 1297 783 1377 traditiones,
799 1309 926 1380 raptant
935 1299 1029 1380 jungi
1044 1311 1136 1380 posse
1152 1299 1275 1380 raptori,
1287 1295 1508 1378 quotiescum-

201 1419 265 1484 que
281 1415 371 1486 rapta
386 1405 500 1470 eadem
516 1408 612 1470 libere
627 1407 660 1469 in
689 1407 877 1488 conjugium
906 1407 1128 1483 consensisset,
1145 1405 1270 1486 cepto,
1286 1395 1318 1464 et
1332 1405 1360 1466 7.
1377 1403 1417 1463 de
1432 1418 1508 1483 rap

201 1521 258 1574 tor.
298 1513 447 1596 Denique
462 1515 589 1578 redacta
619 1535 669 1578 res
684 1497 745 1578 fuit
760 1515 802 1576 ad
832 1513 1014 1580 Concilium
1043 1503 1284 1593 Tridentinum,
1302 1525 1400 1594 atque
1415 1513 1449 1575 in
1464 1531 1507 1574 eo

188 1637 278 1682 sess.
294 1621 343 1684 24.
360 1641 428 1704 cap.
445 1623 474 1684 6.
490 1622 531 1684 de
561 1621 701 1686 Reform.
731 1624 876 1702 matrim,
904 1625 1021 1704 partim
1045 1625 1230 1688 Gentianae·
1244 1625 1409 1684 doctrrnae
1422 1628 1443 1684 a
1458 1641 1512 1684 te-

188 1725 393 1789 ,certioribus
408 1729 621 1792 Pontificibus
635 1731 861 1812 comprobatae
873 1749 1000 1806 morem
1013 1741 1180 1812 gesserunt
1195 1731 1308 1794 Sancti
1323 1728 1505 1810 Antistites,

188 1836 315 1917 partim
330 1837 468 1917 priscam
484 1848 515 1900 et
537 1838 768 1916 Romanorum,
785 1850 817 1900 et
845 1837 1148 1906 Ecclesiasticaram
1164 1825 1273 1918 legum
1289 1838 1441 1918 majorem
1458 1855 1510 1898 se-

189 1946 367 2009 -veritatem
383 1959 626 2010 renovaverunt.
671 1947 832 2010 Nimirum
861 1946 1080 2026 decreverunt,
1107 1957 1144 2008 ut
1172 1941 1253 2008 iriter
1278 1959 1446 2026 raptorem,
1472 1957 1510 2009 et

188 2068 326 2140 raptam
341 2058 498 2138 quamdiu
524 2059 643 2140 ipsein
672 2069 826 2140 potestate
842 2047 1299 2141 raptorisnte'nseritfnuiittm
1314 2059 1509 2141 conjugium

46 2245 50 2254 ι
94 2253 96 2258 Α
192 2163 364 2248 consistat,
392 2168 522 2249 quodsi
551 2179 642 2250 rapta
666 2175 687 2232 a
710 2180 834 2249 raptore
864 2177 1020 2250 separate,
1041 2177 1092 2230 et
1108 2168 1141 2233 in
1157 2167 1229 2230 loco
1257 2174 1334 2245 tuto,
1350 2185 1388 2230 ac
1405 2167 1508 2230 libero

194 2276 366 2356 cottoceta,
382 2278 475 2340 ilium
491 2279 524 2340 in
540 2279 645 2342 virum
670 2279 788 2342 babere
813 2278 1017 2356 consenserit,
1034 2266 1107 2338 earn
1118 2275 1234 2358 'raptor
1247 2276 1281 2338 in
1297 2295 1433 2338 uxorem
1447 2277 1509 2338 he-

190 2387 275 2450 bere
288 2388 396 2468 possit,
427 2387 640 2450 nihilominus
656 2397 765 2448 tamen
795 2386 862 2467 ipse
887 2396 1002 2468 raptor,
1017 2393 1254 2466 ·'atqtte=otnncs
1269 2383 1316 2446 nti
1330 2367 1509 2448 consilium
1591 2463 1592 2475 ἵ

198 2493 370 2574 auxilium,
386 2497 575 2568 et'sevorem
591 2505 787 2578 praeventas,
809 2495 873 2556 sint
899 2494 968 2576 ipsu
978 2495 1063 2577 jure·
1074 2479 1355 2572 excommunicati,
1383 2487 1510 2575 aepor-

199 2615 297 2687 petuo
311 2603 459 2681 infames,
487 2605 698 2683 omniumque
727 2601 924 2684 dignitatum
949 2604 1128 2683 incapaces,
1142 2599 1185 2680 et,
1200 2598 1359 2664 si‘Oierici
1373 2599 1508 2682 merim,

189 2711 242 2774 -de
256 2711 496 2794 propriogradu
521 2711 682 2792 decidens
699 2723 861 2794 praeterea
890 2721 1035 2774 teneatur
1064 2701 1508 2793 raptormuiieremreptam,

189 2822 269 2883 -sive
297 2839 370 2886 eam
400 2836 534 2886 uxorem
563 2819 699 2900 duxerit,
726 2823 794 2883 sive
823 2817 889 2884 ndu
917 2819 1067 2900 durana
1085 2819 1234 2882 decenter
1260 2821 1389 2883 arbitrio
1414 2819 1509 2884 Judi-

194 2929 248 2991 *cis
263 2928 381 2992 dotare.

244 3038 318 3102 Non
332 3047 381 3101 est
395 3037 477 3100 adeo
505 3038 611 3120 plana,
629 3047 726 3119 atque
740 3036 892 3119 expedita
921 3035 1106 3099 Tridentini
1123 3035 1222 3119 hujus
1236 3035 1353 3098 decreti
1366 3047 1514 3099 senten·
1589 3029 1590 3039 ’

200 3144 253 3222 tia,
271 3155 307 3205 ut
331 3143 441 3225 aliqua
464 3161 529 3207 non
553 3143 696 3227 indigeat
725 3145 991 3227 interpretatione.
1038 3144 1124 3206 Cum
1149 3145 1237 3206 enim
1252 3144 1293 3206 de
1308 3156 1430 3226 raptate
1445 3141 1511 3208 fiat

201 3249 331 3329 mentio,
348 3261 379 3314 et
402 3249 442 3312 de
471 3261 573 3333 raptu,
604 3253 713 3315 statim
742 3253 889 3316 oriuntur
917 3239 1132 3333 quaestiones,
1162 3253 1297 3334 quinam
1315 3253 1457 3335 raptoris,
1472 3265 1511 3319 et

201 3357 360 3440 quidnam
375 3371 486 3441 raptus
500 3360 630 3422 nomine
646 3361 851 3442 intelligatur.
875 3361 989 3442 Itaque
1004 3361 1180 3425 dicendum
1191 3363 1348 3444 imprimis
1363 3374 1418 3442 est,
1435 3381 1511 3446 rap-

201 3478 394 3534 toroneam
408 3469 525 3549 vocari,
540 3471 597 3551 qui
613 3470 757 3553 pueliam
772 3489 837 3532 non
867 3471 900 3532 vi
929 3469 1015 3532 facta
1031 3471 1206 3550 violaverit,
1236 3470 1294 3533 sed
1309 3471 1342 3533 vi
1357 3471 1451 3549 sacta,
1469 3485 1513 3537 ut

201 3599 276 3644 eam
290 3581 431 3661 violaret,
448 3581 500 3644 vei
516 3599 650 3644 uxorem
666 3582 803 3661 duceret,
819 3579 860 3644 de
875 3599 940 3644 uno
952 3581 985 3644 in
997 3581 1099 3645 alitam
1110 3581 1218 3644 iocum
1229 3579 1406 3671 abduxerit,
1423 3584 1512 3664 quin
1587 3569 1588 3603 ³

202 3691 382 3770 reserenari
398 3692 465 3755 voti
493 3711 625 3775 compos
654 3692 759 3756 factu·
783 3692 878 3756 fuerit
893 3705 1006 3775 raptor,
1024 3711 1065 3755 an
1082 3695 1199 3772 minus,
1216 3713 1286 3756 can.
1302 3693 1332 3756 2.
1347 3713 1435 3758 caus.
1452 3695 1510 3761 36.

201 3813 325 3885 quaest.
344 3805 370 3864 l.
414 3801 528 3882 Neque
542 3801 650 3863 obstat
679 3821 749 3864 can.
779 3802 829 3865 48.
859 3820 947 3864 caus.
974 3801 1024 3866 27.
1055 3809 1178 3882 quaest.
1203 3800 1242 3879 2,
1266 3817 1323 3863 sen
1353 3819 1459 3864 canon
1476 3801 1510 3865 1.
1586 3855 1587 3885 ,

199 3930 282 3974 caus
296 3911 347 3974 36.
362 3923 489 3994 quaest.
508 3912 543 3989 1,
560 3909 727 3992 inquibus
756 3910 898 3990 traditur,
914 3923 945 3973 et
970 3919 1129 3994 stuprum,
1144 3919 1177 3972 et
1191 3919 1318 3991 raptum
1334 3909 1419 3970 sumi
1435 3927 1512 3990 pro-

202 4021 326 4086 rniscue
340 4041 442 4103 posse,
460 4017 770 4104 praeterquamquod
791 4019 879 4082 enirn
894 4017 1012 4081 ibidem
1035 4037 1111 4082 cum
1127 4018 1194 4081 suis
1210 4017 1419 4099 autographis
1435 4037 1515 4080 ver-

202 4131 245 4194 ba
259 4149 324 4194 non
339 4139 526 4208 consonant,
556 4127 780 4192 adnotandum
795 4138 851 4207 est,
881 4125 1042 4191 Isidorum
1071 4141 1235 4190 canonum
1251 4121 1379 4186 iliorum
1395 4131 1513 4184 aucto-

202 4257 270 4303 rem
285 4237 412 4302 tantum
426 4238 526 4301 fuisse
542 4237 661 4301 ibidem
675 4237 848 4300 sollicitum
864 4235 904 4328 de
919 4235 1039 4317 origine
1055 4232 1295 4312 vocabulorum,
1312 4241 1514 4314 argumenta

202 4360 313 4412 autem
328 4353 492 4412 notatione
506 4348 677 4412 nominum
699 4349 798 4431 potita
826 4363 943 4429 parum
973 4345 1007 4406 in
1031 4345 1102 4426 jure
1131 4341 1247 4404 valere.
1291 4339 1418 4404 Addere
1432 4356 1513 4422 pos-

200 4473 327 4525 sumus.
370 4453 493 4520 Isidoro
507 4455 541 4521 in
565 4455 724 4541 Hispania
744 4454 893 4524 scribenti
908 4463 1002 4517 notas
1016 4469 1082 4518 non
1096 4448 1197 4515 fuisse
1211 4451 1300 4536 leges
1328 4449 1515 4520 iustiniani
