3276 4984
1051 200 1057 235 l

188 301 229 369 86
530 321 774 370 orssunrt'rto
796 321 969 383 secusne,
994 321 1070 369 cer.
1093 299 1148 370 IV.
1264 289 1267 296 Δ

186 457 280 528 retro,
296 455 355 508 ant
365 445 395 508 si
410 455 510 508 morte
524 445 670 529 conjugis
684 443 918 510 dissolveretur.
962 444 1053 508 Alter
1067 419 1142 508 vdro
1164 461 1303 527 sponsus
1314 440 1410 512 nttllu
1425 463 1494 510 em.

185 553 270 637 plius
285 554 492 634 obstringitur
506 553 708 635 obligatione,
724 553 781 634 qui
799 561 964 634 propterea
980 553 1007 616 si
1022 552 1167 616 recedere
1182 560 1203 618 d
1220 553 1425 636 sponsalibus
1440 575 1495 618 ve·

185 663 339 745 lit'plens
355 661 497 725 libertate
521 661 646 743 potitur,
663 679 701 722 ec
717 672 785 726 tum
813 680 861 724 res
877 661 923 722 ite
937 659 1117 739 hebebitun
1134 679 1173 723 ae
1188 660 1216 722 si
1232 671 1345 722 mutuo
1360 680 1493 744 sponso·

125 773 135 836 ’,
182 787 256 832 rum
281 787 442 851 consensu
457 774 477 832 d
492 768 697 850 sponsalibus
720 787 881 834 recessum
907 779 1000 831 esset.
1044 768 1149 832 Paulo
1165 769 1258 832 aliter
1285 789 1334 832 res
1350 785 1419 833 sese
1434 772 1493 834 ha·

183 881 316 958 betoni
341 881 415 962 quis
430 891 501 961 post
524 891 689 943 contrecto
709 879 872 962 sponsalia
898 899 974 944 cum
991 899 1067 959 une,
1095 880 1258 962 sponsalis
1282 879 1399 944 deinde
1413 901 1491 948 cum
1599 907 1600 912 ¹

184 993 249 1057 alie
263 991 465 1071 contraxeris
482 991 600 1054 etenim
616 992 719 1073 priore
735 989 898 1072 sponsalis
913 989 1161 1070 inconsistent,
1178 1003 1215 1054 nt
1230 993 1340 1054 stetim
1355 993 1391 1055 et'
1402 983 1490 1058 insu*-
1599 995 1600 1072 f

182 1119 239 1184 per
253 1099 371 1164 habitis
396 1100 619 1182 posterioribus
645 1099 769 1182 impleri
794 1097 976 1180 postulante
1001 1101 1102 1182 priore
1118 1120 1235 1182 sponse
1262 1112 1293 1164 et
1308 1103 1441 1184 possint,
1458 1115 1492 1167 et

182 1207 330 1287 debee‘m,
345 1209 433 1292 quod
448 1228 560 1272 verum
576 1218 633 1285 est,
649 1209 745 1272 etiem
772 1207 799 1269 si
815 1220 951 1290 utraque
964 1207 1131 1290 sponsalia
1151 1207 1271 1274 suerint
1281 1208 1491 1292 jurejurando
1599 1257 1600 1260 ,

181 1315 318 1396 firmata,
334 1335 403 1398 cap.
419 1315 469 1378 22.
486 1315 666 1396 sponsalib,
689 1316 788 1376 immo
803 1315 900 1378 etiem
915 1333 1030 1378 verum
1057 1314 1199 1393 arbitror,
1214 1317 1366 1395 quemvis
1382 1317 1490 1398 priori-

180 1427 241 1491 bus
256 1426 462 1508 sponsalibus
487 1424 616 1488 nullum
631 1425 800 1488 secesserit
820 1421 1057 1506 jusjurandum,
1074 1423 1131 1486 scd
1159 1435 1286 1488 tentum
1312 1425 1488 1507 posteriori»
1599 1471 1600 1478 t

178 1534 254 1614 bus,·
265 1535 382 1596 etenim
397 1551 493 1598 nemo
507 1533 548 1594 ob
559 1529 767 1614 jurisjurandi
783 1529 973 1610 religionem
989 1529 1032 1592 ed
1047 1528 1080 1592 id
1092 1530 1316 1613 adstringitur,
1326 1532 1413 1614 quod
1428 1533 1488 1596 im·
1599 1503 1600 1584 l

180 1643 351 1726 plerssine
375 1653 505 1724 peccato
520 1659 585 1702 non
610 1651 723 1722 potest,
749 1655 818 1721 esp.
847 1641 895 1704 18.
911 1639 1008 1702 eree.
1037 1637 1078 1702 de
1098 1639 1316 1722 iureiurando.
1360 1641 1488 1706 Interes

178 1761 287 1812 temen
302 1767 362 1830 ego
377 1767 442 1810 non
468 1745 585 1824 dubito,
601 1747 682 1826 quin
697 1767 743 1826 ea,
768 1767 852 1828 quoe
867 1747 1018 1829 despecta
1038 1767 1108 1808 esse
1123 1747 1250 1814 videtur
1264 1753 1285 1814 d
1301 1767 1420 1831 sponso
1438 1749 1487 1818 'sd
1599 1721 1600 1784 i

176 1857 257 1922 olias
273 1858 403 1940 nuptias
418 1853 610 1937 adspirante,
625 1857 780 1922 nundum
788 1853 982 1921 remittendo
992 1855 1093 1921 libere
1108 1853 1174 1934 fiet,
1184 1855 1279 1936 qussi
1293 1866 1370 1921 tuno
1385 1875 1484 1938 spon·

174 1967 259 2032 sella
274 1985 315 2030 ert
330 1965 497 2046 utriusque
512 1975 601 2046 perte
616 1965 773 2028 dissolute
788 1966 918 2046 penitus
932 1965 1122 2028 habeantur.
1149 2007 1151 2014 ,

216 2071 330 2136 Tertio
345 2071 504 2154 generalis
520 2071 799 2138 dissolvendorum
827 2071 1029 2155 sponsalium
1044 2071 1217 2157 ceusojest,
1233 2074 1358 2155 quotics
1373 2095 1424 2140 res
1438 2077 1486 2142 in·
1599 2081 1600 2148 ζ

172 2179 251 2244 cidit
263 2183 298 2244 in
313 2199 390 2244 cnm
404 2199 527 2261 cesum,
552 2203 650 2264 quem
665 2184 692 2245 si
707 2183 934 2248 contrahentes
956 2181 1202 2264 praevidissent,
1225 2183 1407 2250 verosimile
1423 2185 1483 2248 sd·
1599 2213 1600 2232 r

173 2289 309 2354 modurn
324 2300 382 2370 est,
394 2307 450 2352 eos
466 2309 530 2354 non
545 2289 646 2360 fuisse
669 2302 899 2354 contracturos:
915 2297 980 2354 non
995 2289 1082 2374 quod
1103 2294 1137 2356 in
1151 2293 1316 2376 proposito
1323 2295 1396 2377 jure
1411 2295 1485 2377 ipso

174 2393 351 2460 dissolutio
370 2395 509 2474 fict,'sed
537 2397 643 2479 potius
668 2395 755 2480 quod
780 2397 931 2460 alterutro
956 2413 1085 2480 sponso.
1099 2399 1284 2482 postulante
1312 2400 1485 2473 ostentus
1599 2441 1600 2486 3

172 2505 262 2592 quod
284 2504 332 2568 illi
345 2523 407 2569 suo
430 2506 586 2568 interesse
613 2515 793 2588 proponant
819 2506 983 2588 sponsalis
999 2505 1143 2571 dissolvi.
1186 2505 1239 2572 Ad
1255 2507 1371 2590 triplex
1384 2517 1486 2590 caput

170 2631 294 2681 oeusee
308 2613 496 2699 hujusmodi
510 2614 719 2682 reducuntur.
762 2615 909 2682 Primum
924 2627 981 2696 est,
997 2635 1073 2680 cum
1085 2633 1190 2682 mores
1205 2626 1384 2683 mutentur.
1427 2617 1487 2684 Al·

51 2785 57 2798 ,
171 2736 284 2804 terum,
300 2743 376 2788 cum
390 2727 497 2788 evenit
511 2726 650 2808 corporis
665 2725 791 2790 vitium.
835 2725 1046 2806 Postremum,
1062 2741 1138 2790 cum
1160 2733 1329 2792 mutemur
1342 2725 1481 2792 fecum

171 2847 228 2918 tes,
244 2847 302 2900 eut
315 2847 402 2900 certe
416 2837 461 2900 rei
475 2837 643 2900 familiaris
658 2837 818 2919 adjuncto.

212 2947 334 3014 Mutari
349 2947 501 3014 dicuntur
524 2946 685 3010 mores-od
700 2945 910 3012 dissolvendo
935 2967 977 3012 ex
991 2958 1081 3031 ports
1096 2948 1195 3012 nnius
1210 2950 1382 3032 sponsalis,
1399 2971 1480 3032 quo·

171 3057 231 3124 ties
245 3056 395 3122 alteruter
419 3075 461 3120 ex
476 3057 601 3142 sponsis
617 3057 649 3120 in
672 3059 794 3119 crimen
809 3055 1026 3120 fornicationis
1048 3055 1204 3137 inciderit,
1226 3059 1324 3124 etiem
1340 3059 1367 3122 si
1384 3077 1481 3143 spon·
1599 3129 1600 3144 ,

171 3167 252 3231 solie
265 3166 385 3234 fuerint
403 3164 611 3250 jurejurando
626 3164 761 3245 firmate,
786 3185 856 3250 cap.
872 3165 923 3228 st.
939 3165 979 3228 de
999 3168 1216 3252 jurejurando,
1246 3168 1333 3252 quod
1350 3169 1425 3233 lieet
1439 3169 1485 3234 tle
1599 3211 1600 3248 ,

188 3291 293 3356 ponsa
307 3271 533 3336 tantummodo
547 3283 740 3354 conceptum
756 3271 804 3350 sit,
831 3271 925 3336 focile
940 3284 1049 3336 temen
1065 3275 1164 3338 etlam
1179 3275 1224 3338 cd,
1237 3293 1395 3358 sponsum
1409 3295 1480 3358 pro·

172 3381 318 3462 trahitur,
333 3381 412 3464 quis
437 3399 542 3462 nequo
551 3381 624 3464 jure
638 3391 670 3443 et
694 3398 843 3462 sponsus,
859 3392 890 3444 et
915 3400 1035 3464 sponse
1049 3393 1174 3464 propter
1194 3381 1281 3446 idem
1296 3381 1330 3446 in
1345 3391 1483 3463 utroque
1599 3409 1600 3422 ¹

171 3488 373 3574 sponsalium
387 3487 557 3552 vinculum
572 3497 756 3567 censentur,
772 3506 844 3550 ean.
859 3488 910 3552 20.
926 3509 1015 3554 ceos.
1031 3489 1080 3553 32.
1098 3498 1221 3571 quaest.
1238 3489 1267 3552 t.
1311 3489 1367 3552 Ex
1381 3499 1481 3590 ports,

170 3597 318 3678 inquam,
344 3595 452 3677 unius,
469 3613 547 3658 nem
572 3596 630 3675 qui
645 3615 718 3659 rsus
744 3597 889 3660 criminis
914 3607 975 3676 est,
992 3597 1083 3662 nullo
1106 3598 1203 3661 modo
1219 3596 1403 3662 audiendus
1418 3599 1480 3662 erit

171 3703 201 3768 si
216 3701 258 3766 sd
273 3723 307 3766 se
321 3703 513 3785 obligatione
528 3703 732 3768 liberandum
747 3723 843 3768 susm
858 3706 1092 3790 turpitudinem
1102 3706 1256 3788 proderet,
1272 3717 1314 3770 ne
1328 3705 1407 3770 sorte
1421 3707 1483 3772 cri-

172 3831 249 3876 men
263 3811 442 3876 admissum
466 3813 527 3895 ipsi
542 3832 595 3876 reo
619 3813 796 3896 aliquando
821 3816 994 3898 prodesset,
1011 3825 1109 3897 etque
1135 3815 1217 3880 hoec
1227 3815 1482 3900 jurisprudentia
1599 3831 1600 3834 ’

171 3918 341 3984 verissime
361 3929 418 3999 est,
433 3920 488 3982 ubi
514 3920 620 4002 egitur
645 3919 686 3984 de
700 3921 833 3986 crimine
859 3921 1001 3988 admisso
1025 3932 1096 4006 post
1117 3933 1281 3988 contrecto
1306 3922 1481 4004 sponsalis.

170 4029 266 4102 uuit
291 4048 366 4093 vero
394 4029 421 4092 si
446 4028 594 4094 alteruter
624 4047 763 4113 sponsus
785 4041 861 4094 onte
887 4041 1053 4094 contrecto
1083 4029 1248 4113 sponsalis
1276 4029 1482 4112 deliquisses

169 4143 226 4208 dit
244 4142 453 4206 Innocentius
475 4141 534 4205 111.
551 4142 586 4204 in
600 4141 687 4206 dicto
711 4161 782 4224 esp.
797 4141 860 4222 25,
875 4159 941 4207 non
961 4161 1054 4225 posse
1078 4139 1274 4224 praecedens
1288 4141 1409 4210 crimen
1425 4159 1482 4226 op

169 4252 255 4337 poni,
266 4269 340 4314 sem
352 4251 544 4328 obceusam,
561 4260 597 4312 ut
610 4259 696 4332 puto,
713 4249 801 4331 quod
815 4250 936 4314 crimen
951 4248 1148 4332 praecedens
1162 4249 1324 4316 nocenti
1335 4249 1483 4358 quidem,

169 4379 305 4445 morum,
321 4381 386 4430 noo
401 4361 496 4427 detes
511 4359 596 4442 fidei,
611 4371 720 4444 utpote
734 4371 810 4424 ente
825 4362 936 4426 detero
950 4359 1050 4428 fidem
1071 4360 1266 4444 odmissuut,
1279 4361 1481 4430 adversetur.
