3216 4988
401 425 449 476 55
465 425 607 485 ruanis,
631 423 820 472 55515115
848 423 994 470 turnare
1013 425 1114 470 caro.
1348 403 1409 470 251

103 563 223 610 comm.
267 545 421 610 15151551
445 546 583 608 incertas
609 561 736 608 morum
762 561 917 626 personas
945 543 1006 606 sub
1027 525 1134 624 poena*
1155 540 1418 610 excommunica·

105 654 214 731 tionis,
230 655 283 718 cui
308 653 408 716 etiam
422 653 492 734 ipso
517 653 605 716 iacto
619 653 819 734 subjaceant,
844 651 932 731 adigi
947 669 1042 731 posse
1066 649 1178 712 adres
1206 649 1420 712 restituendas

103 761 240 839 alienas,
256 773 313 826 aut
328 761 450 824 damna
465 759 670 834 resarcienda
685 761 826 841 generali
842 759 1002 842 proposito
1013 755 1126 837 edicto,
1143 760 1310 840 perspicue
1325 777 1416 822 cons·
1450 781 1456 792 ·

105 881 154 934 tat
169 865 298 938 ercan.
314 871 344 932 2.
360 887 449 936 caus.
466 873 495 934 5.
510 879 634 951 quaest.
653 869 689 947 l.,
705 887 777 950 cap.
792 868 821 930 2.
838 868 878 930 dc
892 867 986 930 511115.
998 868 1067 951 jud.
1084 867 1195 945 ordin,
1214 878 1338 930 extrav.
1356 885 1415 930 un·

104 977 258 1062 desertis
271 979 328 1042 151.
344 959 461 1042 comm.
504 977 597 1048 Quid
615 995 697 1055 vero,
714 977 741 1038 si
756 977 878 1038 incerta
899 975 944 1038 rei
959 993 1096 1056 persona
1111 974 1161 1052 sit,
1187 992 1288 1054 quam
1305 983 1424 1034 tamen·

104 1089 160 1150 vel
175 1088 261 1167 certi,
279 1088 340 1150 vel·
348 1088 463 1152 incerti
476 1097 582 1166 testes,
598 1084 795 1168 adquorum
811 1069 957 1148 notitiam
980 1082 1133 1146 delictum
1150 1079 1303 1164 pervenit,
1317 1078 1414 1145 lacrle

105 1197 381 1260 demonstramus
424 1197 581 1275 Obtinuit,
597 1207 634 1258 ut
659 1195 721 1258 sub
734 1191 986 1256 comminatione
1010 1209 1231 1270 censurarum,
1258 1189 1313 1278 qui
1336 1187 1416 1250 lacti

31 1359 36 1370 .
105 1301 258 1364 notitiam
273 1301 404 1380 habent,
431 1301 732 1384 addesignandum
757 1319 857 1381 reum,
883 1299 1053 1364 ubiaausa
1077 1299 1186 1380 gravis
1211 1298 1244 1362 id
1264 1297 1420 1382 postulet,

41 1471 47 1484 ,
104 1409 199 1492 adigi
214 1410 354 1490 valeant,
380 1409 559 1474 dummodo
573 1429 616 1474 ex
640 1410 775 1474 crimine
799 1407 945 1486 civiliter,
969 1427 1035 1474 non
1050 1408 1267 1488 criminaliter,
1293 1427 1354 1470 nec
1374 1407 1418 1470 ad

104 1536 249 1599 poenam
271 1518 469 1602 corporalem
483 1517 698 1600 infligendam
724 1517 889 1600 agendum
906 1517 1025 1582 directo
1051 1519 1101 1597 511,
1116 1517 1189 1580 can.
1204 1518 1234 1580 6.
1258 1535 1348 1580 cans.
1368 1516 1417 1578 14.

105 1638 240 1708 quaest.
257 1631 288 1691 5.
302 1647 373 1710 cap.
390 1628 419 1690 l.
434 1627 464 1690 2.
480 1638 513 1690 51
526 1627 584 1690 ult.
600 1627 641 1690 de
656 1627 759 1690 testib.
774 1625 920 1708 cogend,
941 1645 1012 1708 cap.
1027 1626 1079 1688 211.
1095 1624 1136 1686 de
1145 1625 1286 1707 jurejm,
1301 1623 1372 1705 cap.
1389 1622 1419 1684 4.

108 1736 270 1816 1151111115,
287 1737 375 1802 dicta
389 1753 513 1802 extrav.
530 1752 586 1800 un.
602 1735 673 1800 eod.
690 1736 746 1811 tit,
762 1745 885 1798 extrav.
901 1734 931 1796 2.
947 1753 1045 1816 prope
1061 1732 1160 1796 finem
1176 1732 1216 1798 de
1231 1734 1345 1794 simon.
1362 1730 1419 1794 int.

105 1865 225 1910 comm.
269 1845 361 1909 Haec
375 1845 472 1909 liodie
498 1846 678 1908 monitorio
694 1835 890 1925 Pragmatiei
915 1862 932 1906 5
938 1841 1090 1925 ppellant,
1117 1842 1197 1904 olim
1212 1861 1287 1904 vero
1309 1841 1419 1924 appel·

106 1952 221 2016 labant
236 1951 345 2016 literas
371 1953 543 2018 Paulinus
557 1971 600 2014 ex
614 1971 660 2029 eo,
688 1951 776 2033 quod
792 1951 989 2033 temporibus
1013 1951 1110 2014 Pauli
1131 1951 1189 2014 111.
1205 1950 1420 2032 frequentiore

104 2077 168 2122 usu
183 2059 476 2140 promulgarentur.
509 2059 713 2124 Generaliter
727 2059 796 2141 jam
812 2059 1003 2140 probaverat
1013 2059 1068 2142 jus
1083 2059 1281 2137 Romanum,
1298 2067 1334 2120 ut
1349 2059 1421 2140 qui·

105 2182 250 2244 cumque
265 2183 315 2228 res
330 2164 455 2230 alienas
468 2171 491 2230 a
506 2185 571 2230 non
587 2165 719 2230 domino
734 2170 919 2252 accepisset,
936 2166 1092 2230 indicaret
1106 2185 1190 2246 enin,
1214 2173 1234 2231 5
1249 2186 1418 2250 51155555-

108 2274 243 2372 551511.
260 2277 289 2338 5.
315 2273 386 2338 cod.
402 2275 444 2338 da
460 2275 561 2358 furtis3
590 2296 793 2358 quamquam
808 2280 896 2342 enirn
922 2277 988 2342 dici
1002 2289 1142 2359 nequeat
1157 2277 1217 2358 fur,
1240 2280 1298 2360 qui
1312 2278 1419 2343 furem

109 2386 221 2465 movit,
238 2395 269 2448 et
285 2405 350 2449 non
365 2387 497 2467 revelat,
514 2385 572 2450 sed
588 2397 716 2452 tautum
731 2389 788 2470 qui
803 2388 908 2452 furem
925 2390 1022 2468 novit,
1039 2399 1072 2452 et
1086 2389 1178 2468 celat,
1200 2390 1285 2453 148.
1303 2395 1324 2458 1.
1345 2393 1371 2454 1.
1388 2391 1420 2454 ff.

110 2495 149 2558 de
164 2493 270 2574 furtim
288 2493 343 2558 ubi
356 2507 468 2560 temen
483 2496 540 2578 qui
555 2497 647 2559 novit
662 2495 805 2580 legitima
814 2498 935 2582 judicis
947 2499 1136 2562 auctoritate
1153 2500 1373 2582 interrogatur,
1389 2511 1422 2564 et

112 2621 177 2668 non
196 2603 356 2685 patefacit,
372 2605 469 2690 qnasi
483 2601 595 2668 celans
609 2605 721 2669 haberi
737 2615 851 2687 potest;
868 2619 1006 2688 eamque
1021 2607 1062 2670 ob
1077 2626 1145 2670 rem
1167 2607 1302 2672 laudata
1318 2610 1421 2674 troni·

109 2713 190 2778 toria
206 2733 273 2780 non
288 2715 395 2780 solum
411 2718 627 2798 probaverunt
638 2717 736 2780 modo
750 2727 946 2780 memoratae
962 2717 1153 2782 Pontificiae
1164 2721 1419 2798 constitutiones,

109 2821 282 2886 sedetiam
298 2824 482 2888 Concilium
497 2824 731 2888 Tridentinum
745 2823 779 2889 in
794 2845 874 2890 sess.
889 2827 940 2890 25.
957 2827 997 2890 de
1012 2825 1083 2890 Res.
1099 2846 1170 2910 cap.
1194 2827 1223 2890 3.
1239 2827 1291 2890 his
1306 2827 1421 2890 verbis:

108 2933 483 2998 Eacommaaicationcs
497 2936 583 3013 ittae,
601 2955 685 3020 qriae
699 2937 936 3000 monitionibus
947 2939 1149 3020 praemissis
1163 2937 1321 3020 adfinem
1335 2957 1422 3002 rece-
1440 2961 1445 2969 ·

3 3039 7 3044 ’
108 3043 257 3122 lotionis,
273 3053 313 3108 111
334 3047 439 3130 ajunt,
456 3053 517 3109 nat
530 3065 591 3128 pro
606 3045 795 3128 deperditis,
812 3065 870 3108 scu
896 3047 1075 3110 subtractis
1100 3047 1297 3131 rebusscrri
1312 3049 1423 3125 soient,

109 3159 132 3216 a
148 3154 280 3217 nemine
291 3173 432 3237 prorsus
455 3163 690 3239 praeterquam
705 3153 745 3216 ab
773 3153 941 3237 Episcopo
956 3155 1182 3234 decernuntur,
1209 3165 1240 3220 et
1255 3165 1333 3219 tanc
1358 3177 1424 3220 1155

109 3263 210 3341 alios,
227 3283 328 3348 quam
342 3283 382 3327 err
397 3283 432 3326 re
446 3283 512 3326 nort
527 3263 676 3345 uulgari,
692 3283 857 3346 causaque
872 3261 1060 3345 diligenter,
1074 3283 1115 3326 ac
1128 3259 1258 3346 maergvaa
1281 3263 1424 3326 matari·

91 3360 178 3436 'tate
193 3391 256 3456 pet·
273 3372 482 3456 Episcopttm
496 3373 699 3450 eeamirtntu,
716 3379 800 3456 quae
815 3373 887 3454 ejas
901 3373 1056 3434 altimum
1069 3379 1198 3434 cwceui
1213 3371 1273 3454 &a

152 3481 319 3546 Mereatur
343 3481 600 3546 observationem
628 3480 825 3547 Tridentiua
852 3481 933 3544 baec
959 3481 1065 3561 verba,
1094 3479 1257 3572 siqnidem
1281 3497 1319 3541 eo
1339 3480 1417 3562 ipso,

109 3611 178 3675 quo
193 3593 436 3656 monitoricrum
452 3575 624 3684 (1155151155
639 3611 704 3656 non
721 3593 926 3675 improbatur,
951 3595 1072 3656 interea
1086 3585 1268 3675 percipitur,
1283 3611 1357 3656 eam
1370 3613 1418 3655 es-

100 3703 146 3770 'se
162 3717 306 3770 mentem
322 3705 498 3784 Ecclesiae,
514 3713 550 3767 ut
565 3699 723 3786 queniam
739 3705 773 3768 111
789 3707 828 3768 115
843 3707 950 3786 agitur
965 3705 1006 3768 de
1020 3706 1357 3768 excommunicatione
1373 3706 1423 3768 in·

110 3815 265 3900 fligenda,
293 3817 326 3879 in
341 3835 408 3898 qne
422 3835 542 3880 nervos
566 3817 802 3880 ecclesiasticae
818 3817 1010 3898 disciplinae
1032 3818 1186 3898 consistit,
1213 3839 1277 3882 non
1294 3819 1356 3882 11151
1372 3837 1422 3882 so·

112 3925 186 4001 brie,
202 3933 235 3986 et
250 3924 397 3986 maxima
410 3943 487 3986 curn
503 3925 789 4007 circumspectione
805 3945 843 3989 eo
858 3928 898 3988 sit
914 3926 1167 3990 deveniendum.
1212 3929 1298 3991 Hinc
1314 3929 1422 4010 impri-

111 4030 175 4092 mis
191 4029 356 4108 delictum,
373 4045 556 4107 5511551155,
584 4031 624 4094 ob
640 4051 739 4112 quam
756 4033 923 4095 monitoria
941 4035 1159 4117 impetrantur,
1182 4045 1269 4096 certa
1283 4054 1354 4097 esse
1370 4035 1423 4098 de·

111 4137 173 4215 bet,
190 4155 260 4218 cap.
286 4135 314 4198 3.
331 4135 371 4198 115
398 4135 499 4198 1551111.
516 4137 651 4218 eogend.
701 4137 827 4202 Deinde
842 4157 924 4222 opus
939 4151 995 4218 est,
1021 4152 1057 4204 111
1072 4140 1113 4202 de
1140 4161 1170 4202 rc
1187 4141 1277 4222 gravi
1297 4153 1422 4224 agatur,

110 4247 143 4307 in
159 4263 226 4326 qna
242 4245 363 4308 scilicet
388 4263 453 4307 non
465 4257 588 4318 ,temere
605 4245 726 4310 indicta
741 4243 804 4309 dici
822 4251 920 4329 possit
947 4251 1143 4331 gravissima
1159 4251 1421 4314 excommunica-

111 4351 206 4442 tionis
222 4369 334 4433 poena,
351 4369 423 4433 cap.
441 4353 470 4413 5.
486 4351 555 4414 eod.
573 4351 629 4430 tit,
646 4353 733 4416 diem
746 4371 816 4435 cap.
834 4351 862 4438 3.
879 4355 912 4420 15
929 4355 1075 4420 Concilio
1091 4356 1294 4420 Tridentino.
1330 4359 1422 4420 Prae-

112 4475 197 4530 terea
212 4451 399 4528 cavendum
413 4476 469 4544 cst,
487 4475 522 4528 ut
538 4475 607 4529 turn
623 4465 756 4530 demum
772 4467 942 4532 monitoria
957 4467 1185 4550 concedantur,
1201 4487 1278 4534 cum
1293 4469 1358 4533 alia
1374 4491 1422 4534 ra-
