3276 4984
212 341 255 406 32
549 363 793 412 praenarrata
814 366 942 430 rarus,
964 369 1117 436 nonasp.
1139 345 1182 417 11.

210 487 337 553 vinciae
354 487 458 551 ritum
513 487 610 551 Certa
624 487 706 553 haec
720 499 799 553 suut
813 490 903 574 apud
917 509 1042 575 omnes3
1057 504 1148 586 nime
1159 491 1437 562 Seirolasticcrum
1451 495 1513 564 dis·

210 607 294 673 sidia
308 603 542 689 expendamus.
1352 679 1356 688 Ι

253 719 410 785 Melchior
424 717 538 780 Canus
553 715 586 779 in
603 733 662 779 suo
686 715 893 780 celeberrimo
918 735 1012 800 opere
1025 704 1067 782 de
1082 719 1161 784 locis
1174 721 1385 806 Theologicis
1400 724 1469 788 libr.
1482 723 1513 806 8,

209 851 280 914 cap.
296 832 325 894 5.
343 837 473 891 secutus
502 824 717 898 Guillelmum
746 825 972 906 Perisieusem,
988 838 1021 892 et
1049 806 1229 896 doctrinam
1257 833 1395 897 concilii
1424 833 1512 898 Gelo·

209 942 331 1008 niensis
346 938 425 1003 anni
442 935 533 1000 1536.
550 933 689 1014 tradidit,
704 934 836 998 civilem
865 946 1068 1001 contractum
1083 933 1311 1024 econjugibus
1325 941 1443 1008 initum
1457 943 1512 1006 ha·

208 1051 353 1116 bendum
367 1067 437 1110 esse
451 1057 610 1127 tanquam
625 1044 795 1108 materiam
810 1045 1022 1126 sacramenti,
1051 1049 1106 1111 cni
1121 1049 1385 1118 Sanctificandae
1410 1051 1512 1118 forma

208 1169 231 1229 e
244 1160 416 1228 Sacerdote
431 1156 555 1241 prelata
569 1155 712 1235 accedat,
729 1157 851 1220 scilicet
865 1143 942 1221 cum
954 1158 1112 1223 Sacerdos
1133 1162 1186 1242 eit,
1199 1183 1262 1245 ego
1275 1186 1333 1229 eos
1346 1167 1509 1252 conjungo

210 1275 269 1357 ric.
281 1272 377 1354 juxte
391 1265 560 1330 laudatam
587 1261 773 1327 Tridentini
802 1263 940 1328 Concilii
968 1267 1178 1352 sanctionem3
1194 1287 1234 1333 ec
1258 1283 1424 1356 prepterea
1438 1291 1510 1340 coa·

205 1381 312 1459 clusit,
327 1377 511 1442 ministrum
525 1372 727 1438 sacramenti
742 1390 812 1434 esse
836 1373 1051 1454 Sacerdotem,
1067 1376 1124 1456 qui
1139 1377 1197 1440 rite
1210 1380 1402 1462 conjugibus
1416 1381 1509 1447 bene·

207 1493 302 1570 dicat,
318 1505 417 1571 quam
432 1483 612 1548 doctrinam
627 1499 693 1544 non
708 1481 803 1563 pauci
819 1499 862 1543 ex
887 1483 1116 1546 recentioribus
1146 1487 1247 1550 secuti
1262 1499 1347 1552 sunt.
1392 1489 1422 1554 Ε
1437 1509 1510 1556 cen·

207 1601 303 1666 trario
318 1596 420 1660 multo
444 1593 551 1676 plures
566 1609 701 1654 numero
730 1587 868 1670 suerunt,
899 1590 956 1671 qui
985 1590 1224 1656 sacerdotalem
1254 1594 1507 1680 benedictionem

206 1730 293 1778 mere
307 1702 574 1771 caeremonialem
589 1719 669 1774 esse,
684 1697 773 1762 etad
794 1717 896 1761 unam
910 1699 1111 1763 Sacramenti
1126 1701 1371 1786 solemnitatem,
1386 1723 1452 1770 non
1466 1705 1508 1770 ed

206 1818 421 1887 substantiam
439 1812 594 1896 pertinere
623 1808 787 1886 dixerunt,
804 1807 861 1890 qui
876 1817 1042 1889 propterea
1056 1810 1282 1874 contrahentes
1297 1812 1382 1895 ipsos
1397 1814 1508 1878 Secre-

205 1927 306 1994 meuti
321 1922 483 1986 ministros
498 1917 753 2001 appellaverunt;
770 1925 804 1978 at
818 1914 936 1978 deinde
951 1915 1007 1978 ubi
1022 1915 1062 1978 de
1077 1915 1190 1996 sonna,
1206 1921 1381 1986 materiave
1396 1924 1509 1990 Sacra·

204 2035 305 2104 menti
331 2026 535 2113 designanda
548 2035 704 2108 ageretur,
736 2025 769 2087 in
798 2023 906 2088 varias
934 2022 1050 2087 iterum
1065 2023 1186 2086 classes
1214 2025 1340 2090 discissi
1356 2040 1441 2110 sunu
1460 2036 1506 2095 uti

202 2147 293 2212 enim
308 2143 353 2206 ait
367 2136 562 2204 Benedictus
577 2134 667 2198 XIV.
694 2133 734 2196 de
756 2131 890 2214 Synedo
905 2131 1098 2196 dioecesana
1114 2135 1181 2197 libr.
1196 2134 1226 2198 8.
1242 2154 1312 2218 cap.
1331 2138 1388 2216 13,
1405 2139 1505 2224 aliqui

202 2274 279 2321 cum
294 2248 471 2316 Gathorino
485 2245 672 2320 docuerunt,
700 2259 896 2304 consensum
921 2241 1180 2308 contrahentium
1205 2247 1414 2311 exterioribus
1443 2250 1504 2334 sig·

202 2363 254 2426 nis
269 2373 456 2440 expressam
471 2370 541 2414 esse
556 2349 734 2429 materiam,
759 2350 857 2412 rerba
887 2355 998 2414 veroa
1023 2351 1151 2414 Christo
1165 2351 1308 2417 Domino
1323 2358 1421 2422 semel
1436 2375 1505 2442 pro·

201 2471 276 2550 tate,
295 2465 450 2532 Matthaei
464 2482 535 2546 cap.
553 2463 601 2525 te.
614 2467 753 2544 prepter
766 2460 853 2523 leone
866 2459 1029 2544 relinquet
1042 2461 1137 2524 herne
1150 2470 1290 2545 patrem,
1306 2475 1338 2528 et
1351 2477 1502 2548 matrem,

201 2586 233 2642 et
247 2573 437 2641 adhaerebit
446 2571 545 2634 orori
556 2589 645 2646 cuae,
657 2585 728 2630 esse
740 2563 878 2632 sorrrram
889 2587 946 2650 pro
957 2569 1109 2632 omnibus
1121 2568 1266 2636 fidelium
1279 2578 1501 2644 matrimoniis.

201 2689 266 2754 Alii
279 2705 356 2750 cum
372 2684 504 2747 victoria
518 2681 698 2762 opinantur,
721 2679 820 2741 verbe
848 2678 946 2742 unius
975 2679 1202 2759 contrahentis,
1218 2683 1275 2763 qui
1290 2685 1393 2766 primo
1409 2699 1503 2754 tuum

199 2796 351 2881 exprimit
365 2809 568 2869 consensum,
584 2807 655 2850 esse
670 2790 845 2867 materiam,
871 2799 904 2850 et
932 2787 1033 2850 verbe
1061 2786 1206 2851 secundo
1231 2789 1418 2871 proferentis
1432 2813 1504 2858 esee

197 2907 346 2986 fonnam3
362 2922 418 2988 per
431 2918 533 2984 quam
548 2900 652 2980 prima
680 2895 934 2960 determinantur
957 2897 1000 2960 ad
1015 2897 1277 2962 constituendum
1292 2911 1502 2986 contractum,

197 3027 230 3081 et
245 3017 503 3080 Sacramentum.
547 3008 612 3073 Alii
642 3025 718 3072 cum
748 3007 957 3084 Oovarruvia,
988 3006 1147 3088 Bezquez‚
1176 3019 1209 3070 et
1238 3009 1357 3074 Basilio
1386 3011 1503 3078 Pontio

195 3121 392 3198 existimant,
408 3133 588 3181 consensus
602 3113 770 3194 utriusque
785 3111 1003 3176 contrahentis
1019 3114 1132 3193 verbis,
1159 3133 1218 3178 seu
1232 3115 1334 3198 signis
1349 3118 1504 3185 menites»

197 3239 280 3294 tates
294 3247 366 3291 esse
380 3225 528 3303 sormam,
543 3239 676 3306 corpora
690 3239 760 3284 esse
780 3221 950 3286 materiem
965 3233 1128 3304 remotam,
1155 3243 1331 3309 eorumque
1360 3230 1502 3296 traditio·

195 3359 280 3420 nem,
295 3349 327 3402 et
342 3335 595 3420 acceptationem
610 3331 724 3416 (quam
738 3330 858 3410 nescio,
872 3347 938 3412 quo
952 3331 1049 3394 modo
1063 3339 1083 3396 e
1099 3351 1259 3397 consenso
1284 3333 1502 3426 distinguant)

192 3465 264 3514 esse
280 3441 656 3528 materiemproximem.
700 3440 766 3504 Alii
781 3457 859 3502 eum
885 3439 1061 3502 Cerdirralii
1078 3439 1118 3502 de
1133 3441 1365 3524 Lugodictrnt,
1388 3457 1502 3511 contra

193 3558 343 3624 bantium
359 3555 465 3632 verbe,
481 3569 539 3614 seu
555 3550 657 3632 signa,
687 3557 781 3632 prout
795 3553 873 3611 sunt
887 3545 1015 3612 traditio
1030 3565 1207 3629 corporum,
1234 3567 1305 3610 esse
1321 3551 1498 3634 materiem3

193 3675 231 3728 ut
247 3681 320 3727 vare
335 3659 529 3744 significant,
544 3669 577 3720 et
590 3667 730 3721 causam
744 3655 946 3740 personalem
971 3656 1199 3739 obligationem
1225 3657 1258 3721 in
1276 3671 1409 3741 utroque
1423 3679 1502 3726 con·

192 3773 349 3852 trahente,
366 3787 437 3836 esse
448 3767 600 3835 formam.
643 3766 709 3830 Alii
729 3763 880 3847 denique,
911 3775 943 3828 et
957 3765 1062 3849 magis
1090 3767 1305 3831 communiter
1318 3787 1394 3832 curn
1410 3769 1499 3844 Sote.

189 3881 400 3959 Bellarmino,
415 3878 545 3956 suarez,
560 3873 719 3952 Sanchez,
736 3887 769 3937 et
783 3873 921 3952 Genetio
935 3871 1109 3952 affirmant,
1124 3873 1292 3956 utriusque
1306 3875 1505 3940 contrahente

189 3993 230 4056 tis
244 4007 440 4055 consensum
456 3985 573 4065 verbis,
590 4003 648 4048 seu
679 3983 780 4066 signis
808 3999 1001 4064 expressum
1025 3970 1101 4044 'esse
1130 3983 1297 4045 materiam
1328 3983 1434 4062 simul,
1461 3995 1499 4054 et

187 4102 335 4180 sormam,
351 4099 406 4162 sed
421 4097 482 4161 sub
508 4095 638 4160 diversa
662 4092 926 4170 consideratione;
957 4089 1112 4154 nimirum
1140 4091 1318 4170 materiem,
1334 4103 1499 4174 quatenus

188 4210 353 4294 significet
375 4223 548 4290 corporum
577 4201 791 4280 traditionem,
821 4198 968 4278 sormam,
995 4211 1158 4282 quatenus
1185 4211 1335 4264 mutuam
1364 4201 1501 4266 exhibet

184 4313 627 4396 eorundemeceptati'onem.
672 4309 711 4378 Irr
733 4309 923 4392 opinionum
953 4319 1019 4372 tam
1048 4309 1212 4373 variarum
1239 4322 1414 4395 conspectu
1429 4312 1497 4380 clas

183 4425 289 4494 merit
302 4422 457 4490 uuduur
486 4418 697 4500 Canariensis
726 4417 921 4504 Episcopus,
949 4417 1108 4484 iudicium
1136 4435 1202 4486 non
1232 4419 1304 4487 leva
1322 4441 1392 4487 esse
1407 4421 1499 4494 isloi-
