3210 4990
220 432 370 484 aeonorr
393 433 553 482 unrnrna
577 435 733 486 raarrrn
755 435 842 482 arun
867 433 1032 482 nanneno
1054 433 1264 481 consensus.
1350 413 1410 480 171

105 564 149 622 tu
165 553 250 639 legis
278 558 315 636 1.,
330 565 363 622 et
375 558 405 622 2.
429 558 498 622 cod.
514 557 641 622 'I'heod
665 557 706 622 dn
721 569 815 641 raptu
838 557 927 640 virg,
943 555 977 620 id
991 573 1056 620 non
1083 556 1229 639 perrenni
1244 553 1415 638 disciplina

105 675 283 745 senatum
306 675 364 746 ear,
381 667 423 730 ob
433 666 541 750 legem
565 667 595 732 Β.
611 667 681 731 eod.
696 667 742 730 tit
773 667 873 732 latam
887 685 976 730 antro
990 665 1062 732 374.
1105 663 1200 730 Nove
1214 665 1330 730 deinde
1345 683 1415 748 pro-
1452 747 1454 754 y

103 773 176 840 tliit
190 785 283 864 sexto
296 775 426 840 noculo
450 775 653 858 Imperatoris
667 775 842 838 iustiniani
867 774 1060 853 constitutio,
1087 773 1130 836 ed
1155 771 1416 854 exasperandum

103 901 257 966 poenum
271 899 389 964 raptus,
404 893 438 946 et
451 883 553 964 primo
567 881 700 964 quidem
715 899 801 946 anno
816 883 887 946 528.
903 879 1091 964 generaliter
1110 878 1266 943 adversor
1281 895 1344 956 eos,
1359 875 1418 953 oui

102 1009 359 1074 quamcumque
374 990 532 1072 virginem
546 991 738 1074 rapuissent
763 1001 916 1068 statuens,
933 999 969 1052 ut
983 985 1116 1070 capituli
1131 985 1289 1068 supplicio
1295 983 1420 1082 'plecte-

102 1111 236 1176 ranurr,
248 1096 410 1179 denegata
422 1098 520 1162 etiem
545 1099 644 1181 raptis
658 1097 812 1164 facultate
826 1117 882 1182 pro
896 1097 976 1180 ipsis
997 1091 1223 1172 intercedendi,
1239 1111 1281 1156 ne
1295 1109 1333 1156 eo
1347 1091 1419 1174 qui·

101 1207 195 1272 elem
207 1215 382 1289 praetentu,
408 1206 496 1290 qnod
511 1207 607 1272 libere
631 1209 847 1274 consentirent
861 1209 895 1272 iu
920 1205 1051 1289 nuptias
1065 1221 1142 1270 cum
1157 1199 1225 1268 auid
1239 1202 1419 1286 raptoribus

103 1314 363 1394 contrahendas,
379 1326 545 1399 propterea
566 1315 655 1400 quod
669 1335 847 1382 consensus
874 1316 933 1381 isto
948 1325 1005 1382 aut
1019 1312 1191 1392 blanditiis,
1216 1321 1274 1376 aut
1288 1311 1423 1377 minied

103 1423 296 1507 raptoribus
311 1423 389 1506 ipsis
403 1435 660 1508 praesumeretur
673 1437 826 1504 extortus,
843 1425 863 1488 l.
879 1443 934 1488 un.
950 1424 1019 1490 cod.
1034 1423 1076 1488 de
1090 1432 1184 1506 raptu
1199 1422 1288 1505 virg,
1303 1419 1422 1484 deinde

103 1551 207 1599 ammo
220 1529 291 1596 533.
307 1531 481 1616 spaurum
495 1533 652 1600 adversus
666 1553 731 1614 eoa,
746 1535 804 1615 qui
819 1533 889 1598 Deo
904 1531 1028 1596 dicatas
1042 1531 1185 1612 virgines
1199 1527 1421 1607 abduxissent,

107 1637 135 1704 l.
152 1636 207 1700 et
222 1637 292 1704 cod.
307 1638 350 1704 de
373 1640 523 1723 Episcop.
538 1651 571 1705 et
586 1641 698 1706 Olario.
742 1639 962 1706 Confirmatae
975 1637 1107 1704 suerunt
1125 1637 1188 1702 bae
1202 1635 1291 1717 leges
1305 1631 1424 1699 Novel-

109 1745 148 1812 la
166 1747 246 1826 143,
257 1758 290 1814 et
305 1749 385 1829 150,
407 1769 451 1812 ex
464 1751 585 1832 quibus
606 1750 757 1816 omuibus
779 1759 912 1827 constat,
928 1747 1055 1831 legibus
1069 1744 1257 1830 hujusmodi
1271 1741 1424 1827 conjugia

1 1917 2 1932 r
109 1853 247 1939 penitus
260 1856 348 1920 irrita
366 1854 476 1937 brisso,
492 1857 742 1940 qualiacumque
758 1855 891 1920 tandem
911 1865 1074 1938 raptarum
1089 1852 1259 1918 eonaemlo
1271 1848 1424 1914 accessit·

108 1975 174 2030 aet.
218 1965 333 2048 Neque
347 1967 390 2032 ab
404 1968 467 2036 bac
491 1970 651 2035 sententia
665 1969 794 2032 recessit
817 1968 992 2047 Imperator
1007 1965 1075 2030 leo
1088 1972 1301 2046 cognomento
1315 1960 1424 2026 Philo·

108 2069 243 2154 sophus
255 2071 290 2136 in
304 2071 387 2136 Nor.
411 2073 474 2154 35,
489 2081 522 2138 et
535 2074 595 2154 70,
605 2091 814 2156 >quamquam
839 2071 960 2136 ibidem
985 2089 1108 2154 poenas
1123 2079 1246 2134 veteres
1261 2066 1425 2134 emollire·

109 2183 157 2248 rit
170 2193 319 2266 respectu
341 2201 461 2264 eorum,
478 2183 538 2268 qui
562 2183 668 2268 raptui
696 2183 916 2262 indulsissent,
942 2192 999 2246 aut
1013 2193 1142 2264 raptum
1167 2180 1297 2246 statutis
1319 2177 1425 2246 modu
1561 2261 1566 2269 Ι

107 2313 186 2362 nun
209 2294 439 2364 rinduametrt.
482 2293 714 2362 Eccleaustici
733 2295 852 2374 Petrae,
868 2293 924 2375 qui
951 2303 1022 2376 post
1046 2292 1268 2358 lastinianum
1281 2307 1425 2356 canones

107 2399 294 2480 wdetuna
319 2400 564 2476 Justiuianeum
576 2400 783 2486 usepltram
806 2413 911 2470 raum
936 2401 1088 2480 habuere,
1103 2409 1200 2482 atque
1221 2401 1318 2484 juxta
1331 2399 1424 2464 illam

109 2507 349 2575 controversias
368 2507 591 2593 dideivoruntr
612 2510 895 2597 quemamodum
919 2511 1019 2592 liquet
1040 2512 1074 2574 in
1089 2520 1263 2592 conspectu
1288 2509 1423 2574 canonis

112 2618 178 2698 10.,
204 2627 237 2680 et
252 2618 301 2683 11.
325 2636 415 2684 caua
431 2617 482 2685 tt.
504 2629 632 2701 quaest
656 2619 697 2698 2.,
722 2637 861 2701 quorum
886 2621 971 2703 prior
993 2621 1126 2686 nomino
1150 2618 1425 2701 aquisgranensis

112 2725 288 2793 Conciliia
301 2727 457 2797 Gratiam
480 2727 643 2809 laudetuu
659 2729 828 2809 utrobique
843 2739 953 2794 autern
975 2728 1173 2794 interdicitur
1187 2738 1340 2810 perpetuo
1353 2743 1426 2810 rap·

113 2841 176 2914 tae,
193 2851 235 2897 ne
249 2834 367 2916 raptori
391 2835 490 2898 etiarn
503 2835 707 2900 consentiens
728 2836 892 2918 jungatur,
908 2852 1111 2916 quemquam
1132 2845 1205 2918 post
1218 2845 1426 2918 certampoe·

112 2940 288 3006 nitentium
312 2939 506 3004 indulserint
530 2923 714 3006 Meldenses
739 2941 895 3026 Episcopi
920 2953 990 3006 tum
1004 2953 1123 3026 raptae,
1154 2953 1225 3008 tum
1246 2945 1372 3028 raptori,
1387 2953 1425 3010 ut

113 3063 194 3111 eum
206 3044 281 3108 aliis
296 3046 428 3129 nuptias
450 3048 640 3114 contrahere
655 3059 795 3131 possent,
822 3052 870 3116 uti
883 3061 967 3116 reete
981 3051 1150 3116 adnotavit
1164 3051 1338 3118 undenus
1353 3061 1427 3136 post

112 3151 242 3218 dictum
254 3171 416 3222 canonem
428 3156 476 3220 10.
521 3157 642 3222 Verum
655 3158 833 3225 Gratianus
858 3160 944 3226 hanc
959 3162 1064 3246 ipsam
1078 3161 1284 3244 disciplinam
1298 3163 1426 3228 turbere

113 3263 229 3346 eoepit,
246 3282 324 3328 nam
340 3264 375 3327 in
389 3263 456 3330 line
481 3265 627 3350 ejusdem
640 3285 760 3332 causae
773 3267 824 3332 36.
845 3279 970 3350 quaest.
986 3269 1016 3334 2.
1032 3270 1143 3350 voluit,
1159 3271 1291 3354 insuper
1305 3271 1425 3336 beben·

112 3369 176 3434 das
198 3391 270 3436 esse
297 3372 514 3441 Conciliorurrr
539 3386 609 3438 turn
624 3371 810 3455 liddensis,
837 3387 908 3440 tum
933 3359 1207 3460 Aquisgranensis
1233 3379 1425 3460 sanctiones,

113 3499 151 3544 eo
166 3489 348 3564 praetextu,
364 3482 452 3564 quod
467 3483 558 3548 aliter
570 3484 650 3550 olim
664 3486 817 3556 sensisset
838 3487 872 3550 S.
888 3487 1117 3570 Hieronymus,
1143 3490 1238 3574 enjus
1250 3491 1426 3554 auctoritas

113 3585 247 3651 diunae
261 3586 343 3670 legis
371 3589 552 3657 terrimotus
577 3592 738 3663 niteretur,
779 3592 1020 3676 ,Hieronymum
1042 3604 1152 3661 eutem
1177 3607 1342 3662 auctorem
1356 3597 1427 3660 lau·
1524 3678 1527 3686 Ι

113 3695 206 3760 davit
221 3697 257 3762 in
271 3715 345 3762 can.
360 3699 390 3764 8.
414 3698 485 3767 ced.
500 3711 624 3782 quaest
669 3701 745 3783 Ego
753 3687 873 3784 jamin
898 3701 980 3768 meis
1005 3702 1282 3774 lucubrationibus
1296 3706 1331 3770 in
1347 3707 1425 3772 Gra·

114 3808 243 3872 uanum
268 3808 493 3889 animadverti,
519 3829 597 3877 eum
621 3830 791 3906 canonem
806 3812 890 3878 salso
913 3814 1013 3878 irrisae
1036 3815 1236 3898 Hieronymo
1258 3819 1423 3900 tributum3

113 3937 318 4002 quamquam
341 3921 460 3984 verosi
482 3921 674 4004 Hieronymi
699 3934 791 4002 esset,
807 3926 916 3990 statim
938 3926 1083 4008 liqueret,
1110 3939 1275 3996 eneruem
1289 3929 1425 3993 canonis

114 4027 310 4110 expendisse
333 4028 534 4110 singularem
557 4031 757 4098 ludaeorum
782 4033 988 4116 disciplinam
1012 4035 1119 4102 aDeo
1143 4037 1177 4100 in
1201 4049 1307 4101 retere
1329 4047 1423 4100 testa·

116 4147 224 4200 mento
245 4139 481 4220 praestitutam,
489 4142 588 4224 juxta
613 4141 745 4215 laudata
759 4143 866 4224 capita
891 4143 1009 4222 Exodi,
1033 4155 1065 4208 et
1089 4145 1339 4224 Deuteronomii,
1355 4161 1421 4208 non

117 4263 190 4310 vero
203 4265 279 4312 earn
294 4247 509 4330 dracipliuam,
524 4270 617 4336 ,quae
632 4263 787 4336 perpetua
800 4250 881 4316 foret
905 4251 948 4314 ad
963 4253 1163 4318 Christianos
1188 4255 1286 4318 etiam
1302 4273 1343 4316 ex
1359 4251 1422 4316 Dei

118 4371 285 4443 praecepto
311 4359 513 4442 obligandos.
558 4363 707 4444 Denique
736 4362 847 4430 adhuc
875 4363 1116 4432 observandum
1142 4374 1236 4443 meet,
1267 4365 1422 4458 Hierony·

119 4483 206 4534 mum
220 4487 291 4550 non
316 4467 411 4540 aliter
423 4469 559 4540 amibere
585 4471 736 4554 potuisse,
752 4485 854 4553 quom
863 4473 960 4557 juxte
985 4471 1190 4554 discipllnom
1205 4487 1284 4534 suae
1299 4471 1422 4554 aetatis,
