3210 4990
482 441 535 489 flu
556 441 714 490 ereneus
736 441 957 490 ruunuuttio.
1316 425 1376 494 111

97 561 379 649 mnonneidipsum
388 565 498 648 potios
510 565 677 630 diceturiu
689 563 767 629 data
780 585 933 650 expresse
946 563 1148 650 sponsalium
1160 563 1233 648 fide,
1246 585 1287 632 ne
1296 569 1382 633 alias

99 673 156 756 plus
167 685 307 758 operetur
320 675 547 759 praesumptio,
563 693 665 757 quam
680 673 725 738 rei
741 673 875 738 veritas?
918 674 1011 740 Istud
1036 675 1145 760 ipsum
1170 675 1295 760 legibus
1310 678 1380 752 suis

97 781 273 864 longobardi
287 784 513 850 definiverunt.
557 781 647 850 Nam
661 783 695 848 in
715 781 785 848 libr.
800 781 831 850 2.
849 781 895 847 ita
908 781 1056 850 habetur:
1081 785 1132 849 Si.
1147 785 1272 852 (tinuit
1285 809 1381 874 sporr-

97 893 181 956 rurde
193 915 314 978 sponso
328 917 402 972 sun,
414 898 594 984 postquam
608 913 683 958 eone
697 893 915 976 rpmavetr,
932 893 1023 980 quod
1048 894 1248 960 adulterata
1272 897 1326 975 sit,
1343 895 1382 960 ti-

97 1007 148 1060 uot
168 1017 236 1063 eoru
256 1001 457 1084 parentibus
475 999 666 1086 purificare.
683 1049 691 1064 .
709 1048 717 1063 .
735 1048 742 1063 .
766 1010 797 1064 et
823 999 856 1064 ri
866 1010 1042 1086 parentes.
1059 1050 1066 1066 .
1084 1049 1114 1066 ..
1137 1005 1303 1070 mundare
1316 1027 1383 1072 nort

94 1109 244 1190 mourud,
261 1119 340 1173 tune
354 1129 498 1194 aportasse
510 1111 653 1196 recipiet
666 1131 719 1174 res
736 1131 827 1188 urus,
844 1129 933 1196 quus
948 1108 1083 1188 dederit,
1110 1117 1141 1174 et
1154 1111 1216 1174 itia
1227 1111 1387 1196 potiatur·

96 1219 380 1298 poenm‘adutten'i,
395 1219 483 1282 sicut
497 1219 534 1282 in
544 1217 718 1283 deceditis
731 1219 965 1302 scriptumest.
988 1217 1071 1282 Item
1085 1217 1119 1282 in
1132 1217 1200 1282 libr.
1218 1219 1245 1282 1.
1258 1237 1383 1284 earum·

97 1319 152 1384 dom
165 1321 269 1406 legum
281 1326 332 1388 rit.
347 1323 398 1388 ut.
416 1325 477 1408 leg.
494 1323 543 1389 rt.
562 1325 604 1389 de
617 1337 742 1410 raptore
757 1325 887 1389 alienae
902 1345 1053 1412 sponsae,
1070 1325 1164 1408 quasi
1180 1325 1220 1390 de
1236 1326 1387 1394 adultero

98 1435 228 1496 enitentia
239 1434 346 1514 fertur,
358 1435 411 1499 ibi.
436 1435 650 1521 Raptoroero
663 1434 822 1500 adulterii
837 1435 1274 1501 criminisreuroenseatur.
1296 1437 1386 1508 Sunt

96 1539 158 1602 ioue
168 1545 353 1625 petaplcuae
362 1545 444 1628 juris
458 1541 670 1624 definitiones,
683 1543 778 1633 juxta
793 1561 876 1625 quas
890 1543 991 1605 etiam
1007 1535 1246 1626 Glosso'graphi
1261 1552 1389 1609 veteres

97 1641 276 1712 collaudatas
283 1651 366 1732 juris
375 1649 515 1713 Romani
528 1651 614 1734 leges
625 1649 770 1712 similiter
777 1647 916 1711 scribere
929 1666 996 1710 non
1008 1647 1205 1729 dubitarunt,
1216 1650 1315 1714 immo
1324 1667 1387 1714 nec

97 1753 258 1822 dubitarunt
272 1757 424 1821 cultiores
436 1757 574 1822 Romani
581 1757 663 1842 juris
674 1758 875 1840 interpretes,
889 1752 975 1818 inter
989 1773 1071 1838 quos
1085 1756 1198 1818 merito
1213 1753 1312 1818 laudo
1323 1755 1388 1820 Cu·

93 1869 190 1952 jacium
205 1872 238 1934 iu
254 1871 324 1934 libr.
350 1873 379 1934 6.
406 1873 564 1934 observat.
591 1889 661 1953 cap.
691 1869 738 1933 16.
784 1869 859 1934 Non
875 1867 956 1931 adeo
971 1887 1079 1952 presse
1095 1867 1157 1930 ista
1171 1887 1387 1950 persequerer,

26 2049 27 2056 ,
97 1977 116 2039 si
127 1991 299 2063 comperior
313 1979 392 2043 mihi
405 1997 468 2042 non
479 1954 603 2058 inisset,
616 1977 752 2043 Joanem
765 1975 903 2042 Voetum
918 1977 961 2040 ad
973 1979 1020 2041 tit.
1037 1979 1067 2041 5.
1085 1975 1153 2040 libr.
1169 1978 1220 2041 te.
1243 1975 1386 2040 Pandec-

26 2079 27 2096 ³
96 2095 182 2152 urum
195 2109 285 2152 num.
301 2091 333 2152 9.
355 2089 388 2151 in
404 2089 598 2152 contrariam
624 2089 720 2151 ivisse
745 2087 943 2170 opinionem,
966 2099 999 2150 et
1014 2087 1048 2152 iu
1063 2087 1149 2153 hanc
1163 2087 1272 2170 plures
1286 2107 1328 2150 ex
1343 2105 1391 2149 re-

97 2199 268 2264 centioribus
281 2197 471 2262 adtraxisse.
511 2197 572 2262 ulit
583 2197 741 2280 imprimis
752 2197 871 2260 Voetus
884 2193 1083 2259 adulterium
1094 2197 1220 2279 tantum
1230 2195 1264 2260 in
1275 2205 1390 2259 matre-

97 2305 223 2400 familias,
239 2321 273 2374 et
290 2317 391 2394 nupta
402 2309 568 2390 committi,
583 2309 690 2392 qualis
706 2327 826 2392 sponse
841 2300 904 2372 dici
919 2309 1041 2390 nequit,
1054 2306 1075 2369 l.
1094 2307 1143 2370 13.
1161 2309 1183 2374 1.
1200 2307 1239 2385 6.,
1252 2309 1305 2370 cui
1316 2309 1392 2392 jun·

26 2395 28 2418 '
97 2421 342 2505 nnesrrexe.
358 2425 383 2491 r.
400 2421 478 2486 nu
495 2398 537 2486 ar
553 2421 593 2484 oe
610 2421 670 2503 reg.
691 2421 755 2486 ror.
782 2416 823 2482 oe
839 2417 984 2497 aduror,
1000 2413 1106 2482 etex
1121 2419 1193 2482 225.
1210 2417 1288 2482 noe
1303 2417 1390 2484 verb.

26 2547 27 2550 ¹
98 2527 186 2610 siguli
228 2531 383 2596 Secundo
398 2534 450 2611 ait,
466 2551 581 2596 verum
595 2551 665 2594 esse
680 2531 714 2594 in
730 2529 899 2594 nonnullis
913 2529 1054 2612 negotiis
1070 2547 1224 2612 sponsam
1248 2531 1342 2594 uxori
1356 2531 1394 2595 iu

26 2615 27 2636 1
95 2637 151 2719 iore
162 2623 371 2726 aequiparari,
387 2620 452 2705 non
468 2654 576 2704 tamen
602 2641 636 2703 in
659 2639 822 2720 omnibus,
838 2657 899 2702 nec
914 2649 1080 2728 propterea
1097 2643 1131 2702 in
1147 2637 1307 2722 proposita
1323 2657 1393 2722 spe·

26 2747 27 2820 i
98 2745 141 2824 cic,
156 2749 185 2811 in
199 2769 267 2831 qua
284 2748 324 2812 de
339 2751 505 2812 sanctione
520 2747 650 2838 poenali
664 2747 778 2830 egitur,
794 2747 890 2830 cujus
903 2749 1130 2830 ¹interpretatio
1155 2765 1220 2810 non
1236 2751 1284 2810 est
1299 2745 1394 2813 facile

99 2855 296 2933 extendenda,
311 2856 332 2918 l.
350 2855 469 2940 penult.
485 2855 517 2919 ll'.
530 2855 570 2919 de
581 2857 701 2940 poenis.
724 2855 957 2940 Adjicittertio,
970 2855 1148 2936 tradidisse,
1161 2853 1344 2940 Pupienum
1359 2857 1394 2924 iu

100 2957 115 3020 l.
128 2963 169 3025 it.
183 2965 203 3032 1.
218 2965 249 3028 7.
266 2963 300 3028 ll'.
317 2965 359 3027 ad
374 2965 435 3049 leg.
452 2965 471 3030 1
475 2947 574 3029 [1111
589 2965 735 3046 adulter,
750 2984 873 3030 noxam
890 2984 963 3031 rem
977 2967 1143 3031 instituere
1169 2989 1255 3050 eum,
1269 2971 1326 3054 qui
1341 2984 1398 3034 ire·¹

26 3149 27 3154 ἵ
97 3065 369 3140 litodulteriloem
384 3090 541 3157 sponsam·
551 3091 712 3154 accusare,
729 3093 814 3157 quae
833 3075 928 3154 alteri
943 3078 1063 3160 nupsit,
1080 3097 1121 3142 ex
1139 3095 1204 3162 quo
1219 3077 1396 3160 concludit,

101 3170 304 3257 Papinianum
320 3177 472 3244 miratum
488 3179 596 3260 fuisse,
611 3181 699 3264 quod
714 3183 788 3265 quis
802 3183 953 3266 crederet,
970 3205 1012 3249 ex
1035 3185 1104 3250 sola
1128 3187 1303 3251 violatione
1319 3188 1397 3252 fidet

26 3303 27 3308 ¹
102 3289 296 3368 sponsollum,
328 3287 521 3354 adulterium
546 3291 621 3354 dici.
666 3291 817 3376 Denique
843 3275 1004 3357 accedens
1031 3293 1074 3357 ad
1103 3273 1397 3382 interpretationem

26 3405 27 3458 J
103 3403 158 3458 tum
172 3399 315 3482 rescripti
330 3399 508 3464 Alexandri
523 3401 642 3492 Severi,
660 3411 729 3464 tum
745 3418 973 3485 responsorum
987 3403 1128 3486 Ulpiani,
1145 3411 1166 3470 a
1182 3425 1233 3468 me
1249 3404 1400 3490 superius

103 3497 303 3584 laudatorum,
321 3501 462 3584 tradidit,
476 3505 509 3570 in
526 3508 566 3570 iis
576 3507 685 3590 legum
698 3511 920 3572 monumentis
935 3507 1087 3575 damnari
1104 3529 1241 3612 sponsae
1265 3514 1399 3597 sactum,

104 3625 280 3678 innumeri
296 3613 396 3677 voluti
412 3615 615 3696 adulterium,
631 3617 688 3680 sed
704 3616 804 3682 veluti
818 3629 977 3702 stuprum,
994 3619 1081 3705 quod
1109 3621 1208 3686 etium
1232 3625 1259 3687 si
1275 3625 1399 3691 adulte·
1474 3683 1481 3698 .

104 3715 172 3782 rium
182 3717 349 3802 diceretur,
365 3721 513 3786 adulterii
529 3739 647 3786 nomen
662 3723 820 3786 latissime
834 3723 928 3804 sumi,
941 3737 1036 3809 prout
1051 3739 1082 3791 et
1104 3741 1214 3812 stupro
1236 3733 1401 3812 convenit,

26 3899 27 3912 ,
107 3833 247 3909 qoniam
263 3831 318 3893 lex
339 3831 429 3894 inita
452 3833 585 3894 nomina
611 3833 721 3913 stupri,
746 3847 778 3896 et
801 3832 950 3898 adulterii
976 3840 1160 3919 promiscue
1186 3843 1363 3924 usurpavit,
1379 3841 1402 3904 l.

26 3973 27 3976 =
109 3937 134 3999 e.
154 3943 173 4006 1.
200 3943 227 4004 i.
251 3939 286 4004 ff
312 3937 356 4002 ad
381 3941 441 4022 leg.
465 3938 528 4004 Jul.
556 3939 596 4002 de
622 3940 769 4020 adulter,
796 3959 834 4004 ae
860 3941 993 4006 tandem
1018 3943 1209 4030 rescriptum
1224 3939 1406 4012 Aleirendri

26 4045 28 4080 l
110 4047 209 4116 ult.
225 4051 375 4116 cod.·boc
398 4053 444 4116 tit.
469 4069 535 4114 non
552 4049 593 4113 ad
608 4053 849 4116 accusationem
866 4053 1014 4120 adulterii
1030 4057 1195 4140 pertinere,
1212 4037 1269 4124 sed
1285 4061 1327 4123 ad
1343 4059 1404 4144 pri-

26 4171 27 4190 *
112 4165 206 4220 ratum
222 4159 359 4242 injuriae
376 4157 677 4240 vindictam,quau1
692 4179 810 4242 sponso
825 4163 959 4226 concedi
973 4184 1074 4228 cause
1102 4165 1236 4250 injuriae
1262 4169 1293 4231 in
1311 4187 1406 4252 spon-

113 4281 171 4326 sam
185 4265 303 4346 illatae,
320 4267 455 4330 traditur
469 4267 501 4330 in
518 4267 538 4329 i.
556 4269 605 4330 15.
632 4271 655 4334 1.
680 4269 740 4348 24,
767 4269 787 4332 l.
805 4271 854 4335 18.
872 4275 893 4340 1.
909 4271 1033 4355 penult.
1048 4285 1082 4338 et
1097 4250 1153 4338 ult.
1168 4275 1199 4340 ff.
1217 4277 1257 4340 de
1272 4277 1407 4360 injuriis.

114 4369 233 4437 Caetera
248 4390 472 4443 noutmetuoro
486 4375 519 4438 iri
534 4377 731 4440 eontrarium
745 4377 870 4460 proditu
885 4391 1087 4462 argumenta,
1105 4391 1214 4462 utpote
1240 4401 1324 4465 quae
1334 4385 1409 4469 jam

114 4491 149 4538 ex
159 4479 205 4561 iis,
220 4498 306 4564 quae
319 4481 650 4568 eripetitu·dlsputate
664 4492 751 4568 surit,
762 4487 841 4551 s'etis
854 4487 988 4564 arbitror
1003 4487 1185 4553 confectum
1201 4489 1250 4553 iri
