3134 4984
196 403 263 488 [dd
441 445 532 493 carta
548 450 674 514 earne,
695 443 934 506 ermenasiam
949 451 1098 527 assare,
1116 465 1193 512 car.
1210 447 1254 516 Π.

738 723 890 793 creua
909 711 952 794 11'.
1054 825 1056 830 Ι
1127 779 1136 796 .

721 949 776 1018 De
798 928 962 1022 Simonia.
1015 919 1019 926 ι

449 1178 525 1246 Huc
539 1177 695 1244 referendi
710 1196 787 1248 sunt
802 1135 886 1248 tituli
909 1185 938 1250 3.
953 1185 993 1267 cl,
1008 1196 1041 1252 et
1062 1188 1092 1251 5.
1107 1187 1175 1254 libr.
1191 1155 1230 1256 5(

184 1400 310 1615 NON
327 1547 451 1622 interiit,
468 1551 593 1614 utinam
609 1563 718 1618 autern
734 1556 914 1637 interiisset,
940 1575 1017 1622 curn
1032 1570 1241 1628 auctorestto
1252 1566 1409 1652 teterrima
1421 1567 1473 1630 illa

179 1659 258 1738 lues,
275 1681 359 1744 quae
374 1669 393 1728 a
409 1666 542 1730 Simone
565 1669 663 1752 Mago
690 1691 806 1735 nornen
822 1673 955 1755 accepit,
977 1687 1009 1736 et
1023 1693 1124 1756 qnam
1151 1693 1216 1739 uon
1230 1677 1475 1759 distaremeese

177 1768 381 1849 asacrilegto
397 1771 527 1835 tradidit
548 1775 721 1856 Gregorius
737 1779 881 1861 Magnus
893 1783 930 1844 iu
946 1799 1017 1844 can.
1039 1785 1070 1845 Ι1.
1085 1795 1177 1846 carra·
1195 1788 1221 1848 lt
1235 1800 1361 1867 qimam.
1376 1788 1404 1850 3.
1429 1789 1474 1852 lr-

176 1873 271 1953 repsit
299 1875 330 1935 id
357 1876 472 1956 scelus,
500 1879 671 1944 utiterum
698 1903 780 1948 cum
800 1888 953 1969 Gregorio
975 1891 1090 1970 loquar
1108 1888 1234 1952 lucau.
1266 1890 1314 1952 13.
1338 1906 1425 1956 carta.
1448 1895 1469 1956 l.

174 1997 300 2065 quaest.
317 1987 354 2063 1.,
372 1986 411 2050 de
438 1989 546 2052 radice
561 1991 719 2074 pestifera,
742 1997 839 2078 atque
854 2001 886 2061 in
904 2001 973 2080 ipsa
988 2000 1110 2081 origine
1126 2007 1194 2076 sua,
1219 2002 1401 2082 Apostoliea
1415 2002 1474 2068 fuit

174 2091 384 2159 detestatione
399 2097 603 2179 damnatutm
619 2119 695 2165 curn
708 2097 922 2169 cniur'Stnrnn
939 2107 1103 2189 Apostolis
1114 2109 1286 2188 pecuniam
1299 2111 1470 2188 obtulisset,

174 2221 211 2272 ut
226 2209 412 2274 facultatem
429 2229 546 2278 emeret
562 2217 745 2282 conferendi
762 2221 920 2302 Spiritum
934 2222 1105 2297 Sanctum·
1123 2200 1316 2304 gravissime
1331 2223 1471 2308 objurga-

173 2329 226 2382 ttts
240 2317 301 2382 suit
317 2327 335 2384 ir
353 2323 446 2384 Petro
462 2323 512 2386 his
529 2325 642 2390 verbis:
670 2327 822 2391 Pecuula
837 2337 897 2392 cuc
911 2337 1018 2393 tecum
1042 2331 1088 2392 'cit
1102 2329 1381 2413 repertitium,
1403 2353 1470 2417 quo-

170 2431 404 2496 mirmilonum
420 2433 488 2498 Dei
502 2437 704 2508 existimasti
717 2433 1045 2522 praetorianorum.
1068 2440 1221 2500 netarum
1236 2457 1306 2522 cem
1321 2440 1351 2502 8.
1378 2441 1469 2522 Equi·

170 2539 245 2603 dent
260 2553 399 2623 quatuor
413 2544 569 2625 prioribus
589 2541 753 2608 Ecclesiae
768 2548 908 2608 saeculis
923 2565 985 2608 non
1002 2545 1084 2608 adeo
1098 2544 1250 2628 frequens
1273 2547 1336 2610 luit
1347 2549 1470 2612 oecasio
1553 2595 1554 2617 r

167 2651 245 2715 viris
259 2651 491 2730 ecelesiasticis,
508 2673 549 2717 ex
563 2673 629 2736 qua
645 2655 725 2718 illud
741 2657 863 2720 crimen
878 2657 1059 2733 admittent,
1077 2669 1242 2738 propterea
1256 2658 1343 2739 qaod
1363 2657 1468 2720 Eccle-

167 2763 235 2825 siae
262 2761 401 2826 necdum
429 2761 521 2826 bouis
547 2765 777 2847 temporalibus
802 2764 1015 2828 abundarent.
1059 2764 1206 2834 Quando
1225 2779 1301 2826 vero
1327 2765 1468 2828 nantum

166 2871 227 2936 snit
242 2873 378 2954 amplior
404 2873 587 2953 liberalitas,
606 2873 772 2956 luxuiqua
798 2885 896 2956 atqne
912 2874 1066 2937 avaritiae
1093 2875 1182 2936 locus
1197 2875 1294 2937 datus
1319 2875 1368 2937 e!
1384 2875 1466 2956 apud

165 2985 314 3060 clericae,
341 2985 472 3049 saeculo
489 2989 673 3069 praesertim
699 2987 820 3068 quinto,
835 2999 866 3049 et
881 2997 983 3066 sexto,
1000 2985 1157 3048 almaniae
1180 2985 1302 3048 crimen
1321 2985 1467 3067 plurium·

164 3113 236 3158 runt
253 3097 379 3159 animus
390 3097 569 3177 occuparit,
588 3097 673 3160 uude
688 3095 862 3178 Gregorius
881 3095 1021 3178 Magnus
1036 3097 1141 3176 saepe
1158 3111 1197 3157 ae
1211 3095 1345 3177 saepius
1360 3093 1466 3158 debuit

163 3207 358 3268 simoniacos
375 3205 611 3293 reprehendere,
635 3217 681 3268 utr
698 3205 798 3286 liquet
812 3225 854 3268 ex
870 3204 968 3267 variis
983 3203 1072 3267 illius
1096 3203 1265 3268 manners
1279 3221 1466 3268 munumen-

163 3317 203 3379 tls
221 3315 327 3378 relatis
342 3313 430 3397 apud
446 3315 647 3390 Gratianum,
665 3313 895 3396 praesertimin
911 3329 1014 3418 causa
1034 3315 1058 3373 l.
1074 3323 1199 3393 qttnest.
1217 3313 1245 3374 l.
1288 3309 1465 3378 lletestabi-

163 3423 227 3488 lius
243 3435 425 3506 grassatum
441 3423 501 3486 suit
518 3424 631 3486 vitium
646 3421 726 3485 illud
742 3422 873 3486 saeculo
887 3421 1021 3500 decimo,
1038 3433 1069 3484 ct
1086 3419 1465 3501 undecimo;·ineiderrrut

160 3533 248 3596 em'm
265 3531 413 3594 lroruines
441 3543 518 3594 tunc
534 3531 567 3593 in
592 3531 731 3592 obseura
756 3541 908 3611 tempora,
934 3539 967 3590 et
981 3527 1090 3606 fenea,
1113 3528 1233 3609 quilius
1254 3542 1287 3590 et
1313 3539 1464 3610 germane

158 3639 313 3717 doctriua,
338 3651 369 3701 et
385 3639 510 3702 sincera
526 3639 637 3721 pietas,
662 3649 702 3700 ae
719 3637 816 3720 religo
839 3640 872 3700 in
891 3637 1019 3716 Dorum·
1035 3637 1296 3718 raeqrrerttrtnee
1319 3640 1389 3700 risa
1402 3635 1463 3700 snit

156 3746 201 3808 ab
214 3746 402 3808 homiuibus
416 3745 557 3809 exulare.
582 3745 753 3810 Pontifices
769 3745 916 3824 Maximi,
933 3748 1170 3809 intereaeterus
1184 3745 1366 3828 Gregorius
1385 3745 1462 3822 Vll,

158 3855 315 3920 Nicotaus
331 3857 381 3935 11.‚
398 3855 584 3920 Alexander
599 3859 649 3936 ll.,
663 3855 871 3920 Innocentius
887 3855 927 3918 ll.
943 3867 975 3916 ct
990 3853 1140 3918 &allatam
1156 3855 1198 3918 ll.
1214 3854 1463 3936 cacumineris

154 3965 306 4047 epistolis,
319 3983 357 4027 ao
369 3966 523 4028 Cortciliis
534 3979 736 4044 curaverunt,
753 3977 788 4028 nt
802 3965 901 4027 tantis
911 3963 1133 4026 Ecclesiarunr
1145 3964 1359 4028 incommodis
1368 3981 1464 4027 rema-

155 4073 247 4135 dium
262 4073 474 4142 adhiberetur,
491 4091 628 4155 quorum
645 4075 844 4157 diligentiam
857 4075 969 4136 sectati
983 4072 1113 4137 luerunt
1124 4072 1231 4154 plures
1244 4073 1463 4138 Ecclesierum

156 4185 334 4264 Antistites,
351 4185 432 4247 adeo
448 4197 484 4248 ut
495 4187 625 4250 sacculo
641 4187 822 4264 undecimo,
838 4201 871 4249 et
888 4185 1081 4249 duodecimo
1097 4185 1154 4250 vlrr
1168 4186 1365 4249 celebratum
1382 4187 1462 4250 Cou-

156 4295 267 4358 cilium
278 4295 440 4378 adpareat,
453 4297 483 4358 in
496 4313 561 4376 qno
570 4313 710 4362 canonos
719 4297 795 4358 editi
805 4313 870 4359 non
881 4293 1294 4370 fnenntaodamnaodam,
1305 4295 1462 4358 detestan-

154 4403 296 4486 damque
312 4407 493 4469 simoniam.
539 4404 701 4469 Dalirriurr
715 4419 824 4469 autem
851 4405 998 4478 simonia,
1014 4403 1160 4468 studiosa
1179 4404 1328 4470 rotantes
1355 4419 1460 4468 ernen-

149 4513 195 4626 dj,
210 4513 263 4580 vel
275 4514 441 4584 ¹vendendi
457 4497 1405 4604 reeapiriuralessautspiritualtbueaemma-..upra1·
1422 4556 1428 4564 .
1455 4529 1459 4536 ·
