3168 4982
317 535 364 582 nn
387 491 1117 582 uaaarnonrnsrnnsursasnssnroarsus.
1289 507 1370 576 '269

88 658 115 724 lii
133 657 310 727 Tridentini
335 657 463 722 decreto
488 676 566 722 sess.
589 655 640 722 22.
667 653 708 718 de
732 652 872 718 licitum.
899 671 969 735 cap.
984 653 1013 716 5.
1029 652 1071 714 ab
1096 649 1275 716 Ordincriis
1290 660 1370 715 tam·

87 787 167 848 quant
180 769 213 832 in
226 767 292 832 hac
316 778 405 850 parte
420 765 587 848 Delegatis
612 762 816 846 Apostolicis,
843 774 1033 826 nontamen
1048 761 1111 826 nisi
1137 760 1319 840 summarie,
1336 767 1371 822 et

89 889 160 940 extra
173 876 310 958 figuram
321 874 444 960 judicii,
471 871 714 956 cognoscendae
730 883 832 952 erunt,
858 891 899 936 ue
916 871 994 934 sorte
1020 869 1222 953 obreptionis,
1249 868 1300 932 vel
1316 887 1369 938 su·

87 982 215 1062 reptionis
239 981 319 1046 vitio
334 981 487 1049 laborent.
531 983 629 1062 Quae
644 992 754 1048 autern
776 981 809 1042 in
824 978 927 1044 forma
948 979 1167 1042 commissoris
1192 977 1370 1062 expediun-

88 1101 133 1170 tur,
144 1089 227 1174 quod
243 1089 442 1174 frequentius
457 1101 513 1170 est,
542 1089 647 1152 solent
662 1088 703 1152 ad
720 1087 928 1179 Ordinarium
954 1087 1048 1172 dirigi
1063 1105 1129 1150 non
1146 1087 1287 1166 oratoris,
1311 1083 1369 1148 sed

88 1200 216 1280 oratricis,
241 1201 335 1284 cujus
361 1197 525 1264 Ordinarii
540 1197 672 1265 nomine
698 1198 786 1260 venit
801 1196 993 1279 Episcopus,
1018 1208 1075 1262 ant
1089 1199 1158 1281 ejus
1174 1195 1320 1262 Vicarius
1335 1195 1369 1260 in

88 1305 285 1386 spiritualibus
300 1305 469 1388 generalis,
493 1305 580 1388 quod
597 1304 624 1368 si
638 1301 738 1366 Sedes
754 1287 957 1386 Episcopalis
972 1313 1074 1382 vacet,
1096 1323 1138 1366 ex
1153 1302 1238 1385 stylo
1253 1301 1370 1366 Curiae

88 1405 163 1494 dirigi
175 1411 278 1476 solent
302 1410 346 1474 ad
372 1411 559 1474 viciniorem
581 1409 789 1494 Episcopum,
816 1409 870 1472 vel
885 1411 955 1496 ejus
980 1400 1145 1478 Vlcarium
1169 1409 1369 1492 Genemlem,

87 1529 140 1576 non
152 1513 191 1578 ad
204 1515 369 1592 licerium
395 1517 588 1582 Dioeceseos
604 1517 832 1600 Capitnlarmem
875 1517 972 1584 Porro
986 1520 1208 1606 quicumque
1210 1520 1252 1584 sit
1269 1520 1370 1602 Apos-

90 1621 186 1692 tolieus
200 1625 387 1708 Delegatus,
410 1625 553 1691 maxime
568 1624 696 1692 studere
707 1625 812 1724 debet,
828 1645 868 1688 ne
883 1623 1085 1709 Apostolicas
1108 1623 1215 1688 literas
1230 1643 1371 1706 exequa-

89 1741 139 1812 tur,
158 1734 342 1816 priusquam
366 1753 415 1824 ea,
439 1753 524 1816 quae
549 1734 583 1798 in
602 1715 725 1798 eisdem
750 1733 963 1813 continentur,
989 1751 1138 1815 quaeque
1165 1732 1370 1798 discutienda

89 1839 275 1926 mandantur,
290 1842 470 1926 diligenter,
495 1861 561 1906 non
576 1842 688 1906 leviter
702 1853 734 1906 et
757 1841 969 1925 perfunctorie
991 1842 1170 1926 investigae
1197 1841 1297 1908 hinc
1289 1852 1372 1908 inter

88 1965 195 2032 uetera
208 1959 231 2018 a
245 1955 389 2034 testibus,
412 1974 493 2037 quos
508 1955 550 2020 ad
566 1972 704 2018 examen
720 1954 863 2018 veritatis
878 1952 1034 2032 admittet,
1046 1951 1263 2038 jurejurando,
1284 1951 1372 2036 qnod

89 2058 290 2142 testificantur,
314 2059 489 2144 postulabit
502 2061 695 2140 confirmari,
720 2062 896 2128 monitione
912 2062 1089 2144 praemissa
1111 2061 1151 2126 de
1161 2059 1370 2146 jurisjurandi

89 2169 231 2254 religione;
248 2173 325 2236 item
340 2171 453 2240 sedulo
469 2172 711 2254 animadvertet,
734 2192 777 2236 an
794 2171 932 2256 singula,
955 2191 1039 2256 quae
1054 2174 1087 2236 in
1102 2171 1209 2236 libello
1223 2171 1372 2256 supplici,

90 2281 134 2345 rel
146 2283 174 2348 iu
188 2285 359 2364 narrative,
386 2295 422 2351 ut
437 2295 552 2350 vocant
576 2283 727 2368 rescripti,
743 2285 777 2348 in
792 2303 893 2366 quam
906 2281 1005 2346 libelli
1020 2283 1175 2366 supplicis
1194 2282 1296 2348 forma
1311 2294 1371 2348 tra

90 2382 249 2470 ducisele't,
276 2391 402 2454 veritati
416 2411 472 2474 per
497 2391 807 2472 omniaconsonent,
833 2389 968 2454 neforto
994 2391 1037 2454 ab
1058 2409 1123 2456 una
1149 2389 1373 2476 impedimenti

91 2498 186 2580 specie,
201 2511 257 2568 aut
272 2501 317 2564 ab
331 2521 397 2567 nna
411 2519 453 2566 ex
475 2499 641 2587 propositis
660 2501 776 2580 causis,
802 2497 845 2562 ad
860 2495 960 2562 aliam
976 2507 1048 2564 utut
1070 2498 1248 2581 aequalem,
1275 2499 1372 2584 majo

92 2627 147 2672 ren
158 2611 205 2674 rel
220 2612 379 2678 minorem
393 2611 589 2695 dispensatio
605 2611 816 2694 pmtrahatur.

125 2719 240 2788 &usas
262 2721 550 2804 dispensationum,
574 2719 660 2786 circa
683 2739 766 2803 ques
788 2717 959 2802 praecipue
987 2715 1167 2784 executoris
1196 2713 1372 2798 Apostolici

93 2837 224 2908 venatur,
240 2827 359 2890 hodie
352 2837 590 2910 aucreceptus
605 2838 690 2892 sunt:
707 2826 862 2893 nimirum
881 2823 964 2904 fidei,
980 2822 1205 2905 religionisque
1220 2819 1370 2900 tuendae,

93 2940 259 3004 concordiae
273 2939 480 3020 familiarum,
504 2949 561 3004 aut
575 2937 695 3021 publici
710 2937 947 3022 tranquilitatis,
962 2944 1132 3018 provectae
1147 2933 1268 3008 aetatis,
1288 2931 1372 2996 dotis

95 3043 325 3130 incompetentia,
341 3045 511 3128 angustiae
526 3043 597 3123 loci,
613 3043 758 3106 scandali
774 3041 948 3120 avertendi,
970 3043 1046 3104 item
1060 3039 1205 3104 criminis
1218 3037 1371 3102 evitandi.

96 3151 202 3220 Praeter
216 3156 286 3233 has,
302 3173 440 3236 quarum
465 3153 636 3235 praecipua
651 3151 730 3214 ratio
755 3150 865 3214 haberi
880 3149 968 3238 solet,
992 3157 1024 3210 et
1040 3147 1118 3210 istae
1143 3147 1186 3208 ab
1210 3143 1373 3226 aliquibus

96 3264 279 3348 adjiciuntur:
304 3263 494 3328 excellentia
511 3263 544 3326 iu
571 3259 753 3324 Ecclesiam
768 3261 888 3339 merita,
915 3257 1116 3322 conservatio
1133 3255 1264 3320 illustris
1281 3251 1371 3318 lami·

96 3365 145 3433 liae
157 3373 187 3434 in
200 3373 313 3436 eodem
337 3389 450 3452 genere
466 3370 781 3452 consanguineorum
799 3367 886 3430 elias
902 3365 1068 3449 periturae,
1092 3381 1132 3424 ac
1146 3359 1280 3428 demum
1299 3379 1373 3424 con·

96 3482 211 3544 serratio
225 3481 414 3546 lacrritatem
438 3481 471 3543 in
487 3478 602 3542 eedem
617 3477 816 3560 cognatione,
844 3493 883 3537 ne
898 3493 999 3540 causa
1014 3473 1106 3550 detis,
1131 3481 1189 3535 aut
1208 3469 1373 3535 muliebris

96 3591 255 3668 patrimonii
280 3589 314 3652 in
329 3583 427 3652 aliam
451 3586 609 3652 familiam
636 3573 864 3650 distrahantur.
909 3581 1017 3644 Prima
1031 3595 1132 3642 eausa
1147 3576 1231 3653 lidei,
1251 3573 1374 3658 religio·

97 3691 190 3776 litque
205 3696 366 3773 tutandae,
393 3694 498 3760 locum
516 3695 719 3776 potissimum
733 3691 831 3755 habet
851 3688 960 3752 favore
975 3687 1102 3752 illarum
1121 3685 1374 3764 Provinciarum,

98 3795 241 3880 inquibus
256 3799 405 3876 haeretici
428 3799 605 3862 Catholicis
621 3799 769 3880 permixti
785 3807 868 3876 sunt,
891 3817 928 3859 ac
944 3805 1109 3878 propterea
1129 3795 1237 3858 subest
1255 3793 1377 3875 pericu·

97 3903 159 3988 lurn,
172 3929 210 3973 ne
224 3910 251 3971 si
266 3909 331 3975 duo
347 3907 506 3980 Catholici
521 3907 599 3970 sorte
611 3905 852 3990 consanguinei,
869 3903 999 4004 affines,
1007 3902 1113 3964 aliave
1125 3899 1223 3962 simili
1238 3898 1374 3990 necessi·

97 4015 190 4080 tudine
199 4019 301 4102 juncti
318 4017 456 4082 invicem
479 4015 638 4080 abstinere
653 4005 801 4098 conjugio
816 4011 938 4076 debean
945 4021 963 4090 t,
987 4010 1081 4074 facile
1097 4009 1161 4071 sint
1175 4025 1250 4074 cum
1267 4006 1378 4068 haere·

97 4125 154 4188 ticis
165 4127 362 4194 contracturi.
392 4123 560 4190 Secunda
573 4123 762 4188 concordiae
776 4120 981 4198 familiarum,
997 4128 1055 4182 aut
1069 4113 1219 4199 publicae
1234 4107 1375 4190 tranqui-

96 4229 189 4298 llitatis
203 4236 310 4302 locum
323 4235 429 4312 habet,
453 4233 584 4318 quando
599 4231 784 4317 conjugium
809 4230 890 4292 inter
905 4245 1067 4312 personas,
1090 4225 1208 4306 quibus
1229 4215 1376 4282 interdic-

96 4347 217 4424 tnmsst,
233 4343 349 4408 irritum
365 4341 534 4404 conciliare
550 4351 652 4424 petest
673 4340 803 4420 civium,
821 4351 878 4404 aut
893 4339 1137 4421 conjunctorum
1158 4331 1284 4393 animos
1294 4327 1377 4411 jam·

95 4447 143 4516 diu
154 4449 225 4514 diris
239 4451 496 4516 contentionibus
511 4452 699 4534 exagitatos.
733 4444 859 4514 ¹'I'ertia
870 4455 1039 4528 provectae
1062 4441 1177 4504 aetatis
1195 4435 1377 4514 adducitur,

96 4577 159 4626 ⁰⁰¹⁰
173 4562 275 4644 l’uella
291 4560 447 4650 (intellige
462 4562 504 4628 de
518 4583 565 4644 ea,
580 4581 666 4645 quae
680 4561 826 4628 nondum
848 4572 948 4638 nupta
964 4554 1033 4630 suit,
1048 4567 1114 4613 non
1129 4547 1169 4612 de
1185 4543 1297 4628 vidue)
1309 4543 1378 4629 jam
