<?xml version="1.0" encoding="UTF-8"?>
<!DOCTYPE html PUBLIC "-//W3C//DTD XHTML 1.0 Transitional//EN"
    "http://www.w3.org/TR/xhtml1/DTD/xhtml1-transitional.dtd">
<html xmlns="http://www.w3.org/1999/xhtml" xml:lang="en" lang="en">
 <head>
  <title>
</title>
<meta http-equiv="Content-Type" content="text/html;charset=utf-8" />
  <meta name='ocr-system' content='tesseract 3.04.00' />
  <meta name='ocr-capabilities' content='ocr_page ocr_carea ocr_par ocr_line ocrx_word'/>
</head>
<body>
  <div class='ocr_page' id='page_1' title='image "./carolisebastian00beragoog_0486.png"; bbox 0 0 3134 4984; ppageno 0'>
   <div class='ocr_carea' id='block_1_1' title="bbox 288 369 1382 456">
    <p class='ocr_par' dir='ltr' id='par_1_1' title="bbox 288 369 1382 456">
     <span class='ocr_line' id='line_1_1' title="bbox 288 369 1382 456; baseline 0.004 -18"><span class='ocrx_word' id='word_1_1' title='bbox 288 391 334 442; x_wconf 81' lang='lat' dir='ltr'><strong>oe</strong></span> <span class='ocrx_word' id='word_1_2' title='bbox 351 393 556 454; x_wconf 69' lang='lat' dir='ltr'><strong>cressonis,</strong></span> <span class='ocrx_word' id='word_1_3' title='bbox 572 369 810 456; x_wconf 76' lang='lat' dir='ltr'><strong>nnaosrrcr‘s,</strong></span> <span class='ocrx_word' id='word_1_4' title='bbox 823 395 873 440; x_wconf 75' lang='lat' dir='ltr'><strong>oo</strong></span> <span class='ocrx_word' id='word_1_5' title='bbox 889 393 1152 442; x_wconf 75' lang='lat' dir='ltr'><strong>sosrsnrrrors.</strong></span> <span class='ocrx_word' id='word_1_6' title='bbox 1313 372 1382 442; x_wconf 80' lang='lat' dir='ltr'><strong>tot·</strong></span> 
     </span>
    </p>
   </div>
   <div class='ocr_carea' id='block_1_2' title="bbox 77 497 1379 3420">
    <p class='ocr_par' dir='ltr' id='par_1_2' title="bbox 84 497 1376 906">
     <span class='ocr_line' id='line_1_2' title="bbox 85 497 1375 599; baseline 0.002 -19"><span class='ocrx_word' id='word_1_7' title='bbox 85 535 132 599; x_wconf 89' lang='lat' dir='ltr'><strong>pro</strong></span> <span class='ocrx_word' id='word_1_8' title='bbox 144 527 289 598; x_wconf 85' lang='lat' dir='ltr'><strong>suspecto</strong></span> <span class='ocrx_word' id='word_1_9' title='bbox 312 497 482 580; x_wconf 76' lang='lat' dir='ltr'><strong>habendus</strong></span> <span class='ocrx_word' id='word_1_10' title='bbox 497 517 564 595; x_wconf 87' lang='lat' dir='ltr'><strong>erit,</strong></span> <span class='ocrx_word' id='word_1_11' title='bbox 588 519 645 597; x_wconf 89' lang='lat' dir='ltr'><strong>qui</strong></span> <span class='ocrx_word' id='word_1_12' title='bbox 659 517 859 580; x_wconf 73' lang='lat' dir='ltr'>exercendae</span> <span class='ocrx_word' id='word_1_13' title='bbox 874 517 1037 583; x_wconf 88' lang='lat' dir='ltr'><strong>doctrinae</strong></span> <span class='ocrx_word' id='word_1_14' title='bbox 1052 519 1155 599; x_wconf 85' lang='lat' dir='ltr'><strong>gretie</strong></span> <span class='ocrx_word' id='word_1_15' title='bbox 1173 535 1249 582; x_wconf 87' lang='lat' dir='ltr'><strong>curn</strong></span> <span class='ocrx_word' id='word_1_16' title='bbox 1264 517 1375 582; x_wconf 87' lang='lat' dir='ltr'><strong>baere-</strong></span> 
     </span>
     <span class='ocr_line' id='line_1_3' title="bbox 85 627 1376 710; baseline 0.001 -19"><span class='ocrx_word' id='word_1_17' title='bbox 85 630 144 691; x_wconf 87' lang='lat' dir='ltr'><strong>ticis</strong></span> <span class='ocrx_word' id='word_1_18' title='bbox 158 629 407 710; x_wconf 78' lang='lat' dir='ltr'><strong>disputationem</strong></span> <span class='ocrx_word' id='word_1_19' title='bbox 422 627 557 705; x_wconf 88' lang='lat' dir='ltr'><strong>iniverit,</strong></span> <span class='ocrx_word' id='word_1_20' title='bbox 583 645 786 708; x_wconf 83' lang='lat' dir='ltr'><strong>quamquam</strong></span> <span class='ocrx_word' id='word_1_21' title='bbox 802 639 833 690; x_wconf 91' lang='lat' dir='ltr'><strong>et</strong></span> <span class='ocrx_word' id='word_1_22' title='bbox 848 629 916 706; x_wconf 87' lang='lat' dir='ltr'><strong>iste,</strong></span> <span class='ocrx_word' id='word_1_23' title='bbox 932 629 959 692; x_wconf 88' lang='lat' dir='ltr'><strong>si</strong></span> <span class='ocrx_word' id='word_1_24' title='bbox 974 629 1056 692; x_wconf 86' lang='lat' dir='ltr'><strong>elias</strong></span> <span class='ocrx_word' id='word_1_25' title='bbox 1078 627 1250 692; x_wconf 80' lang='lat' dir='ltr'><strong>facultates</strong></span> <span class='ocrx_word' id='word_1_26' title='bbox 1263 627 1376 710; x_wconf 85' lang='lat' dir='ltr'><strong>dispu-</strong></span> 
     </span>
     <span class='ocr_line' id='line_1_4' title="bbox 84 733 1376 818; baseline 0.005 -22"><span class='ocrx_word' id='word_1_27' title='bbox 84 733 161 796; x_wconf 76' lang='lat' dir='ltr'><strong>tandi</strong></span> <span class='ocrx_word' id='word_1_28' title='bbox 176 755 241 798; x_wconf 90' lang='lat' dir='ltr'><strong>non</strong></span> <span class='ocrx_word' id='word_1_29' title='bbox 256 735 382 813; x_wconf 68' lang='lat' dir='ltr'><strong>nobem,</strong></span> <span class='ocrx_word' id='word_1_30' title='bbox 410 736 559 800; x_wconf 84' lang='lat' dir='ltr'><strong>nonsine</strong></span> <span class='ocrx_word' id='word_1_31' title='bbox 585 755 689 818; x_wconf 90' lang='lat' dir='ltr'><strong>poena</strong></span> <span class='ocrx_word' id='word_1_32' title='bbox 703 753 774 800; x_wconf 86' lang='lat' dir='ltr'><strong>esse</strong></span> <span class='ocrx_word' id='word_1_33' title='bbox 789 735 913 816; x_wconf 88' lang='lat' dir='ltr'><strong>debeat,</strong></span> <span class='ocrx_word' id='word_1_34' title='bbox 939 736 959 798; x_wconf 91' lang='lat' dir='ltr'><strong>l.</strong></span> <span class='ocrx_word' id='word_1_35' title='bbox 975 737 1005 800; x_wconf 84' lang='grc'><strong>8.</strong></span> <span class='ocrx_word' id='word_1_36' title='bbox 1023 740 1044 803; x_wconf 84' lang='lat' dir='ltr'><strong>l.</strong></span> <span class='ocrx_word' id='word_1_37' title='bbox 1061 736 1176 802; x_wconf 89' lang='lat' dir='ltr'><strong>ultimo</strong></span> <span class='ocrx_word' id='word_1_38' title='bbox 1205 755 1284 800; x_wconf 90' lang='lat' dir='ltr'><strong>vers.</strong></span> <span class='ocrx_word' id='word_1_39' title='bbox 1303 737 1376 802; x_wconf 83' lang='lat' dir='ltr'><strong>Eos</strong></span> 
     </span>
     <span class='ocr_line' id='line_1_5' title="bbox 84 841 484 906; baseline 0.005 -4"><span class='ocrx_word' id='word_1_40' title='bbox 84 861 148 905; x_wconf 82' lang='lat' dir='ltr'><strong>tero</strong></span> <span class='ocrx_word' id='word_1_41' title='bbox 160 842 230 905; x_wconf 85' lang='lat' dir='ltr'><strong>eorl.</strong></span> <span class='ocrx_word' id='word_1_42' title='bbox 247 841 287 905; x_wconf 89' lang='lat' dir='ltr'><strong>de</strong></span> <span class='ocrx_word' id='word_1_43' title='bbox 302 843 484 906; x_wconf 49' lang='lat' dir='ltr'><strong>haereticis.¹</strong></span> 
     </span>
    </p>

    <p class='ocr_par' dir='ltr' id='par_1_3' title="bbox 77 951 1379 3420">
     <span class='ocr_line' id='line_1_6' title="bbox 115 951 1375 1045; baseline -0.002 -29"><span class='ocrx_word' id='word_1_44' title='bbox 115 953 183 1016; x_wconf 90' lang='lat' dir='ltr'><strong>Non</strong></span> <span class='ocrx_word' id='word_1_45' title='bbox 200 954 306 1016; x_wconf 86' lang='lat' dir='ltr'><strong>solum</strong></span> <span class='ocrx_word' id='word_1_46' title='bbox 330 951 501 1035; x_wconf 87' lang='lat' dir='ltr'><strong>purganda</strong></span> <span class='ocrx_word' id='word_1_47' title='bbox 516 953 697 1035; x_wconf 81' lang='lat' dir='ltr'>respublica</span> <span class='ocrx_word' id='word_1_48' title='bbox 721 963 771 1018; x_wconf 88' lang='lat' dir='ltr'><strong>est</strong></span> <span class='ocrx_word' id='word_1_49' title='bbox 796 952 964 1045; x_wconf 78' lang='lat' dir='ltr'><strong>flagitiosis</strong></span> <span class='ocrx_word' id='word_1_50' title='bbox 979 952 1148 1018; x_wconf 73' lang='lat' dir='ltr'><strong>haereticis</strong></span> <span class='ocrx_word' id='word_1_51' title='bbox 1173 951 1375 1044; x_wconf 66' lang='lat' dir='ltr'><strong>hominibus,</strong></span> 
     </span>
     <span class='ocr_line' id='line_1_7' title="bbox 82 1059 1374 1146; baseline 0.003 -26"><span class='ocrx_word' id='word_1_52' title='bbox 82 1077 181 1121; x_wconf 85' lang='lat' dir='ltr'><strong>rerum</strong></span> <span class='ocrx_word' id='word_1_53' title='bbox 197 1059 294 1122; x_wconf 86' lang='lat' dir='ltr'><strong>etiarn</strong></span> <span class='ocrx_word' id='word_1_54' title='bbox 310 1059 570 1142; x_wconf 84' lang='lat' dir='ltr'><strong>prospiciendum</strong></span> <span class='ocrx_word' id='word_1_55' title='bbox 585 1061 630 1123; x_wconf 77' lang='lat' dir='ltr'><strong>ite</strong></span> <span class='ocrx_word' id='word_1_56' title='bbox 645 1061 825 1126; x_wconf 75' lang='lat' dir='ltr'>Catholicis</span> <span class='ocrx_word' id='word_1_57' title='bbox 839 1072 897 1140; x_wconf 85' lang='lat' dir='ltr'><strong>est,</strong></span> <span class='ocrx_word' id='word_1_58' title='bbox 913 1079 956 1124; x_wconf 88' lang='lat' dir='ltr'><strong>rre</strong></span> <span class='ocrx_word' id='word_1_59' title='bbox 976 1062 1010 1124; x_wconf 89' lang='lat' dir='ltr'><strong>iu</strong></span> <span class='ocrx_word' id='word_1_60' title='bbox 1032 1061 1204 1124; x_wconf 75' lang='lat' dir='ltr'><strong>discrimen</strong></span> <span class='ocrx_word' id='word_1_61' title='bbox 1228 1061 1305 1146; x_wconf 71' lang='lat' dir='ltr'><strong>fglei</strong></span> <span class='ocrx_word' id='word_1_62' title='bbox 1317 1060 1374 1124; x_wconf 81' lang='lat' dir='ltr'><strong>ali·</strong></span> 
     </span>
     <span class='ocr_line' id='line_1_8' title="bbox 82 1165 1379 1258; baseline 0 -29"><span class='ocrx_word' id='word_1_63' title='bbox 82 1165 201 1249; x_wconf 86' lang='lat' dir='ltr'><strong>qnando</strong></span> <span class='ocrx_word' id='word_1_64' title='bbox 226 1169 441 1232; x_wconf 83' lang='lat' dir='ltr'><strong>adducuntur.</strong></span> <span class='ocrx_word' id='word_1_65' title='bbox 485 1170 650 1232; x_wconf 89' lang='lat' dir='ltr'><strong>Pertinent</strong></span> <span class='ocrx_word' id='word_1_66' title='bbox 664 1170 705 1232; x_wconf 83' lang='lat' dir='ltr'><strong>ed</strong></span> <span class='ocrx_word' id='word_1_67' title='bbox 732 1170 818 1234; x_wconf 85' lang='lat' dir='ltr'><strong>harre</strong></span> <span class='ocrx_word' id='word_1_68' title='bbox 834 1189 902 1234; x_wconf 87' lang='lat' dir='ltr'><strong>rem</strong></span> <span class='ocrx_word' id='word_1_69' title='bbox 915 1170 1157 1258; x_wconf 23' lang='lat' dir='ltr'><strong>‘saluberrimae</strong></span> <span class='ocrx_word' id='word_1_70' title='bbox 1182 1169 1257 1232; x_wconf 87' lang='lat' dir='ltr'><strong>illae</strong></span> <span class='ocrx_word' id='word_1_71' title='bbox 1272 1169 1379 1250; x_wconf 85' lang='lat' dir='ltr'><strong>leges,</strong></span> 
     </span>
     <span class='ocr_line' id='line_1_9' title="bbox 84 1275 1371 1360; baseline 0 -22"><span class='ocrx_word' id='word_1_72' title='bbox 84 1279 189 1358; x_wconf 85' lang='lat' dir='ltr'><strong>qulbus</strong></span> <span class='ocrx_word' id='word_1_73' title='bbox 204 1291 338 1343; x_wconf 84' lang='lat' dir='ltr'><strong>cautum</strong></span> <span class='ocrx_word' id='word_1_74' title='bbox 353 1290 410 1357; x_wconf 87' lang='lat' dir='ltr'><strong>est,</strong></span> <span class='ocrx_word' id='word_1_75' title='bbox 427 1299 467 1341; x_wconf 89' lang='lat' dir='ltr'><strong>ne</strong></span> <span class='ocrx_word' id='word_1_76' title='bbox 483 1279 605 1360; x_wconf 83' lang='lat' dir='ltr'><strong>passini</strong></span> <span class='ocrx_word' id='word_1_77' title='bbox 619 1288 651 1340; x_wconf 93' lang='lat' dir='ltr'><strong>et</strong></span> <span class='ocrx_word' id='word_1_78' title='bbox 666 1278 855 1358; x_wconf 77' lang='lat' dir='ltr'><strong>generaliter</strong></span> <span class='ocrx_word' id='word_1_79' title='bbox 871 1279 1049 1359; x_wconf 85' lang='lat' dir='ltr'><strong>unicuique</strong></span> <span class='ocrx_word' id='word_1_80' title='bbox 1064 1275 1159 1340; x_wconf 87' lang='lat' dir='ltr'><strong>liceat</strong></span> <span class='ocrx_word' id='word_1_81' title='bbox 1174 1278 1215 1340; x_wconf 90' lang='lat' dir='ltr'><strong>de</strong></span> <span class='ocrx_word' id='word_1_82' title='bbox 1230 1277 1295 1340; x_wconf 80' lang='lat' dir='ltr'><strong>fide</strong></span> <span class='ocrx_word' id='word_1_83' title='bbox 1311 1277 1371 1343; x_wconf 83' lang='lat' dir='ltr'><strong>dis·</strong></span> 
     </span>
     <span class='ocr_line' id='line_1_10' title="bbox 83 1387 1375 1469; baseline 0.003 -23"><span class='ocrx_word' id='word_1_84' title='bbox 83 1396 190 1466; x_wconf 80' lang='lat' dir='ltr'><strong>putore.</strong></span> <span class='ocrx_word' id='word_1_85' title='bbox 215 1387 290 1448; x_wconf 81' lang='lat' dir='ltr'><strong>Janr</strong></span> <span class='ocrx_word' id='word_1_86' title='bbox 304 1397 430 1448; x_wconf 76' lang='lat' dir='ltr'><strong>veteres</strong></span> <span class='ocrx_word' id='word_1_87' title='bbox 443 1387 654 1468; x_wconf 81' lang='lat' dir='ltr'><strong>Imperatores</strong></span> <span class='ocrx_word' id='word_1_88' title='bbox 670 1387 847 1450; x_wconf 85' lang='lat' dir='ltr'><strong>Christiani</strong></span> <span class='ocrx_word' id='word_1_89' title='bbox 861 1405 938 1448; x_wconf 89' lang='lat' dir='ltr'><strong>curn</strong></span> <span class='ocrx_word' id='word_1_90' title='bbox 955 1399 1096 1466; x_wconf 87' lang='lat' dir='ltr'><strong>nossent,</strong></span> <span class='ocrx_word' id='word_1_91' title='bbox 1123 1387 1236 1450; x_wconf 86' lang='lat' dir='ltr'><strong>turbas</strong></span> <span class='ocrx_word' id='word_1_92' title='bbox 1251 1387 1375 1469; x_wconf 84' lang='lat' dir='ltr'><strong>possim</strong></span> 
     </span>
     <span class='ocr_line' id='line_1_11' title="bbox 84 1489 1375 1576; baseline 0.008 -26"><span class='ocrx_word' id='word_1_93' title='bbox 84 1489 118 1551; x_wconf 85' lang='lat' dir='ltr'><strong>eb</strong></span> <span class='ocrx_word' id='word_1_94' title='bbox 131 1491 296 1554; x_wconf 79' lang='lat' dir='ltr'><strong>haereticis</strong></span> <span class='ocrx_word' id='word_1_95' title='bbox 321 1493 443 1574; x_wconf 82' lang='lat' dir='ltr'><strong>agitari,</strong></span> <span class='ocrx_word' id='word_1_96' title='bbox 470 1495 580 1574; x_wconf 81' lang='lat' dir='ltr'><strong>palem</strong></span> <span class='ocrx_word' id='word_1_97' title='bbox 595 1505 628 1556; x_wconf 92' lang='lat' dir='ltr'><strong>et</strong></span> <span class='ocrx_word' id='word_1_98' title='bbox 641 1494 770 1576; x_wconf 88' lang='lat' dir='ltr'><strong>publice</strong></span> <span class='ocrx_word' id='word_1_99' title='bbox 794 1495 1059 1576; x_wconf 88' lang='lat' dir='ltr'><strong>conquirentibus</strong></span> <span class='ocrx_word' id='word_1_100' title='bbox 1075 1507 1277 1576; x_wconf 83' lang='lat' dir='ltr'><strong>argumenta,</strong></span> <span class='ocrx_word' id='word_1_101' title='bbox 1305 1497 1375 1576; x_wconf 89' lang='lat' dir='ltr'><strong>qui·</strong></span> 
     </span>
     <span class='ocr_line' id='line_1_12' title="bbox 83 1592 1374 1689; baseline 0.006 -27"><span class='ocrx_word' id='word_1_102' title='bbox 83 1601 134 1664; x_wconf 90' lang='lat' dir='ltr'><strong>bns</strong></span> <span class='ocrx_word' id='word_1_103' title='bbox 147 1603 294 1666; x_wconf 81' lang='lat' dir='ltr'><strong>haereses</strong></span> <span class='ocrx_word' id='word_1_104' title='bbox 320 1623 397 1666; x_wconf 76' lang='lat' dir='ltr'><strong>sirus</strong></span> <span class='ocrx_word' id='word_1_105' title='bbox 413 1606 591 1686; x_wconf 78' lang='lat' dir='ltr'><strong>probabiles</strong></span> <span class='ocrx_word' id='word_1_106' title='bbox 616 1592 794 1685; x_wconf 87' lang='lat' dir='ltr'><strong>edocerent,</strong></span> <span class='ocrx_word' id='word_1_107' title='bbox 822 1607 1112 1688; x_wconf 85' lang='lat' dir='ltr'><strong>srrb·grevissirnis</strong></span> <span class='ocrx_word' id='word_1_108' title='bbox 1137 1607 1248 1689; x_wconf 85' lang='lat' dir='ltr'><strong>poenis</strong></span> <span class='ocrx_word' id='word_1_109' title='bbox 1265 1619 1374 1670; x_wconf 91' lang='lat' dir='ltr'><strong>vetue-</strong></span> 
     </span>
     <span class='ocr_line' id='line_1_13' title="bbox 84 1711 1374 1794; baseline 0 -20"><span class='ocrx_word' id='word_1_110' title='bbox 84 1721 149 1774; x_wconf 91' lang='lat' dir='ltr'><strong>runt</strong></span> <span class='ocrx_word' id='word_1_111' title='bbox 162 1712 359 1793; x_wconf 82' lang='lat' dir='ltr'><strong>generaliter,</strong></span> <span class='ocrx_word' id='word_1_112' title='bbox 386 1731 427 1776; x_wconf 84' lang='lat' dir='ltr'><strong>ue</strong></span> <span class='ocrx_word' id='word_1_113' title='bbox 441 1713 474 1776; x_wconf 89' lang='lat' dir='ltr'><strong>iu</strong></span> <span class='ocrx_word' id='word_1_114' title='bbox 491 1713 631 1794; x_wconf 80' lang='lat' dir='ltr'><strong>publicis</strong></span> <span class='ocrx_word' id='word_1_115' title='bbox 644 1716 858 1778; x_wconf 84' lang='lat' dir='ltr'><strong>conventibus</strong></span> <span class='ocrx_word' id='word_1_116' title='bbox 873 1725 904 1776; x_wconf 87' lang='lat' dir='ltr'><strong>et</strong></span> <span class='ocrx_word' id='word_1_117' title='bbox 919 1713 1010 1790; x_wconf 83' lang='lat' dir='ltr'><strong>tideo,</strong></span> <span class='ocrx_word' id='word_1_118' title='bbox 1033 1721 1065 1774; x_wconf 92' lang='lat' dir='ltr'><strong>et</strong></span> <span class='ocrx_word' id='word_1_119' title='bbox 1079 1711 1218 1794; x_wconf 89' lang='lat' dir='ltr'><strong>populus</strong></span> <span class='ocrx_word' id='word_1_120' title='bbox 1235 1712 1374 1774; x_wconf 84' lang='lat' dir='ltr'><strong>turbere-</strong></span> 
     </span>
     <span class='ocr_line' id='line_1_14' title="bbox 83 1819 1370 1904; baseline 0.001 -23"><span class='ocrx_word' id='word_1_121' title='bbox 83 1829 133 1898; x_wconf 86' lang='lat' dir='ltr'><strong>tur,</strong></span> <span class='ocrx_word' id='word_1_122' title='bbox 147 1821 166 1882; x_wconf 94' lang='lat' dir='ltr'><strong>l.</strong></span> <span class='ocrx_word' id='word_1_123' title='bbox 184 1823 209 1883; x_wconf 92' lang='grc'><strong>1.</strong></span> <span class='ocrx_word' id='word_1_124' title='bbox 226 1821 255 1883; x_wconf 88' lang='grc'><strong>3.</strong></span> <span class='ocrx_word' id='word_1_125' title='bbox 271 1819 359 1899; x_wconf 58' lang='lat' dir='ltr'><strong>eset</strong></span> <span class='ocrx_word' id='word_1_126' title='bbox 374 1823 402 1884; x_wconf 83' lang='lat'><strong>5.</strong></span> <span class='ocrx_word' id='word_1_127' title='bbox 418 1821 488 1884; x_wconf 88' lang='lat' dir='ltr'><strong>cod.</strong></span> <span class='ocrx_word' id='word_1_128' title='bbox 504 1823 632 1884; x_wconf 73' lang='lat' dir='ltr'><strong>&#39;Ilheod</strong></span> <span class='ocrx_word' id='word_1_129' title='bbox 648 1821 688 1886; x_wconf 81' lang='lat' dir='ltr'><strong>de</strong></span> <span class='ocrx_word' id='word_1_130' title='bbox 703 1823 764 1901; x_wconf 88' lang='lat' dir='ltr'><strong>his,</strong></span> <span class='ocrx_word' id='word_1_131' title='bbox 780 1823 837 1902; x_wconf 82' lang='lat' dir='ltr'><strong>qui</strong></span> <span class='ocrx_word' id='word_1_132' title='bbox 850 1837 947 1904; x_wconf 89' lang='lat' dir='ltr'><strong>super</strong></span> <span class='ocrx_word' id='word_1_133' title='bbox 961 1821 1148 1902; x_wconf 80' lang='lat' dir='ltr'><strong>religionem</strong></span> <span class='ocrx_word' id='word_1_134' title='bbox 1160 1819 1370 1886; x_wconf 84' lang='lat' dir='ltr'><strong>contendunt.</strong></span> 
     </span>
     <span class='ocr_line' id='line_1_15' title="bbox 83 1925 1371 2013; baseline -0.002 -23"><span class='ocrx_word' id='word_1_135' title='bbox 83 1927 255 2010; x_wconf 85' lang='lat' dir='ltr'><strong>Speelaliter</strong></span> <span class='ocrx_word' id='word_1_136' title='bbox 269 1927 478 1992; x_wconf 81' lang='lat' dir='ltr'><strong>Theodosius</strong></span> <span class='ocrx_word' id='word_1_137' title='bbox 502 1929 747 2013; x_wconf 75' lang='lat' dir='ltr'><strong>blegnusornro</strong></span> <span class='ocrx_word' id='word_1_138' title='bbox 773 1929 844 1992; x_wconf 63' lang='lat'><strong>38&amp;</strong></span> <span class='ocrx_word' id='word_1_139' title='bbox 861 1930 898 1994; x_wconf 89' lang='lat' dir='ltr'><strong>in</strong></span> <span class='ocrx_word' id='word_1_140' title='bbox 911 1929 930 1990; x_wconf 91' lang='lat' dir='ltr'><strong>l.</strong></span> <span class='ocrx_word' id='word_1_141' title='bbox 957 1929 987 1990; x_wconf 80' lang='lat'><strong>2.</strong></span> <span class='ocrx_word' id='word_1_142' title='bbox 1003 1926 1072 1994; x_wconf 85' lang='lat' dir='ltr'><strong>cotl.</strong></span> <span class='ocrx_word' id='word_1_143' title='bbox 1089 1927 1216 1991; x_wconf 85' lang='lat' dir='ltr'><strong>Theod.</strong></span> <span class='ocrx_word' id='word_1_144' title='bbox 1239 1925 1308 1988; x_wconf 88' lang='lat' dir='ltr'><strong>eod.</strong></span> <span class='ocrx_word' id='word_1_145' title='bbox 1325 1925 1371 1988; x_wconf 89' lang='lat' dir='ltr'><strong>tit.</strong></span> 
     </span>
     <span class='ocr_line' id='line_1_16' title="bbox 82 2036 1375 2122; baseline 0 -24"><span class='ocrx_word' id='word_1_146' title='bbox 82 2037 121 2098; x_wconf 87' lang='lat' dir='ltr'><strong>ita</strong></span> <span class='ocrx_word' id='word_1_147' title='bbox 142 2049 278 2101; x_wconf 72' lang='lat' dir='ltr'><strong>cureret:</strong></span> <span class='ocrx_word' id='word_1_148' title='bbox 306 2037 402 2104; x_wconf 85' lang='lat' dir='ltr'><strong>Nntli</strong></span> <span class='ocrx_word' id='word_1_149' title='bbox 416 2059 548 2122; x_wconf 77' lang='lat' dir='ltr'><strong>egresso</strong></span> <span class='ocrx_word' id='word_1_150' title='bbox 573 2040 620 2102; x_wconf 85' lang='lat' dir='ltr'><strong>od</strong></span> <span class='ocrx_word' id='word_1_151' title='bbox 628 2039 824 2122; x_wconf 64' lang='lat' dir='ltr'><strong>praeterens</strong></span> <span class='ocrx_word' id='word_1_152' title='bbox 838 2039 889 2102; x_wconf 84' lang='lat' dir='ltr'><strong>vel</strong></span> <span class='ocrx_word' id='word_1_153' title='bbox 913 2037 1122 2120; x_wconf 84' lang='lat' dir='ltr'><strong>disceptandi</strong></span> <span class='ocrx_word' id='word_1_154' title='bbox 1146 2036 1186 2098; x_wconf 75' lang='lat' dir='ltr'><strong>cle</strong></span> <span class='ocrx_word' id='word_1_155' title='bbox 1203 2036 1375 2118; x_wconf 77' lang='lat' dir='ltr'><strong>religione,</strong></span> 
     </span>
     <span class='ocr_line' id='line_1_17' title="bbox 82 2142 1377 2231; baseline -0.004 -25"><span class='ocrx_word' id='word_1_156' title='bbox 82 2146 125 2207; x_wconf 82' lang='lat' dir='ltr'><strong>vel</strong></span> <span class='ocrx_word' id='word_1_157' title='bbox 136 2147 309 2225; x_wconf 63' lang='lat' dir='ltr'><strong>boenerii,</strong></span> <span class='ocrx_word' id='word_1_158' title='bbox 334 2147 529 2210; x_wconf 71' lang='lat' dir='ltr'><strong>catenatur·</strong></span> <span class='ocrx_word' id='word_1_159' title='bbox 543 2146 674 2231; x_wconf 80' lang='lat' dir='ltr'><strong>aliquid</strong></span> <span class='ocrx_word' id='word_1_160' title='bbox 697 2145 866 2227; x_wconf 82' lang='lat' dir='ltr'><strong>deserendi</strong></span> <span class='ocrx_word' id='word_1_161' title='bbox 878 2151 1030 2228; x_wconf 81' lang='lat' dir='ltr'><strong>patescet</strong></span> <span class='ocrx_word' id='word_1_162' title='bbox 1056 2142 1189 2220; x_wconf 84' lang='lat' dir='ltr'><strong>occasio,</strong></span> <span class='ocrx_word' id='word_1_163' title='bbox 1205 2149 1235 2206; x_wconf 89' lang='lat' dir='ltr'><strong>et</strong></span> <span class='ocrx_word' id='word_1_164' title='bbox 1249 2142 1281 2204; x_wconf 84' lang='lat' dir='ltr'><strong>si</strong></span> <span class='ocrx_word' id='word_1_165' title='bbox 1294 2142 1377 2224; x_wconf 83' lang='lat' dir='ltr'><strong>quic.</strong></span> 
     </span>
     <span class='ocr_line' id='line_1_18' title="bbox 80 2252 1375 2340; baseline 0 -26"><span class='ocrx_word' id='word_1_166' title='bbox 80 2253 318 2338; x_wconf 79' lang='lat' dir='ltr'><strong>postltoe&#39;oosn</strong></span> <span class='ocrx_word' id='word_1_167' title='bbox 338 2257 554 2340; x_wconf 62' lang='lat' dir='ltr'><strong>greeimqrie</strong></span> <span class='ocrx_word' id='word_1_168' title='bbox 579 2256 766 2320; x_wconf 48' lang='lat' dir='ltr'><strong>&amp;creabili</strong></span> <span class='ocrx_word' id='word_1_169' title='bbox 781 2262 896 2318; x_wconf 72' lang='lat' dir='ltr'><strong>cerrito</strong></span> <span class='ocrx_word' id='word_1_170' title='bbox 909 2252 1102 2336; x_wconf 75' lang='lat' dir='ltr'><strong>hujusmodi</strong></span> <span class='ocrx_word' id='word_1_171' title='bbox 1124 2252 1375 2332; x_wconf 79' lang='lat' dir='ltr'><strong>legernvenien-</strong></span> 
     </span>
     <span class='ocr_line' id='line_1_19' title="bbox 82 2364 1374 2450; baseline 0 -24"><span class='ocrx_word' id='word_1_172' title='bbox 82 2365 152 2429; x_wconf 84' lang='lat' dir='ltr'><strong>dnm</strong></span> <span class='ocrx_word' id='word_1_173' title='bbox 165 2387 233 2430; x_wconf 81' lang='lat' dir='ltr'><strong>esse</strong></span> <span class='ocrx_word' id='word_1_174' title='bbox 248 2367 435 2445; x_wconf 73' lang='lat' dir='ltr'><strong>crediderit,</strong></span> <span class='ocrx_word' id='word_1_175' title='bbox 444 2367 496 2430; x_wconf 81' lang='lat' dir='ltr'><strong>oet</strong></span> <span class='ocrx_word' id='word_1_176' title='bbox 510 2369 769 2432; x_wconf 81' lang='lat' dir='ltr'><strong>insistere-moto</strong></span> <span class='ocrx_word' id='word_1_177' title='bbox 780 2367 961 2450; x_wconf 72' lang='lat' dir='ltr'><strong>pestiferae</strong></span> <span class='ocrx_word' id='word_1_178' title='bbox 979 2364 1258 2448; x_wconf 78' lang='lat' dir='ltr'><strong>perseverationis</strong></span> <span class='ocrx_word' id='word_1_179' title='bbox 1275 2364 1374 2426; x_wconf 75' lang='lat' dir='ltr'><strong>nerde-</strong></span> 
     </span>
     <span class='ocr_line' id='line_1_20' title="bbox 81 2471 1373 2561; baseline -0.002 -25"><span class='ocrx_word' id='word_1_180' title='bbox 81 2473 128 2553; x_wconf 82' lang='lat' dir='ltr'><strong>bit,</strong></span> <span class='ocrx_word' id='word_1_181' title='bbox 141 2477 330 2561; x_wconf 77' lang='lat' dir='ltr'><strong>competenti</strong></span> <span class='ocrx_word' id='word_1_182' title='bbox 352 2473 473 2560; x_wconf 70' lang='lat' dir='ltr'><strong>poena¹</strong></span> <span class='ocrx_word' id='word_1_183' title='bbox 495 2485 526 2539; x_wconf 86' lang='lat' dir='ltr'><strong>ct</strong></span> <span class='ocrx_word' id='word_1_184' title='bbox 540 2478 645 2560; x_wconf 77' lang='lat' dir='ltr'><strong>digno</strong></span> <span class='ocrx_word' id='word_1_185' title='bbox 669 2476 836 2560; x_wconf 80' lang='lat' dir='ltr'><strong>supplicio</strong></span> <span class='ocrx_word' id='word_1_186' title='bbox 861 2482 1058 2554; x_wconf 73' lang='lat' dir='ltr'><strong>coerceatur.¹</strong></span> <span class='ocrx_word' id='word_1_187' title='bbox 1097 2471 1373 2556; x_wconf 78' lang='lat' dir='ltr'><strong>idipsum-statuit</strong></span> 
     </span>
     <span class='ocr_line' id='line_1_21' title="bbox 81 2582 1370 2675; baseline -0.002 -24"><span class='ocrx_word' id='word_1_188' title='bbox 81 2585 260 2656; x_wconf 79' lang='lat' dir='ltr'><strong>Marcianus</strong></span> <span class='ocrx_word' id='word_1_189' title='bbox 275 2595 451 2675; x_wconf 87' lang='lat' dir='ltr'><strong>Imperator</strong></span> <span class='ocrx_word' id='word_1_190' title='bbox 475 2582 562 2656; x_wconf 76' lang='lat' dir='ltr'><strong>errno</strong></span> <span class='ocrx_word' id='word_1_191' title='bbox 576 2593 649 2656; x_wconf 72' lang='lat'><strong>459.</strong></span> <span class='ocrx_word' id='word_1_192' title='bbox 675 2594 709 2656; x_wconf 88' lang='lat' dir='ltr'><strong>in</strong></span> <span class='ocrx_word' id='word_1_193' title='bbox 725 2593 745 2654; x_wconf 91' lang='lat' dir='ltr'><strong>l.</strong></span> <span class='ocrx_word' id='word_1_194' title='bbox 760 2592 790 2654; x_wconf 86' lang='grc'><strong>4.</strong></span> <span class='ocrx_word' id='word_1_195' title='bbox 814 2589 885 2654; x_wconf 88' lang='lat' dir='ltr'><strong>cod.</strong></span> <span class='ocrx_word' id='word_1_196' title='bbox 901 2591 920 2654; x_wconf 91' lang='lat' dir='ltr'>J</span> <span class='ocrx_word' id='word_1_197' title='bbox 924 2589 1019 2654; x_wconf 84' lang='lat' dir='ltr'><strong>ustin</strong></span> <span class='ocrx_word' id='word_1_198' title='bbox 1044 2587 1085 2652; x_wconf 88' lang='lat' dir='ltr'><strong>de</strong></span> <span class='ocrx_word' id='word_1_199' title='bbox 1100 2589 1226 2664; x_wconf 76' lang='lat' dir='ltr'><strong>summ.</strong></span> <span class='ocrx_word' id='word_1_200' title='bbox 1243 2585 1370 2665; x_wconf 72' lang='lat' dir='ltr'><strong>Trinit,</strong></span> 
     </span>
     <span class='ocr_line' id='line_1_22' title="bbox 81 2689 1372 2784; baseline -0.002 -25"><span class='ocrx_word' id='word_1_201' title='bbox 81 2689 199 2764; x_wconf 81' lang='lat' dir='ltr'><strong>etl&#39;ide</strong></span> <span class='ocrx_word' id='word_1_202' title='bbox 211 2703 318 2765; x_wconf 80' lang='lat' dir='ltr'><strong>Goth:</strong></span> <span class='ocrx_word' id='word_1_203' title='bbox 335 2713 470 2784; x_wconf 81' lang='lat' dir='ltr'><strong>utroque</strong></span> <span class='ocrx_word' id='word_1_204' title='bbox 485 2714 595 2766; x_wconf 85' lang='lat' dir='ltr'><strong>eutem</strong></span> <span class='ocrx_word' id='word_1_205' title='bbox 611 2701 673 2782; x_wconf 84' lang='lat' dir='ltr'><strong>lex,</strong></span> <span class='ocrx_word' id='word_1_206' title='bbox 700 2703 747 2765; x_wconf 90' lang='lat' dir='ltr'><strong>nti</strong></span> <span class='ocrx_word' id='word_1_207' title='bbox 761 2698 864 2783; x_wconf 83' lang='lat' dir='ltr'><strong>liquet</strong></span> <span class='ocrx_word' id='word_1_208' title='bbox 879 2701 911 2766; x_wconf 89' lang='lat' dir='ltr'><strong>in</strong></span> <span class='ocrx_word' id='word_1_209' title='bbox 928 2718 1044 2764; x_wconf 84' lang='lat' dir='ltr'><strong>oerum</strong></span> <span class='ocrx_word' id='word_1_210' title='bbox 1056 2707 1240 2780; x_wconf 78' lang='lat' dir='ltr'><strong>conspeetu,</strong></span> <span class='ocrx_word' id='word_1_211' title='bbox 1257 2695 1299 2759; x_wconf 83' lang='lat' dir='ltr'><strong>ad</strong></span> <span class='ocrx_word' id='word_1_212' title='bbox 1314 2713 1372 2777; x_wconf 87' lang='lat' dir='ltr'><strong>pu·</strong></span> 
     </span>
     <span class='ocr_line' id='line_1_23' title="bbox 79 2805 1371 2894; baseline -0.003 -24"><span class='ocrx_word' id='word_1_213' title='bbox 79 2806 168 2872; x_wconf 84' lang='lat' dir='ltr'><strong>bliees</strong></span> <span class='ocrx_word' id='word_1_214' title='bbox 182 2811 318 2893; x_wconf 85' lang='lat' dir='ltr'><strong>pertinet</strong></span> <span class='ocrx_word' id='word_1_215' title='bbox 342 2805 576 2894; x_wconf 79' lang='lat' dir='ltr'><strong>disputationes</strong></span> <span class='ocrx_word' id='word_1_216' title='bbox 591 2811 730 2894; x_wconf 84' lang='lat' dir='ltr'><strong>partium</strong></span> <span class='ocrx_word' id='word_1_217' title='bbox 747 2809 854 2874; x_wconf 89' lang='lat' dir='ltr'><strong>studio</strong></span> <span class='ocrx_word' id='word_1_218' title='bbox 871 2807 1041 2888; x_wconf 82' lang='lat' dir='ltr'><strong>iheundos3</strong></span> <span class='ocrx_word' id='word_1_219' title='bbox 1069 2825 1175 2888; x_wconf 85' lang='lat' dir='ltr'><strong>neque</strong></span> <span class='ocrx_word' id='word_1_220' title='bbox 1190 2805 1278 2868; x_wconf 87' lang='lat' dir='ltr'><strong>euira</strong></span> <span class='ocrx_word' id='word_1_221' title='bbox 1292 2805 1371 2866; x_wconf 87' lang='lat' dir='ltr'><strong>inte-</strong></span> 
     </span>
     <span class='ocr_line' id='line_1_24' title="bbox 79 2908 1371 3002; baseline -0.001 -28"><span class='ocrx_word' id='word_1_222' title='bbox 79 2926 152 2978; x_wconf 82' lang='lat' dir='ltr'><strong>rerat</strong></span> <span class='ocrx_word' id='word_1_223' title='bbox 163 2918 232 2980; x_wconf 87' lang='lat' dir='ltr'><strong>sine</strong></span> <span class='ocrx_word' id='word_1_224' title='bbox 248 2918 379 3002; x_wconf 82' lang='lat' dir='ltr'><strong>publice</strong></span> <span class='ocrx_word' id='word_1_225' title='bbox 393 2919 580 2982; x_wconf 64' lang='lat' dir='ltr'><strong>amentata</strong></span> <span class='ocrx_word' id='word_1_226' title='bbox 594 2919 711 2982; x_wconf 86' lang='lat' dir='ltr'><strong>iterum</strong></span> <span class='ocrx_word' id='word_1_227' title='bbox 725 2913 937 2998; x_wconf 84' lang='lat' dir='ltr'><strong>disceptando</strong></span> <span class='ocrx_word' id='word_1_228' title='bbox 951 2913 1082 2996; x_wconf 82' lang='lat' dir='ltr'><strong>agitare,</strong></span> <span class='ocrx_word' id='word_1_229' title='bbox 1105 2910 1240 2995; x_wconf 82' lang='lat' dir='ltr'><strong>quaein</strong></span> <span class='ocrx_word' id='word_1_230' title='bbox 1256 2908 1371 2973; x_wconf 78' lang='lat' dir='ltr'><strong>Conci.</strong></span> 
     </span>
     <span class='ocr_line' id='line_1_25' title="bbox 79 3017 1372 3120; baseline -0.002 -38"><span class='ocrx_word' id='word_1_231' title='bbox 79 3019 123 3084; x_wconf 88' lang='lat' dir='ltr'><strong>liis</strong></span> <span class='ocrx_word' id='word_1_232' title='bbox 136 3029 321 3089; x_wconf 79' lang='lat' dir='ltr'><strong>auctoritate</strong></span> <span class='ocrx_word' id='word_1_233' title='bbox 336 3027 537 3105; x_wconf 75' lang='lat' dir='ltr'><strong>Antistituin,</strong></span> <span class='ocrx_word' id='word_1_234' title='bbox 552 3025 596 3088; x_wconf 83' lang='lat' dir='ltr'><strong>ed</strong></span> <span class='ocrx_word' id='word_1_235' title='bbox 610 3045 694 3108; x_wconf 86' lang='lat' dir='ltr'><strong>quos</strong></span> <span class='ocrx_word' id='word_1_236' title='bbox 707 3045 747 3089; x_wconf 85' lang='lat' dir='ltr'><strong>eo</strong></span> <span class='ocrx_word' id='word_1_237' title='bbox 756 3025 939 3108; x_wconf 84' lang='lat' dir='ltr'><strong>jurisdictio</strong></span> <span class='ocrx_word' id='word_1_238' title='bbox 952 3022 1128 3106; x_wconf 77' lang='lat' dir='ltr'><strong>spectabat,</strong></span> <span class='ocrx_word' id='word_1_239' title='bbox 1143 3019 1279 3087; x_wconf 89' lang='lat' dir='ltr'><strong>definita</strong></span> <span class='ocrx_word' id='word_1_240' title='bbox 1293 3017 1372 3120; x_wconf 60' lang='lat' dir='ltr'><strong>{uis-</strong></span> 
     </span>
     <span class='ocr_line' id='line_1_26' title="bbox 78 3128 1371 3218; baseline 0 -26"><span class='ocrx_word' id='word_1_241' title='bbox 78 3143 149 3195; x_wconf 88' lang='lat' dir='ltr'><strong>sent.</strong></span> <span class='ocrx_word' id='word_1_242' title='bbox 179 3135 305 3200; x_wconf 79' lang='lat' dir='ltr'><strong>Revera</strong></span> <span class='ocrx_word' id='word_1_243' title='bbox 329 3135 481 3198; x_wconf 83' lang='lat' dir='ltr'><strong>admissis</strong></span> <span class='ocrx_word' id='word_1_244' title='bbox 504 3135 643 3218; x_wconf 82' lang='lat' dir='ltr'><strong>publicis</strong></span> <span class='ocrx_word' id='word_1_245' title='bbox 667 3135 952 3218; x_wconf 79' lang='lat' dir='ltr'><strong>disputationibus,</strong></span> <span class='ocrx_word' id='word_1_246' title='bbox 979 3135 1122 3216; x_wconf 85' lang='lat' dir='ltr'><strong>primum</strong></span> <span class='ocrx_word' id='word_1_247' title='bbox 1148 3130 1257 3214; x_wconf 83' lang='lat' dir='ltr'><strong>gravis</strong></span> <span class='ocrx_word' id='word_1_248' title='bbox 1279 3128 1371 3192; x_wconf 78' lang='lat' dir='ltr'><strong>illata</strong></span> 
     </span>
     <span class='ocr_line' id='line_1_27' title="bbox 77 3234 1372 3326; baseline 0.002 -27"><span class='ocrx_word' id='word_1_249' title='bbox 77 3234 179 3304; x_wconf 83' lang='lat' dir='ltr'><strong>luisset</strong></span> <span class='ocrx_word' id='word_1_250' title='bbox 191 3243 309 3326; x_wconf 80' lang='lat' dir='ltr'><strong>injuris</strong></span> <span class='ocrx_word' id='word_1_251' title='bbox 321 3243 355 3306; x_wconf 90' lang='lat' dir='ltr'><strong>in</strong></span> <span class='ocrx_word' id='word_1_252' title='bbox 368 3243 562 3322; x_wconf 77' lang='lat' dir='ltr'><strong>Ecclesium,</strong></span> <span class='ocrx_word' id='word_1_253' title='bbox 577 3261 665 3325; x_wconf 85' lang='lat' dir='ltr'><strong>quoe</strong></span> <span class='ocrx_word' id='word_1_254' title='bbox 678 3241 757 3306; x_wconf 87' lang='lat' dir='ltr'><strong>olim</strong></span> <span class='ocrx_word' id='word_1_255' title='bbox 771 3253 859 3308; x_wconf 88' lang='lat' dir='ltr'><strong>certe</strong></span> <span class='ocrx_word' id='word_1_256' title='bbox 879 3243 1033 3324; x_wconf 82' lang='lat' dir='ltr'><strong>dogmata</strong></span> <span class='ocrx_word' id='word_1_257' title='bbox 1045 3240 1125 3306; x_wconf 83' lang='lat' dir='ltr'><strong>fidei</strong></span> <span class='ocrx_word' id='word_1_258' title='bbox 1139 3250 1225 3303; x_wconf 88' lang='lat' dir='ltr'><strong>certo</strong></span> <span class='ocrx_word' id='word_1_259' title='bbox 1241 3239 1372 3322; x_wconf 83' lang='lat' dir='ltr'><strong>praesti-</strong></span> 
     </span>
     <span class='ocr_line' id='line_1_28' title="bbox 78 3348 1369 3420; baseline 0.008 -16"><span class='ocrx_word' id='word_1_260' title='bbox 78 3353 170 3413; x_wconf 77' lang='lat' dir='ltr'><strong>tuerat</strong></span> <span class='ocrx_word' id='word_1_261' title='bbox 183 3351 217 3414; x_wconf 92' lang='lat' dir='ltr'><strong>in</strong></span> <span class='ocrx_word' id='word_1_262' title='bbox 232 3351 397 3416; x_wconf 76' lang='lat' dir='ltr'><strong>Consiliis.</strong></span> <span class='ocrx_word' id='word_1_263' title='bbox 441 3351 569 3416; x_wconf 88' lang='lat' dir='ltr'><strong>Deinde</strong></span> <span class='ocrx_word' id='word_1_264' title='bbox 584 3353 639 3416; x_wconf 83' lang='lat' dir='ltr'><strong>vie</strong></span> <span class='ocrx_word' id='word_1_265' title='bbox 652 3353 811 3416; x_wconf 77' lang='lat' dir='ltr'><strong>letissime</strong></span> <span class='ocrx_word' id='word_1_266' title='bbox 833 3363 935 3418; x_wconf 84' lang='lat' dir='ltr'><strong>strete</strong></span> <span class='ocrx_word' id='word_1_267' title='bbox 948 3351 1088 3416; x_wconf 78' lang='lat' dir='ltr'><strong>fuissent</strong></span> <span class='ocrx_word' id='word_1_268' title='bbox 1108 3350 1231 3414; x_wconf 83' lang='lat' dir='ltr'><strong>ortibus</strong></span> <span class='ocrx_word' id='word_1_269' title='bbox 1246 3348 1369 3420; x_wconf 87' lang='lat' dir='ltr'><strong>calum·</strong></span> 
     </span>
    </p>
   </div>
   <div class='ocr_carea' id='block_1_3' title="bbox 78 3454 1468 3544">
    <p class='ocr_par' dir='ltr' id='par_1_4' title="bbox 78 3454 1468 3544">
     <span class='ocr_line' id='line_1_29' title="bbox 78 3454 1468 3544; baseline 0.006 -29"><span class='ocrx_word' id='word_1_270' title='bbox 78 3454 230 3524; x_wconf 68' lang='lat' dir='ltr'><strong>nientlrun¹</strong></span> <span class='ocrx_word' id='word_1_271' title='bbox 240 3461 476 3525; x_wconf 71' lang='lat' dir='ltr'><strong>haeretieorum</strong></span> <span class='ocrx_word' id='word_1_272' title='bbox 499 3459 542 3524; x_wconf 85' lang='lat' dir='ltr'><strong>ad</strong></span> <span class='ocrx_word' id='word_1_273' title='bbox 557 3461 782 3544; x_wconf 84' lang='lat' dir='ltr'><strong>illaqueandos</strong></span> <span class='ocrx_word' id='word_1_274' title='bbox 809 3462 1007 3541; x_wconf 83' lang='lat' dir='ltr'><strong>infirmiores,</strong></span> <span class='ocrx_word' id='word_1_275' title='bbox 1031 3479 1170 3542; x_wconf 86' lang='lat' dir='ltr'><strong>quorum</strong></span> <span class='ocrx_word' id='word_1_276' title='bbox 1185 3459 1284 3524; x_wconf 57' lang='lat' dir='ltr'><strong>marn</strong></span> <span class='ocrx_word' id='word_1_277' title='bbox 1299 3457 1369 3542; x_wconf 92' lang='lat' dir='ltr'><strong>plu·</strong></span> <span class='ocrx_word' id='word_1_278' title='bbox 1463 3507 1468 3514; x_wconf 88' lang='lat'><em>.</em></span> 
     </span>
    </p>
   </div>
   <div class='ocr_carea' id='block_1_4' title="bbox 58 3567 1410 4428">
    <p class='ocr_par' dir='ltr' id='par_1_5' title="bbox 58 3567 1410 4428">
     <span class='ocr_line' id='line_1_30' title="bbox 58 3567 1369 3642; baseline 0.005 -10"><span class='ocrx_word' id='word_1_279' title='bbox 58 3597 59 3602; x_wconf 42' lang='lat'>¹</span> <span class='ocrx_word' id='word_1_280' title='bbox 77 3583 121 3628; x_wconf 83' lang='lat' dir='ltr'><strong>res</strong></span> <span class='ocrx_word' id='word_1_281' title='bbox 134 3567 223 3635; x_wconf 80' lang='lat' dir='ltr'><strong>icelle</strong></span> <span class='ocrx_word' id='word_1_282' title='bbox 248 3573 282 3636; x_wconf 90' lang='lat' dir='ltr'><strong>in</strong></span> <span class='ocrx_word' id='word_1_283' title='bbox 298 3581 420 3638; x_wconf 76' lang='lat' dir='ltr'><strong>rectam</strong></span> <span class='ocrx_word' id='word_1_284' title='bbox 435 3593 531 3639; x_wconf 84' lang='lat' dir='ltr'><strong>soem</strong></span> <span class='ocrx_word' id='word_1_285' title='bbox 556 3574 694 3639; x_wconf 76' lang='lat' dir='ltr'><strong>tenutis</strong></span> <span class='ocrx_word' id='word_1_286' title='bbox 708 3573 847 3640; x_wconf 75' lang='lat' dir='ltr'><strong>fallaciis</strong></span> <span class='ocrx_word' id='word_1_287' title='bbox 872 3573 1098 3639; x_wconf 79' lang='lat' dir='ltr'><strong>adduxissent.</strong></span> <span class='ocrx_word' id='word_1_288' title='bbox 1124 3623 1128 3628; x_wconf 77' lang='lat'><em>.</em></span> <span class='ocrx_word' id='word_1_289' title='bbox 1142 3571 1369 3642; x_wconf 76' lang='lat' dir='ltr'><strong>Quamobrem</strong></span> 
     </span>
     <span class='ocr_line' id='line_1_31' title="bbox 77 3661 1410 3766; baseline 0.008 -28"><span class='ocrx_word' id='word_1_290' title='bbox 77 3675 203 3743; x_wconf 74' lang='lat' dir='ltr'><strong>etiamsi</strong></span> <span class='ocrx_word' id='word_1_291' title='bbox 218 3679 344 3764; x_wconf 84' lang='lat' dir='ltr'><strong>legibus</strong></span> <span class='ocrx_word' id='word_1_292' title='bbox 368 3682 506 3764; x_wconf 82' lang='lat' dir='ltr'><strong>publicio</strong></span> <span class='ocrx_word' id='word_1_293' title='bbox 521 3683 663 3748; x_wconf 87' lang='lat' dir='ltr'><strong>necdum</strong></span> <span class='ocrx_word' id='word_1_294' title='bbox 677 3661 814 3748; x_wconf 58' lang='lat' dir='ltr'><strong>uatum</strong></span> <span class='ocrx_word' id='word_1_295' title='bbox 827 3683 959 3748; x_wconf 73' lang='lat' dir='ltr'><strong>inisset.</strong></span> <span class='ocrx_word' id='word_1_296' title='bbox 979 3703 1022 3750; x_wconf 89' lang='lat' dir='ltr'><strong>ne</strong></span> <span class='ocrx_word' id='word_1_297' title='bbox 1035 3683 1112 3766; x_wconf 84' lang='lat' dir='ltr'><strong>quis</strong></span> <span class='ocrx_word' id='word_1_298' title='bbox 1124 3682 1276 3766; x_wconf 80' lang='lat' dir='ltr'><strong>privatim</strong></span> <span class='ocrx_word' id='word_1_299' title='bbox 1290 3699 1368 3747; x_wconf 86' lang='lat' dir='ltr'><strong>eum</strong></span> <span class='ocrx_word' id='word_1_300' title='bbox 1406 3692 1410 3698; x_wconf 84' lang='lat'>&#39;</span> 
     </span>
     <span class='ocr_line' id='line_1_32' title="bbox 77 3783 1368 3879; baseline 0.008 -31"><span class='ocrx_word' id='word_1_301' title='bbox 77 3783 444 3876; x_wconf 72' lang='lat' dir='ltr'><strong>brentinisdiaparerer,</strong></span> <span class='ocrx_word' id='word_1_302' title='bbox 467 3811 595 3878; x_wconf 81' lang='lat' dir='ltr'><strong>semper</strong></span> <span class='ocrx_word' id='word_1_303' title='bbox 607 3805 717 3860; x_wconf 80' lang='lat' dir='ltr'><strong>temen</strong></span> <span class='ocrx_word' id='word_1_304' title='bbox 734 3796 931 3879; x_wconf 76' lang='lat' dir='ltr'><strong>propositum</strong></span> <span class='ocrx_word' id='word_1_305' title='bbox 952 3793 1015 3860; x_wconf 82' lang='lat' dir='ltr'><strong>luit</strong></span> <span class='ocrx_word' id='word_1_306' title='bbox 1027 3794 1280 3862; x_wconf 77' lang='lat' dir='ltr'><strong>saluberrimum</strong></span> <span class='ocrx_word' id='word_1_307' title='bbox 1292 3811 1368 3858; x_wconf 88' lang='lat' dir='ltr'><strong>eon·</strong></span> 
     </span>
     <span class='ocr_line' id='line_1_33' title="bbox 77 3895 1367 3988; baseline 0.007 -30"><span class='ocrx_word' id='word_1_308' title='bbox 77 3895 174 3965; x_wconf 87' lang='lat' dir='ltr'><strong>silium</strong></span> <span class='ocrx_word' id='word_1_309' title='bbox 188 3903 365 3984; x_wconf 83' lang='lat' dir='ltr'><strong>unicuique</strong></span> <span class='ocrx_word' id='word_1_310' title='bbox 378 3903 490 3966; x_wconf 84' lang='lat' dir='ltr'><strong>minus</strong></span> <span class='ocrx_word' id='word_1_311' title='bbox 510 3903 637 3968; x_wconf 76' lang='lat' dir='ltr'><strong>ondin</strong></span> <span class='ocrx_word' id='word_1_312' title='bbox 650 3904 685 3968; x_wconf 88' lang='lat' dir='ltr'><strong>in</strong></span> <span class='ocrx_word' id='word_1_313' title='bbox 699 3903 795 3970; x_wconf 83' lang='lat' dir='ltr'><strong>rebus</strong></span> <span class='ocrx_word' id='word_1_314' title='bbox 810 3903 895 3984; x_wconf 80' lang='lat' dir='ltr'><strong>fidei,</strong></span> <span class='ocrx_word' id='word_1_315' title='bbox 911 3915 949 3968; x_wconf 88' lang='lat' dir='ltr'><strong>ut</strong></span> <span class='ocrx_word' id='word_1_316' title='bbox 962 3906 1007 3972; x_wconf 89' lang='lat' dir='ltr'><strong>ab</strong></span> <span class='ocrx_word' id='word_1_317' title='bbox 1026 3905 1079 3970; x_wconf 85' lang='lat' dir='ltr'><strong>his</strong></span> <span class='ocrx_word' id='word_1_318' title='bbox 1091 3904 1367 3988; x_wconf 76' lang='lat' dir='ltr'><strong>disputationibus</strong></span> 
     </span>
     <span class='ocr_line' id='line_1_34' title="bbox 76 4003 1367 4098; baseline 0.005 -29"><span class='ocrx_word' id='word_1_319' title='bbox 76 4003 243 4092; x_wconf 72' lang='lat' dir='ltr'><strong>andnemi,</strong></span> <span class='ocrx_word' id='word_1_320' title='bbox 258 4009 298 4076; x_wconf 84' lang='lat' dir='ltr'><strong>ee&#39;</strong></span> <span class='ocrx_word' id='word_1_321' title='bbox 313 4004 504 4095; x_wconf 83' lang='lat' dir='ltr'><strong>generaliter</strong></span> <span class='ocrx_word' id='word_1_322' title='bbox 523 4011 558 4076; x_wconf 89' lang='lat' dir='ltr'><strong>id</strong></span> <span class='ocrx_word' id='word_1_323' title='bbox 573 4012 664 4076; x_wconf 78' lang='lat' dir='ltr'><strong>laicis</strong></span> <span class='ocrx_word' id='word_1_324' title='bbox 679 4013 829 4078; x_wconf 83' lang='lat' dir='ltr'><strong>interdici</strong></span> <span class='ocrx_word' id='word_1_325' title='bbox 838 4017 1019 4096; x_wconf 80' lang='lat' dir='ltr'><strong>consuerit,</strong></span> <span class='ocrx_word' id='word_1_326' title='bbox 1035 4025 1146 4098; x_wconf 86' lang='lat' dir='ltr'><strong>utpote</strong></span> <span class='ocrx_word' id='word_1_327' title='bbox 1167 4015 1224 4096; x_wconf 90' lang='lat' dir='ltr'><strong>qui</strong></span> <span class='ocrx_word' id='word_1_328' title='bbox 1239 4013 1367 4083; x_wconf 79' lang='lat' dir='ltr'><strong>divine-</strong></span> 
     </span>
     <span class='ocr_line' id='line_1_35' title="bbox 77 4115 1388 4208; baseline 0.01 -33"><span class='ocrx_word' id='word_1_329' title='bbox 77 4125 140 4178; x_wconf 85' lang='lat' dir='ltr'><strong>rtm</strong></span> <span class='ocrx_word' id='word_1_330' title='bbox 153 4115 314 4182; x_wconf 65' lang='lat' dir='ltr'><strong>literarum</strong></span> <span class='ocrx_word' id='word_1_331' title='bbox 329 4119 446 4184; x_wconf 80' lang='lat' dir='ltr'><strong>studiis</strong></span> <span class='ocrx_word' id='word_1_332' title='bbox 460 4137 526 4186; x_wconf 88' lang='lat' dir='ltr'><strong>neu</strong></span> <span class='ocrx_word' id='word_1_333' title='bbox 538 4139 614 4186; x_wconf 82' lang='lat' dir='ltr'><strong>eam</strong></span> <span class='ocrx_word' id='word_1_334' title='bbox 627 4123 797 4188; x_wconf 68' lang='lat' dir='ltr'><strong>nauseat</strong></span> <span class='ocrx_word' id='word_1_335' title='bbox 809 4143 950 4208; x_wconf 76' lang='lat' dir='ltr'><strong>opernm,</strong></span> <span class='ocrx_word' id='word_1_336' title='bbox 965 4125 1097 4208; x_wconf 81' lang='lat' dir='ltr'><strong>qualern</strong></span> <span class='ocrx_word' id='word_1_337' title='bbox 1111 4124 1228 4188; x_wconf 82' lang='lat' dir='ltr'><strong>Clerici</strong></span> <span class='ocrx_word' id='word_1_338' title='bbox 1242 4125 1366 4206; x_wconf 84' lang='lat' dir='ltr'><strong>impen-</strong></span> <span class='ocrx_word' id='word_1_339' title='bbox 1385 4157 1388 4164; x_wconf 94' lang='lat'>·</span> 
     </span>
     <span class='ocr_line' id='line_1_36' title="bbox 76 4215 1366 4313; baseline 0.016 -30"><span class='ocrx_word' id='word_1_340' title='bbox 76 4215 191 4289; x_wconf 78' lang='lat' dir='ltr'><strong>debent</strong></span> <span class='ocrx_word' id='word_1_341' title='bbox 226 4229 443 4313; x_wconf 74' lang='lat' dir='ltr'><strong>Quamquam</strong></span> <span class='ocrx_word' id='word_1_342' title='bbox 457 4230 554 4312; x_wconf 89' lang='lat' dir='ltr'><strong>enirn,</strong></span> <span class='ocrx_word' id='word_1_343' title='bbox 564 4231 620 4296; x_wconf 90' lang='lat' dir='ltr'><strong>-uti</strong></span> <span class='ocrx_word' id='word_1_344' title='bbox 632 4232 783 4296; x_wconf 77' lang='lat' dir='ltr'><strong>observat</strong></span> <span class='ocrx_word' id='word_1_345' title='bbox 796 4235 974 4302; x_wconf 80' lang='lat' dir='ltr'><strong>Garnerios</strong></span> <span class='ocrx_word' id='word_1_346' title='bbox 988 4236 1022 4300; x_wconf 91' lang='lat' dir='ltr'><strong>in</strong></span> <span class='ocrx_word' id='word_1_347' title='bbox 1034 4234 1239 4301; x_wconf 42' lang='lat' dir='ltr'><strong>*prestatione</strong></span> <span class='ocrx_word' id='word_1_348' title='bbox 1253 4234 1286 4300; x_wconf 84' lang='lat' dir='ltr'><strong>io</strong></span> <span class='ocrx_word' id='word_1_349' title='bbox 1299 4252 1366 4303; x_wconf 78' lang='lat' dir='ltr'><strong>orn·</strong></span> 
     </span>
     <span class='ocr_line' id='line_1_37' title="bbox 76 4321 1388 4428; baseline 0.008 -30"><span class='ocrx_word' id='word_1_350' title='bbox 76 4321 125 4388; x_wconf 57' lang='grc' dir='ltr'><strong>Βία</strong></span> <span class='ocrx_word' id='word_1_351' title='bbox 136 4339 226 4414; x_wconf 81' lang='lat' dir='ltr'><strong>opera</strong></span> <span class='ocrx_word' id='word_1_352' title='bbox 239 4332 336 4400; x_wconf 74' lang='lat' dir='ltr'><strong>iderti</strong></span> <span class='ocrx_word' id='word_1_353' title='bbox 360 4337 556 4420; x_wconf 59' lang='lat' dir='ltr'><strong>umore,</strong></span> <span class='ocrx_word' id='word_1_354' title='bbox 572 4339 750 4422; x_wconf 72' lang='lat' dir='ltr'><strong>aliquunde</strong></span> <span class='ocrx_word' id='word_1_355' title='bbox 763 4343 933 4428; x_wconf 80' lang='lat' dir='ltr'><strong>eontigerit</strong></span> <span class='ocrx_word' id='word_1_356' title='bbox 955 4363 1023 4412; x_wconf 91' lang='lat' dir='ltr'><strong>non</strong></span> <span class='ocrx_word' id='word_1_357' title='bbox 1037 4345 1108 4410; x_wconf 82' lang='lat' dir='ltr'><strong>sine</strong></span> <span class='ocrx_word' id='word_1_358' title='bbox 1122 4345 1280 4428; x_wconf 70' lang='lat' dir='ltr'><strong>singulari</strong></span> <span class='ocrx_word' id='word_1_359' title='bbox 1294 4345 1365 4428; x_wconf 85' lang='lat' dir='ltr'><strong>pr&#39;e-</strong></span> <span class='ocrx_word' id='word_1_360' title='bbox 1384 4375 1388 4388; x_wconf 93' lang='lat'><em>·</em></span> 
     </span>
    </p>
   </div>
   <div class='ocr_carea' id='block_1_5' title="bbox 78 4433 1466 4546">
    <p class='ocr_par' dir='ltr' id='par_1_6' title="bbox 78 4417 1554 4546">
     <span class='ocr_line' id='line_1_38' title="bbox 78 4433 1466 4546; baseline 0.022 -41"><span class='ocrx_word' id='word_1_361' title='bbox 78 4433 210 4509; x_wconf 72' lang='lat' dir='ltr'><strong>theatin</strong></span> <span class='ocrx_word' id='word_1_362' title='bbox 222 4445 294 4532; x_wconf 69' lang='lat' dir='ltr'><strong>liet,</strong></span> <span class='ocrx_word' id='word_1_363' title='bbox 308 4449 365 4535; x_wconf 73' lang='lat' dir='ltr'><strong>qui</strong></span> <span class='ocrx_word' id='word_1_364' title='bbox 379 4448 520 4517; x_wconf 66' lang='lat' dir='ltr'><strong>horretis</strong></span> <span class='ocrx_word' id='word_1_365' title='bbox 541 4451 658 4527; x_wconf 74' lang='lat' dir='ltr'><strong>mindi</strong></span> <span class='ocrx_word' id='word_1_366' title='bbox 671 4451 771 4540; x_wconf 76' lang='lat' dir='ltr'><strong>eligit,</strong></span> <span class='ocrx_word' id='word_1_367' title='bbox 794 4465 832 4522; x_wconf 82' lang='lat' dir='ltr'><strong>ut</strong></span> <span class='ocrx_word' id='word_1_368' title='bbox 846 4455 941 4524; x_wconf 78' lang='lat' dir='ltr'><strong>tortio</strong></span> <span class='ocrx_word' id='word_1_369' title='bbox 954 4475 1106 4546; x_wconf 74' lang='lat' dir='ltr'><strong>quosque</strong></span> <span class='ocrx_word' id='word_1_370' title='bbox 1125 4457 1313 4542; x_wconf 66' lang='lat' dir='ltr'><strong>contuor,</strong></span> <span class='ocrx_word' id='word_1_371' title='bbox 1327 4471 1383 4528; x_wconf 77' lang='lat' dir='ltr'><strong>ut,</strong></span> <span class='ocrx_word' id='word_1_372' title='bbox 1464 4505 1466 4510; x_wconf 88' lang='lat'><em>·</em></span> 
     </span>
    </p>
   </div>
   <div class='ocr_carea' id='block_1_6' title="bbox 0 0 1572 4984">
    <p class='ocr_par' dir='ltr' id='par_1_7' title="bbox 0 0 1572 4984">
     <span class='ocr_line' id='line_1_39' title="bbox 0 0 1572 4984; baseline 0 3"><span class='ocrx_word' id='word_1_373' title='bbox 0 0 1572 4984; x_wconf 95' lang='lat' dir='ltr'><strong> </strong></span> 
     </span>
    </p>
   </div>
  </div>
 </body>
</html>
