3168 4982
195 398 262 472 208
557 425 800 476 ursana-ramo
823 427 979 492 nunnus,
1002 431 1079 499 ore.
1102 409 1157 478 IV.

192 547 414 614 verosimiliter
429 531 552 632 putent,
567 549 625 632 qui
645 549 816 616 conferunt
839 562 897 616 aut
918 553 1081 618 collationi
1104 555 1272 636 intersunt,
1286 571 1364 618 rere
1385 553 1505 620 Sacra-

192 669 343 722 mentum
363 657 589 722 administrari.
633 660 715 724 Item
730 679 790 744 ego
806 680 871 724 non
886 661 1006 743 dubito,
1029 663 1110 746 quin
1131 682 1189 746 pro
1210 675 1351 748 cognato
1377 667 1504 732 nonsit

152 813 161 842 .
193 767 367 832 habendus
383 768 445 848 ille,
462 769 518 850 qui
533 789 644 832 recens
659 781 775 832 natum
791 770 931 834 infantes
943 772 978 836 in
994 782 1137 836 extremo
1153 773 1239 836 vine
1252 773 1395 856 periculo
1409 793 1503 842 cons·

191 875 324 940 titutum
343 869 490 958 suscipit,
506 875 586 940 dum
608 876 678 938 sine
694 876 896 940 solemnitate
920 877 1108 960 baptizatur,
1124 897 1265 962 eumque
1279 879 1412 944 exhibet
1424 878 1506 966 bep-

191 981 314 1064 tiaanti5
331 981 359 1044 is
379 979 468 1044 enim
484 999 598 1046 verum
620 981 815 1064 suscipiendi
845 983 992 1046 animum
1014 1002 1080 1050 non
1106 984 1212 1066 habet,
1234 995 1266 1050 et
1281 996 1407 1052 tantum
1429 987 1506 1054 vult

191 1088 411 1153 necessarium
427 1105 547 1152 munus
558 1087 654 1168 obire,
669 1087 827 1152 infantem
839 1090 1029 1154 sustinendo
1045 1101 1081 1154 ut
1092 1089 1296 1156 commodius
1309 1092 1507 1158 Sacramen-

147 1245 153 1258 .
192 1181 249 1262 lali
272 1216 378 1280 aquae
392 1197 589 1280 subjiciatur.
634 1197 805 1280 Disputari
827 1199 925 1268 etiam
941 1199 1029 1282 solet,
1045 1221 1088 1266 an
1103 1203 1161 1284 qui
1176 1202 1311 1286 suscipit
1332 1204 1365 1266 in
1381 1201 1507 1286 baptis-

191 1319 278 1374 mate
294 1299 400 1372 filiunt
410 1307 430 1372 J
434 1305 536 1386 udaei,
553 1305 605 1369 vel
616 1306 771 1388 Infidelis,
787 1311 1014 1394 cognationem
1025 1311 1225 1394 spiritualem
1239 1312 1410 1380 contrahat
1422 1329 1507 1378 cum

190 1416 334 1498 Judaeis,
350 1415 582 1482 Infidelibusve
605 1417 756 1500 baptizati
773 1418 976 1500 parentibusi
1020 1419 1065 1482 Et
1086 1431 1173 1504 puto,
1189 1419 1316 1484 nullam
1337 1420 1507 1504 cognatio·

192 1543 269 1590 nem
289 1537 489 1590 contractam
518 1526 661 1610 intelligi,
682 1546 762 1600 pum
787 1529 856 1614 ejus
879 1539 1037 1614 tanquam
1063 1529 1239 1612 spiritualis
1254 1529 1507 1594 necessitudinis

189 1635 316 1716 Judaei,
332 1635 385 1700 vel
406 1635 559 1702 infideles
581 1636 646 1697 sint
661 1636 842 1718 incapaces:
866 1655 971 1718 neque
997 1637 1077 1702 mihi
1100 1638 1206 1722 placet
1230 1637 1339 1722 opinio
1361 1637 1505 1722 illorum,

189 1742 247 1828 qui
262 1740 475 1821 crediderunt,
497 1743 724 1826 cognationem
739 1763 809 1806 esse
832 1765 930 1828 penes
958 1747 1193 1840 Chiristianum
1216 1734 1351 1828 tentum,
1366 1766 1432 1812 non
1448 1767 1506 1832 pe·

189 1870 248 1915 nes
263 1850 436 1930 Judaeum,
451 1862 509 1914 aut
523 1851 703 1930 Infidelem,
726 1871 803 1915 cunr
819 1865 983 1936 repugnet,
999 1853 1224 1938 cognationem
1240 1852 1371 1936 fingere,
1386 1853 1451 1917 nisi
1466 1855 1506 1918 irr

187 1960 317 2024 duabus
345 1960 499 2044 per'sonis,
528 1981 612 2046 quae
643 1973 799 2045 tanquam
822 1975 979 2044 cognatae
1009 1973 1123 2025 mutuo
1152 1961 1342 2040 habeantur,
1365 1961 1507 2024 relativa

188 2071 277 2134 enim
293 2079 370 2134 sunt
391 2043 587 2152 co'gnomma
615 2073 700 2135 sicut
721 2083 925 2158 agnatorum,
941 2072 985 2134 ita
1014 2083 1046 2134 et
1066 2083 1286 2154 cognatorum.
1329 2071 1437 2154 Atque
1467 2069 1507 2154 id

180 2180 271 2243 ‘adeo
286 2199 400 2244 verum
422 2192 470 2244 est
497 2192 534 2244 ut
555 2181 629 2244 licet
657 2182 775 2244 deinde
797 2181 952 2262 Iulidelis,
983 2193 1040 2244 aut
1061 2181 1081 2246 J
1085 2182 1207 2244 udaeus
1236 2180 1291 2244 ille
1312 2181 1506 2272 baptizetur,

179 2269 253 2356 'non
268 2292 474 2358 convalescat
496 2295 653 2376 cognatio,
672 2305 781 2378 utpote
803 2313 888 2376 quac
903 2293 945 2357 ab
967 2292 1058 2356 initio
1074 2311 1138 2356 non
1153 2291 1223 2379 filii·
1267 2293 1341 2358 Non
1357 2302 1405 2357 est
1419 2312 1508 2371 sanc
1554 2375 1557 2378 ,

187 2400 414 2484 dubitandum,
431 2405 617 2488 praesertim
633 2414 710 2486 post
725 2403 956 2467 Tridentinam
972 2401 1263 2482 sanctionemque
1278 2397 1363 2462 intra
1377 2382 1509 2480 augus·

186 2509 281 2573 tiores
296 2509 378 2576 fines
398 2493 539 2576 coe'rcita
554 2522 612 2596 est¹
625 2513 801 2596 spiritualis
816 2511 973 2592 cognatm,
996 2529 1068 2574 earn
1095 2509 1319 2596 cognationem
1343 2525 1407 2570 non
1423 2526 1509 2570 corr-

186 2615 271 2680 trahi
286 2619 327 2682 eb
351 2621 526 2706 ignoratum
559 2623 712 2686 nimirum
734 2623 776 2684 ab
790 2641 837 2700 eo,
859 2621 916 2702 qui
945 2629 1065 2682 certam
1081 2637 1249 2700 personam
1272 2637 1307 2680 se
1336 2617 1507 2701 suscipere

187 2745 280 2820 putat
295 2733 375 2797 dum
403 2731 667 2812 aliamsuscipiu
699 2729 755 2810 qui
778 2728 863 2790 euim
880 2745 963 2790 error
985 2725 1161 2808 impediret,
1191 2744 1232 2790 ne
1254 2725 1383 2808 adoptio
1412 2723 1507 2788 facta

184 2843 372 2924 crederetur,
397 2860 480 2906 neve
505 2851 671 2924 propterea
693 2836 798 2902 civilis
827 2835 977 2918 cognatio
1000 2844 1174 2910 contracta,
1193 2824 1337 2916 'irnpedtt
1358 2847 1509 2916 quoque

185 2974 226 3018 ne
241 2925 449 3016 contrahatur
462 2949 612 3040 cognatio
628 2947 813 3030 spiritualis:
829 2957 861 3008 et
876 2963 1079 3032 quamquam
1094 2943 1156 3006 sub
1182 2941 1322 3006 Nomine
1338 2941 1429 3004 Deus
1445 2943 1507 3008 de-

184 3061 233 3126 dit
248 3063 355 3150 Papae
378 3036 506 3124 dicatur
520 3061 552 3122 in
574 3077 646 3122 can.
667 3059 695 3120 1.
719 3077 809 3120 caus.
826 3057 875 3120 30.
898 3063 1022 3138 quaest.
1040 3055 1077 3132 1.,
1101 3051 1188 3114 chuc
1203 3063 1401 3116 contractam
1423 3071 1507 3140 cog-

186 3173 352 3234 nationem
367 3169 500 3248 conseri,
516 3187 621 3232 canon
641 3179 750 3230 tamen
773 3166 827 3228 ille
843 3175 952 3248 utpote
974 3163 1180 3246 apocryphus
1194 3163 1319 3226 nuliius
1340 3167 1507 3230 momenti

183 3291 241 3360 est,
265 3299 370 3362 neque
385 3279 546 3342 dubitavit
567 3277 753 3344 Alexander
779 3277 837 3340 ΙΙΙ.
861 3285 971 3338 contra
986 3272 1139 3338 eumdem
1162 3274 1332 3341 maniieste
1348 3277 1507 3342 rescribe-

184 3413 227 3474 re,
242 3411 312 3476 cap.
328 3393 357 3456 2.
374 3391 414 3454 de
429 3401 557 3474 coguut.
574 3390 672 3472 spirit.
718 3388 868 3467 Denique
882 3385 1052 3448 observatu
1070 3383 1206 3466 dignum
1222 3395 1280 3464 cst,
1296 3384 1392 3448 hodie
1408 3405 1508 3468 prae.-

181 3503 302 3583 sertim,
319 3502 352 3566 in
374 3501 566 3584 cognatione
581 3497 740 3582 spirituali
756 3495 881 3560 nullam
895 3492 1006 3556 induci
1022 3491 1235 3572 adfinitatum
1260 3509 1369 3574 neque
1382 3507 1434 3556 ex.
1451 3511 1507 3574 gr.

184 3627 319 3672 uxorem
348 3607 539 3692 susceptoris
562 3605 625 3668 dici
656 3624 749 3687 posse
771 3602 974 3686 cognationis
1003 3599 1182 3684 quamdam
1206 3601 1346 3686 speciem
1375 3600 1504 3666 habere

183 3717 445 3804 cumbaptiza103
469 3737 571 3802 neque
594 3715 691 3794 eninr,
717 3721 752 3774 ut
781 3697 938 3774 scribebat
959 3709 1129 3774 Paschalis
1150 3708 1190 3772 lt
1215 3709 1249 3772 in
1263 3727 1334 3772 can.
1358 3709 1386 3772 5.
1403 3725 1502 3770 caus.

183 3825 375 3908 30..quaest.
398 3822 437 3902 t,
454 3821 645 3906 cognationi
667 3820 779 3891 cornis
808 3819 961 3902 cognatio
986 3818 1131 3902 spiritus
1152 3825 1375 3902 comparatum
1392 3837 1504 3902 neque

184 3959 245 4023 per
260 3939 416 4002 unientem
437 3935 549 4000 cornis
573 3933 619 3996 od
640 3933 796 3996 tutionem
823 3931 968 4014 spiritus
986 3929 1223 4012 pertransitur.
1266 3927 1353 4020 Sane
1367 3927 1447 3992 olim
1462 3929 1503 3994 id

184 4047 218 4112 in
241 4046 496 4130 disputationem
525 4042 668 4104 viniebat
690 4059 731 4102 ex
746 4058 792 4118 cc,
814 4036 902 4120 quod
919 4037 1017 4120 vulgo
1033 4034 1271 4118 proferebantur
1287 4035 1444 4100 Nicolnus
1459 4038 1502 4117 1.,

183 4169 217 4220 et
230 4155 440 4222 Innocentius
455 4153 489 4232 1,
517 4151 594 4214 item
624 4148 889 4214 Chalcedoneuse
913 4144 1094 4208 Concilium
1111 4162 1149 4204 ea
1171 4142 1320 4228 conjugia
1334 4141 1501 4228 improba·

184 4243 280 4344 visse,
295 4282 366 4326 can.
385 4263 412 4324 l.
435 4261 475 4340 2,
491 4269 523 4320 et
537 4259 566 4320 3.
583 4276 671 4322 caus.
688 4257 738 4319 30.
754 4254 922 4338 quaestu..
938 4251 1130 4316 econtrario
1152 4249 1394 4334 proferebantur
1416 4251 1502 4314 Pas·

182 4371 288 4436 chelis
303 4371 355 4449 11,
373 4379 405 4432 ct
427 4367 611 4432 Concilium
640 4365 850 4430 Triburiense
876 4381 915 4424 ea
929 4359 1080 4442 conjugia
1100 4355 1251 4438 admisse,
1266 4375 1337 4420 can.
1359 4355 1399 4438 t,
1415 4367 1449 4420 et
1463 4361 1500 4421 5.

183 4476 256 4542 ead.
272 4495 385 4558 causa
400 4485 432 4538 et
446 4476 643 4560 quaestione.
687 4473 724 4538 Si
739 4471 914 4538 Gratianus
928 4469 1123 4554 agnovisset,
1140 4465 1288 4532 laudatos
1303 4485 1447 4532 conones
1464 4471 1499 4534 1.
