3146 4980
184 389 253 458 336
553 404 982 481 praeparamentum,
1002 404 1080 476 can.
1099 383 1125 452 1.

185 543 251 600 tem
266 531 379 611 illam.
392 539 494 613 quam
506 525 646 596 motion
660 525 814 592 videmus
839 527 943 612 primo
956 535 1222 612 pmttpmeutttm
1241 526 1403 614 eonjugto,
1418 545 1487 614 cap.

192 639 222 703 2.
250 639 422 717 Genesoos,
447 653 613 720 quamque
637 633 827 700 validiorem
843 635 952 702 adhuc
975 633 1113 702 reddidit
1135 637 1169 702 in
1191 625 1496 721 Evangelio'Chrie

186 759 241 813 tus
257 750 425 828 Dominus,
452 747 507 812 ubi
522 747 675 830 abrogato
702 743 836 828 repudio
851 755 1005 823 veterum,
1031 757 1203 828 uunquam
1223 746 1327 812 voluit
1341 747 1492 830 regulari·

186 867 233 924 ter
247 861 399 943 conjuges
424 855 600 922 dissociari.
643 854 864 920 Nihilominus
886 863 997 918 tamen
1023 854 1204 938 singulares
1230 865 1307 920 sunt
1334 857 1491 940 exceptio-
1564 921 1565 930 ἢ

185 983 253 1045 nes,
269 985 351 1048 ques
366 963 418 1028 vel
434 964 503 1046 ipso
527 961 639 1026 divino
649 963 721 1046 jure
736 981 887 1046 expresse
902 961 1036 1026 traditas
1052 962 1182 1042 scimus,
1203 962 1257 1026 rel
1271 983 1313 1028 ex
1328 963 1492 1030 ecclesias

186 1075 258 1140 tieis
273 1073 527 1140 institutionibus
542 1072 586 1134 cd
596 1071 680 1156 juris
694 1071 798 1136 divini
813 1070 1064 1154 explicationem
1078 1071 1225 1138 formatis
1239 1071 1432 1156 accipimus.

184 1249 188 1256 ,
231 1177 346 1264 Medis,
362 1195 394 1247 et
408 1182 517 1248 causis
531 1179 811 1248 dissolvendarum
825 1180 1049 1265 conjugiorum
1064 1181 1161 1246 modo
1175 1180 1326 1248 indicatis
1347 1182 1428 1248 addi
1443 1201 1492 1267 po

186 1301 257 1371 test,
272 1289 448 1373 aliqnando
473 1289 543 1354 fieri
557 1288 666 1358 locum
691 1287 896 1361 dissolutioni
918 1287 1079 1374 conjugii,
1096 1289 1267 1372 nonquod
1290 1292 1417 1376 purprie
1432 1293 1491 1356 dis

187 1401 339 1480 solvetur,
355 1399 411 1466 sed
437 1397 525 1482 quod
540 1397 725 1476 declaretur,
753 1396 794 1460 ob
810 1396 900 1460 initio
926 1396 1051 1462 irritum
1076 1396 1188 1482 suisse3
1214 1399 1491 1482 quemadmodum

187 1505 395 1590 contingeret,
421 1507 449 1570 si
463 1516 697 1589 proponeretur,
724 1505 789 1570 telo
803 1505 837 1568 in
862 1503 1084 1570 contrahendo
1107 1507 1257 1592 conjugio
1282 1508 1494 1593 impedimen·

187 1622 259 1676 turn
273 1611 382 1694 fuisse,
408 1632 473 1696 quo
487 1612 635 1676 contrahi
649 1614 837 1698 conjugium
862 1611 956 1678 nullo
970 1613 1067 1678 modo
1082 1626 1198 1698 posset,
1223 1617 1377 1700 quodque
1397 1618 1491 1703 Prog-

187 1722 299 1786 malici
315 1722 413 1803 vulgo
429 1721 584 1786 dirimens
600 1721 869 1804 impedimentum
884 1721 1058 1806 appellent
1100 1723 1174 1788 Hac
1188 1721 1222 1788 in
1237 1723 1343 1806 specie
1365 1743 1491 1808 comps-

188 1837 259 1893 tens
273 1827 391 1902 Jndex,
418 1841 594 1910 antequam
608 1827 760 1909 declaret,
780 1831 911 1896 irritum
937 1831 1180 1896 matrimonium
1196 1829 1304 1912 luisse,
1324 1831 1490 1900 interdicet

186 1940 379 2024 conjugibus
394 1937 639 2004 dissolutionem
662 1941 853 2024 petentibus,
879 1959 920 2006 ne
935 1941 1055 2006 inteuea
1069 1941 1151 2006 alios
1165 1943 1297 2026 nuptias
1319 1941 1488 2026 celebrent

188 2044 265 2108 item
282 2065 323 2108 ne
338 2045 476 2110 invicem
493 2047 686 2128 cohabitent,
713 2069 792 2112 cove
808 2051 917 2114 minus
931 2050 1082 2134 conjugio
1098 2061 1238 2134 utentur,
1261 2025 1364 2116 donec
1378 2071 1492 2135 quaes

187 2157 231 2220 tio
245 2176 301 2240 per
315 2159 509 2222 senteutiam
533 2159 715 2242 deliniatur,
743 2179 815 2244 cap.
829 2161 859 2226 t.
884 2159 925 2227 de
949 2179 1070 2244 sponsa
1092 2161 1193 2242 dnos,
1209 2182 1280 2248 cap.
1304 2164 1336 2228 4.
1362 2163 1404 2228 de
1417 2183 1491 2230 con·

182 2265 251 2349 jug.
268 2285 359 2346 serv,
375 2285 444 2350 cap.
462 2269 499 2346 1.,
515 2277 548 2332 et
563 2270 685 2350 passim
699 2268 740 2331 de
755 2281 848 2334 matr.
864 2282 963 2336 contr.
979 2271 1123 2336 contrah.
1140 2273 1253 2338 interd.
1269 2272 1361 2338 Eccl.
1389 2273 1491 2360 Quod

63 2463 71 2480 ι
187 2386 296 2440 autem
312 2375 428 2440 dicitur
442 2376 482 2440 de
497 2377 735 2443 cohabitatione
750 2377 977 2460 interdicendo,
1004 2379 1049 2442 ita
1063 2379 1260 2479 intellige,si
1275 2381 1434 2448 notorium
1450 2384 1491 2446 sit

187 2480 463 2568 impedimentum,
491 2495 547 2558 eut
557 2489 627 2572 jam
652 2487 776 2552 idoneis
800 2488 936 2552 testibus
962 2487 1214 2571 comprobatum,
1240 2507 1311 2571 cup.
1331 2487 1363 2552 d.
1388 2488 1489 2568 doec,

131 2657 134 2665 ,
187 2595 246 2676 qui
260 2613 395 2678 cognov.
411 2597 634 2679 consanguin,
649 2594 926 2679 quemadmodum
941 2596 1030 2678 quod
1043 2597 1162 2663 dicitnr
1186 2598 1376 2681 generaliter
1390 2597 1432 2662 dc
1444 2600 1490 2664 in-

187 2705 371 2770 terdicendo
386 2725 448 2770 usn
472 2705 621 2790 conjugii,
636 2691 860 2789 exceptionem
886 2705 984 2768 habet
998 2705 1033 2768 in
1047 2723 1087 2768 ea
1099 2705 1215 2788 specio,
1239 2723 1306 2788 qua
1319 2715 1435 2788 agatur
1447 2704 1488 2768 da

187 2811 418 2896 impedimento
443 2813 649 2895 impotentiae
663 2791 733 2891 viri,
758 2829 930 2892 quousque
956 2811 1137 2892 legitimtun
1154 2822 1282 2894 tempus
1300 2809 1489 2894 praeterlap-

105 2972 111 2982 .
187 2941 263 2986 snm
278 2941 343 2984 non
359 2932 407 2984 est
422 2921 608 3004 experiendi
623 2919 693 2984 vitii
708 2939 817 3000 censa,
828 2921 925 3004 juxta
940 2940 987 3000 ea,
1004 2940 1088 3004 quae
1103 2921 1252 3006 superius
1267 2921 1414 2994 suoloco
1428 2931 1488 2985 tra·

188 3029 258 3096 dite
272 3030 411 3094 fuerunt.
766 3079 768 3084 .
1269 3077 1273 3085 .

229 3145 469 3224 Quaecumque
494 3141 536 3206 sit
550 3140 749 3208 dissolvendi
772 3143 914 3226 poningii
928 3159 1039 3224 cauca,
1063 3143 1116 3209 vel
1130 3143 1220 3223 ratio,
1245 3143 1275 3208 ai
1289 3161 1391 3217 uuam
1404 3143 1488 3222 quoi·

188 3251 261 3335 pias
276 3251 516 3316 dissolutionem
534 3249 616 3314 thori
638 3269 680 3314 ox
694 3269 857 3316 consensu
871 3249 999 3328 factam,
1020 3249 1197 3316 oliterreta
1211 3268 1282 3315 esse
1296 3268 1362 3332 non
1374 3259 1488 3334 potest,

188 3362 251 3428 nisi
267 3361 397 3446 publica
411 3360 598 3434 auctoritate
614 3357 775 3440 firmetur,¹
791 3347 974 3439 Judiodod
988 3377 1089 3441 quem
1101 3357 1248 3440 pertinet,
1264 3365 1488 3440 cognoscem

187 3475 307 3541 etenim
320 3491 388 3541 non
402 3473 540 3557 privata,
562 3469 618 3536 sod
636 3471 774 3554 publico¹
791 3471 942 3541 causalo
966 3470 1139 3548 mussanti
1164 3467 1307 3544 videtur.
1344 3469 1489 3541 Quomo-

187 3583 277 3648 brem
292 3581 381 3665 opud
404 3592 526 3646 veteres
538 3579 706 3645 Romanos
728 3577 857 3654 nullutn
872 3576 1179 3658 divortinmtvclere
1199 3583 1343 3659 poterat
1361 3573 1426 3642 uisi
1436 3590 1488 3639 eo·

188 3707 259 3757 rem
273 3699 395 3773 septem
420 3690 554 3754 testibus
566 3687 667 3768 fieret,
694 3688 714 3754 1.
729 3688 760 3752 9.
772 3687 807 3752 rt
822 3687 866 3752 de
888 3687 1043 3768 divortiis3
1059 3683 1218 3768 exemplo,
1242 3692 1282 3748 ut
1292 3692 1379 3766 pute,
1394 3689 1487 3753 teste·

188 3810 379 3878 mentorum,
394 3819 480 3881 quae
493 3801 563 3883 pari
584 3800 786 3872 solemnitate
801 3798 1001 3880 indigebunt,
1012 3785 1103 3880 duod
1115 3795 1281 3880 pretinm
1295 3795 1438 3866 eluntre
1449 3793 1488 3858 in

187 3913 228 3981 iis
243 3912 363 3978 versari
387 3929 523 3976 cautem
537 3911 766 3992 existimarent,
792 3911 813 3974 l.
828 3910 859 3974 3.
874 3908 905 3972 ff.
921 3909 978 3992 qui
1002 3917 1129 3983 testam
1142 3905 1274 3982 [acme.
1302 3903 1487 3975 neoenuoro

187 4033 300 4100 aetate,
316 4021 372 4089 nbi
395 4037 461 4087 nou
483 4027 508 4089 a¹
527 4022 703 4105 conjugum
728 4019 858 4087 arbitrio
880 4018 1061 4094 divertendi
1084 4034 1203 4109 penses
1226 4015 1487 4100 omnemne

188 4141 271 4210 mm,
286 4129 344 4196 sed
354 4133 426 4216 jure
441 4129 570 4214 puhlioo
585 4128 797 4209 determinari,
821 4147 889 4192 non
904 4129 983 4194 setis
996 4126 1062 4201 luit
1071 4126 1331 4198 coremtestibus
1354 4119 1485 4199 dimnlu

188 4255 259 4313 tum
272 4246 460 4330 conjugium
486 4243 600 4325 dicere;
626 4254 663 4311 ut
675 4244 764 4314 enirn
777 4242 934 4320 omittam,
959 4257 1043 4323 quse
1058 4241 1092 4304 in
1117 4239 1181 4304 hac
1195 4249 1286 4322 perte
1306 4237 1342 4308 itt
1362 4231 1486 4318 legino

188 4353 362 4428 Iustiniani
379 4350 559 4430 traduntur,
582 4349 665 4428 Nor,
684 4351 753 4428 lli.
768 4369 839 4433 cap.
867 4349 926 4430 13,
940 4359 971 4413 et
986 4347 1069 4414 Nou.
1098 4345 1168 4424 134„
1179 4363 1259 4428 ,cap
1271 4345 1330 4423 11,
1345 4341 1482 4424 adquae

189 4463 552 4548 respicienadiclsanmp
576 4463 611 4528 in
624 4480 785 4531 cononem
798 4457 848 4528 la.
862 4479 908 4528 ex
920 4458 1182 4558 Apostolicprait:
1199 4457 1399 4545 ,immittis
1408 4469 1485 4540 otte·
