<?xml version="1.0" encoding="UTF-8"?>
<!DOCTYPE html PUBLIC "-//W3C//DTD XHTML 1.0 Transitional//EN"
    "http://www.w3.org/TR/xhtml1/DTD/xhtml1-transitional.dtd">
<html xmlns="http://www.w3.org/1999/xhtml" xml:lang="en" lang="en">
 <head>
  <title>
</title>
<meta http-equiv="Content-Type" content="text/html;charset=utf-8" />
  <meta name='ocr-system' content='tesseract 3.04.00' />
  <meta name='ocr-capabilities' content='ocr_page ocr_carea ocr_par ocr_line ocrx_word'/>
</head>
<body>
  <div class='ocr_page' id='page_1' title='image "./carolisebastian00beragoog_0088.png"; bbox 0 0 3276 4984; ppageno 0'>
   <div class='ocr_carea' id='block_1_1' title="bbox 321 453 1412 520">
    <p class='ocr_par' dir='ltr' id='par_1_1' title="bbox 321 453 1412 520">
     <span class='ocr_line' id='line_1_1' title="bbox 321 453 1412 520; baseline 0.004 -4"><span class='ocrx_word' id='word_1_1' title='bbox 321 469 453 516; x_wconf 81' lang='lat' dir='ltr'><strong>eureus</strong></span> <span class='ocrx_word' id='word_1_2' title='bbox 477 466 526 514; x_wconf 79' lang='lat' dir='ltr'>nx</span> <span class='ocrx_word' id='word_1_3' title='bbox 548 465 674 516; x_wconf 75' lang='lat' dir='ltr'><strong>oluere</strong></span> <span class='ocrx_word' id='word_1_4' title='bbox 697 467 892 514; x_wconf 74' lang='lat' dir='ltr'><strong>neousma</strong></span> <span class='ocrx_word' id='word_1_5' title='bbox 916 469 1200 516; x_wconf 65' lang='lat' dir='ltr'><strong>nemausenses.</strong></span> <span class='ocrx_word' id='word_1_6' title='bbox 1369 453 1412 520; x_wconf 83' lang='grc'><strong>83</strong></span> 
     </span>
    </p>
   </div>
   <div class='ocr_carea' id='block_1_2' title="bbox 35 589 1417 4603">
    <p class='ocr_par' dir='ltr' id='par_1_2' title="bbox 35 589 1414 1108">
     <span class='ocr_line' id='line_1_2' title="bbox 35 589 1412 680; baseline 0.004 -26"><span class='ocrx_word' id='word_1_7' title='bbox 35 609 37 676; x_wconf 72' lang='lat' dir='ltr'>J</span> <span class='ocrx_word' id='word_1_8' title='bbox 129 605 172 658; x_wconf 84' lang='lat' dir='ltr'><strong>sos</strong></span> <span class='ocrx_word' id='word_1_9' title='bbox 187 589 257 656; x_wconf 89' lang='lat' dir='ltr'><strong>illos</strong></span> <span class='ocrx_word' id='word_1_10' title='bbox 276 591 375 658; x_wconf 85' lang='lat' dir='ltr'><strong>luisse</strong></span> <span class='ocrx_word' id='word_1_11' title='bbox 392 591 527 655; x_wconf 88' lang='lat' dir='ltr'><strong>rnolitos.</strong></span> <span class='ocrx_word' id='word_1_12' title='bbox 570 589 703 656; x_wconf 81' lang='lat' dir='ltr'><strong>Etenim</strong></span> <span class='ocrx_word' id='word_1_13' title='bbox 724 589 931 655; x_wconf 82' lang='lat' dir='ltr'><strong>Alexander&#39;</strong></span> <span class='ocrx_word' id='word_1_14' title='bbox 924 611 955 655; x_wconf 87' lang='grc' dir='ltr'><strong>ιιι</strong></span> <span class='ocrx_word' id='word_1_15' title='bbox 972 611 1041 676; x_wconf 91' lang='lat' dir='ltr'><strong>cap</strong></span> <span class='ocrx_word' id='word_1_16' title='bbox 1058 595 1087 658; x_wconf 83' lang='lat'><strong>5.</strong></span> <span class='ocrx_word' id='word_1_17' title='bbox 1113 591 1271 677; x_wconf 85' lang='lat' dir='ltr'><strong>depactis</strong></span> <span class='ocrx_word' id='word_1_18' title='bbox 1285 607 1412 680; x_wconf 81' lang='lat' dir='ltr'><strong>expres·</strong></span> 
     </span>
     <span class='ocr_line' id='line_1_3' title="bbox 129 699 1413 788; baseline 0.006 -25"><span class='ocrx_word' id='word_1_19' title='bbox 129 700 288 780; x_wconf 74' lang='grc' dir='ltr'>ιοὶιιειιιι,</span> <span class='ocrx_word' id='word_1_20' title='bbox 313 699 501 766; x_wconf 74' lang='grc' dir='ltr'>ιιοιιιίεὸενε</span> <span class='ocrx_word' id='word_1_21' title='bbox 516 701 727 786; x_wconf 74' lang='lat' dir='ltr'><strong>atiquatenus</strong></span> <span class='ocrx_word' id='word_1_22' title='bbox 746 699 889 780; x_wconf 61' lang='lat' dir='ltr'><strong>tomen,</strong></span> <span class='ocrx_word' id='word_1_23' title='bbox 915 702 1027 785; x_wconf 78' lang='lat' dir='ltr'><strong>qood</strong></span> <span class='ocrx_word' id='word_1_24' title='bbox 1015 703 1169 788; x_wconf 76' lang='lat' dir='ltr'><strong>iniquom</strong></span> <span class='ocrx_word' id='word_1_25' title='bbox 1182 712 1238 782; x_wconf 81' lang='lat' dir='ltr'><strong>est,</strong></span> <span class='ocrx_word' id='word_1_26' title='bbox 1262 713 1292 768; x_wconf 82' lang='lat' dir='ltr'><strong>et</strong></span> <span class='ocrx_word' id='word_1_27' title='bbox 1305 709 1413 772; x_wconf 73' lang='lat' dir='ltr'><strong>sacris</strong></span> 
     </span>
     <span class='ocr_line' id='line_1_4' title="bbox 132 805 1414 890; baseline 0.002 -16"><span class='ocrx_word' id='word_1_28' title='bbox 132 808 338 874; x_wconf 69' lang='lat' dir='ltr'><strong>Comibus</strong></span> <span class='ocrx_word' id='word_1_29' title='bbox 322 809 514 888; x_wconf 67' lang='grc' dir='ltr'>ιιιίιιιίιιιιιιι</span> <span class='ocrx_word' id='word_1_30' title='bbox 540 808 617 872; x_wconf 88' lang='lat' dir='ltr'><strong>item</strong></span> <span class='ocrx_word' id='word_1_31' title='bbox 632 805 719 877; x_wconf 81' lang='lat' dir='ltr'><strong>idem</strong></span> <span class='ocrx_word' id='word_1_32' title='bbox 733 805 905 870; x_wconf 81' lang='lat' dir='ltr'><strong>Pontifex&#39;</strong></span> <span class='ocrx_word' id='word_1_33' title='bbox 897 827 931 870; x_wconf 89' lang='grc' dir='ltr'><strong>ιιι</strong></span> <span class='ocrx_word' id='word_1_34' title='bbox 947 807 1093 890; x_wconf 81' lang='lat' dir='ltr'><strong>Episnrle</strong></span> <span class='ocrx_word' id='word_1_35' title='bbox 1106 807 1149 872; x_wconf 91' lang='lat' dir='ltr'><strong>ad</strong></span> <span class='ocrx_word' id='word_1_36' title='bbox 1163 809 1322 874; x_wconf 87' lang='lat' dir='ltr'><strong>Abbatern</strong></span> <span class='ocrx_word' id='word_1_37' title='bbox 1337 809 1414 878; x_wconf 86' lang='lat' dir='ltr'><strong>Ursi</strong></span> 
     </span>
     <span class='ocr_line' id='line_1_5' title="bbox 128 913 1414 998; baseline 0.006 -22"><span class='ocrx_word' id='word_1_38' title='bbox 128 913 240 998; x_wconf 82' lang='lat' dir='ltr'><strong>Campi,</strong></span> <span class='ocrx_word' id='word_1_39' title='bbox 255 925 288 978; x_wconf 87' lang='lat' dir='ltr'><strong>et</strong></span> <span class='ocrx_word' id='word_1_40' title='bbox 303 915 474 980; x_wconf 86' lang='lat' dir='ltr'><strong>Decanuur</strong></span> <span class='ocrx_word' id='word_1_41' title='bbox 488 915 707 978; x_wconf 74' lang='lat' dir='ltr'><strong>Rhomensem</strong></span> <span class='ocrx_word' id='word_1_42' title='bbox 721 913 809 976; x_wconf 83' lang='lat' dir='ltr'><strong>edita</strong></span> <span class='ocrx_word' id='word_1_43' title='bbox 821 913 910 996; x_wconf 88' lang='lat' dir='ltr'><strong>apud</strong></span> <span class='ocrx_word' id='word_1_44' title='bbox 926 915 1115 981; x_wconf 85' lang='lat' dir='ltr'><strong>Manaiurn</strong></span> <span class='ocrx_word' id='word_1_45' title='bbox 1106 935 1140 982; x_wconf 90' lang='lat' dir='ltr'><strong>ru</strong></span> <span class='ocrx_word' id='word_1_46' title='bbox 1156 929 1242 980; x_wconf 90' lang='lat' dir='ltr'><strong>tomo</strong></span> <span class='ocrx_word' id='word_1_47' title='bbox 1255 920 1285 982; x_wconf 80' lang='lat'><strong>2.</strong></span> <span class='ocrx_word' id='word_1_48' title='bbox 1329 920 1414 991; x_wconf 82' lang='lat' dir='ltr'><strong>Lab-</strong></span> 
     </span>
     <span class='ocr_line' id='line_1_6' title="bbox 128 1022 1412 1108; baseline 0.003 -22"><span class='ocrx_word' id='word_1_49' title='bbox 128 1022 209 1086; x_wconf 86' lang='lat' dir='ltr'><strong>beani</strong></span> <span class='ocrx_word' id='word_1_50' title='bbox 233 1023 450 1106; x_wconf 85' lang='lat' dir='ltr'><strong>supplementi</strong></span> <span class='ocrx_word' id='word_1_51' title='bbox 475 1041 547 1105; x_wconf 74' lang='lat' dir='ltr'><strong>pag.</strong></span> <span class='ocrx_word' id='word_1_52' title='bbox 574 1023 646 1086; x_wconf 78' lang='lat'><strong>612.</strong></span> <span class='ocrx_word' id='word_1_53' title='bbox 671 1022 832 1105; x_wconf 90' lang='lat' dir='ltr'><strong>proposita</strong></span> <span class='ocrx_word' id='word_1_54' title='bbox 855 1022 960 1104; x_wconf 84' lang='lat' dir='ltr'><strong>specie</strong></span> <span class='ocrx_word' id='word_1_55' title='bbox 985 1023 1126 1107; x_wconf 75' lang='lat' dir='ltr'><strong>conjugii</strong></span> <span class='ocrx_word' id='word_1_56' title='bbox 1148 1025 1229 1088; x_wconf 86' lang='lat' dir='ltr'><strong>inter</strong></span> <span class='ocrx_word' id='word_1_57' title='bbox 1249 1025 1412 1108; x_wconf 86' lang='lat' dir='ltr'><strong>quosdam</strong></span> 
     </span>
    </p>

    <p class='ocr_par' dir='ltr' id='par_1_3' title="bbox 37 1129 1417 2310">
     <span class='ocr_line' id='line_1_7' title="bbox 37 1129 1412 1216; baseline 0.006 -24"><span class='ocrx_word' id='word_1_58' title='bbox 37 1143 48 1174; x_wconf 80' lang='lat'><em>⁰</em></span> <span class='ocrx_word' id='word_1_59' title='bbox 126 1131 277 1210; x_wconf 81' lang='lat' dir='ltr'><strong>contracti,</strong></span> <span class='ocrx_word' id='word_1_60' title='bbox 302 1129 460 1194; x_wconf 84' lang='lat' dir='ltr'><strong>adversus</strong></span> <span class='ocrx_word' id='word_1_61' title='bbox 473 1129 561 1212; x_wconf 88' lang='lat' dir='ltr'><strong>qued</strong></span> <span class='ocrx_word' id='word_1_62' title='bbox 577 1130 712 1214; x_wconf 88' lang='lat' dir='ltr'><strong>quidam</strong></span> <span class='ocrx_word' id='word_1_63' title='bbox 737 1129 960 1192; x_wconf 87' lang='lat' dir='ltr'><strong>adolescentes</strong></span> <span class='ocrx_word' id='word_1_64' title='bbox 975 1130 1092 1194; x_wconf 81' lang='lat' dir='ltr'><strong>ardore</strong></span> <span class='ocrx_word' id='word_1_65' title='bbox 1111 1133 1226 1216; x_wconf 73' lang='lat' dir='ltr'><strong>paries</strong></span> <span class='ocrx_word' id='word_1_66' title='bbox 1239 1137 1412 1216; x_wconf 78' lang='lat' dir='ltr'><strong>auaritiae,</strong></span> 
     </span>
     <span class='ocr_line' id='line_1_8' title="bbox 125 1239 1414 1330; baseline 0.005 -27"><span class='ocrx_word' id='word_1_67' title='bbox 125 1243 226 1306; x_wconf 77' lang='lat' dir='ltr'><strong>dedii</strong></span> <span class='ocrx_word' id='word_1_68' title='bbox 241 1244 343 1308; x_wconf 72' lang='lat' dir='ltr'><strong>lesora</strong></span> <span class='ocrx_word' id='word_1_69' title='bbox 362 1243 473 1325; x_wconf 79' lang='lat' dir='ltr'><strong>perciti</strong></span> <span class='ocrx_word' id='word_1_70' title='bbox 488 1243 521 1306; x_wconf 91' lang='lat' dir='ltr'><strong>in</strong></span> <span class='ocrx_word' id='word_1_71' title='bbox 543 1239 666 1328; x_wconf 90' lang='lat' dir='ltr'><strong>jndicio</strong></span> <span class='ocrx_word' id='word_1_72' title='bbox 679 1241 918 1304; x_wconf 70' lang='lat' dir='ltr'>contendebant</span> <span class='ocrx_word' id='word_1_73' title='bbox 933 1252 1059 1322; x_wconf 86' lang='lat' dir='ltr'><strong>temere,</strong></span> <span class='ocrx_word' id='word_1_74' title='bbox 1080 1257 1114 1305; x_wconf 86' lang='lat' dir='ltr'><strong>et</strong></span> <span class='ocrx_word' id='word_1_75' title='bbox 1128 1243 1198 1308; x_wconf 84' lang='lat' dir='ltr'><strong>sino</strong></span> <span class='ocrx_word' id='word_1_76' title='bbox 1212 1264 1321 1325; x_wconf 73' lang='lat' dir='ltr'><strong>cerua,</strong></span> <span class='ocrx_word' id='word_1_77' title='bbox 1340 1265 1414 1330; x_wconf 85' lang='lat' dir='ltr'><strong>pro.</strong></span> 
     </span>
     <span class='ocr_line' id='line_1_9' title="bbox 124 1349 1413 1444; baseline 0.005 -28"><span class='ocrx_word' id='word_1_78' title='bbox 124 1349 215 1416; x_wconf 77' lang='lat' dir='ltr'><strong>ferus</strong></span> <span class='ocrx_word' id='word_1_79' title='bbox 229 1363 288 1432; x_wconf 85' lang='lat' dir='ltr'><strong>est,</strong></span> <span class='ocrx_word' id='word_1_80' title='bbox 315 1371 386 1416; x_wconf 84' lang='lat' dir='ltr'><strong>esse</strong></span> <span class='ocrx_word' id='word_1_81' title='bbox 412 1355 623 1431; x_wconf 65' lang='lat' dir='ltr'><strong>coeuntes,</strong></span> <span class='ocrx_word' id='word_1_82' title='bbox 649 1364 685 1417; x_wconf 85' lang='lat' dir='ltr'><strong>ut</strong></span> <span class='ocrx_word' id='word_1_83' title='bbox 698 1355 888 1436; x_wconf 87' lang='lat' dir='ltr'><strong>conjugium</strong></span> <span class='ocrx_word' id='word_1_84' title='bbox 913 1353 995 1416; x_wconf 90' lang='lat' dir='ltr'><strong>illud</strong></span> <span class='ocrx_word' id='word_1_85' title='bbox 1020 1355 1153 1420; x_wconf 86' lang='lat' dir='ltr'><strong>minime</strong></span> <span class='ocrx_word' id='word_1_86' title='bbox 1175 1357 1413 1444; x_wconf 66' lang='lat' dir='ltr'><strong>desciverunt,</strong></span> 
     </span>
     <span class='ocr_line' id='line_1_10' title="bbox 126 1460 1416 1545; baseline 0.005 -22"><span class='ocrx_word' id='word_1_87' title='bbox 126 1460 201 1524; x_wconf 87' lang='lat' dir='ltr'><strong>uude</strong></span> <span class='ocrx_word' id='word_1_88' title='bbox 214 1479 317 1544; x_wconf 80' lang='lat' dir='ltr'><strong>grave</strong></span> <span class='ocrx_word' id='word_1_89' title='bbox 333 1473 561 1543; x_wconf 81' lang='lat' dir='ltr'>argumentum</span> <span class='ocrx_word' id='word_1_90' title='bbox 575 1462 709 1545; x_wconf 85' lang='lat' dir='ltr'><strong>capitur,</strong></span> <span class='ocrx_word' id='word_1_91' title='bbox 729 1462 854 1524; x_wconf 84' lang='lat' dir='ltr'><strong>tolerari</strong></span> <span class='ocrx_word' id='word_1_92' title='bbox 869 1461 901 1524; x_wconf 91' lang='lat' dir='ltr'><strong>id</strong></span> <span class='ocrx_word' id='word_1_93' title='bbox 917 1461 982 1524; x_wconf 88' lang='lat' dir='ltr'><strong>dici</strong></span> <span class='ocrx_word' id='word_1_94' title='bbox 996 1462 1206 1526; x_wconf 76' lang='lat' dir='ltr'>consuevisse</span> <span class='ocrx_word' id='word_1_95' title='bbox 1220 1463 1262 1528; x_wconf 90' lang='lat' dir='ltr'><strong>ab</strong></span> <span class='ocrx_word' id='word_1_96' title='bbox 1276 1463 1416 1530; x_wconf 83' lang='lat' dir='ltr'><strong>Alexan·</strong></span> 
     </span>
     <span class='ocr_line' id='line_1_11' title="bbox 123 1571 1417 1658; baseline 0.005 -24"><span class='ocrx_word' id='word_1_97' title='bbox 123 1571 178 1652; x_wconf 84' lang='lat' dir='ltr'><strong>dre,</strong></span> <span class='ocrx_word' id='word_1_98' title='bbox 193 1574 281 1658; x_wconf 89' lang='lat' dir='ltr'><strong>quod</strong></span> <span class='ocrx_word' id='word_1_99' title='bbox 305 1574 433 1657; x_wconf 77' lang='lat' dir='ltr'><strong>legibus</strong></span> <span class='ocrx_word' id='word_1_100' title='bbox 455 1575 590 1638; x_wconf 88' lang='lat' dir='ltr'><strong>tninirue</strong></span> <span class='ocrx_word' id='word_1_101' title='bbox 605 1574 846 1657; x_wconf 87' lang='lat' dir='ltr'><strong>improbaretur;</strong></span> <span class='ocrx_word' id='word_1_102' title='bbox 870 1572 964 1656; x_wconf 85' lang='lat' dir='ltr'><strong>quasi</strong></span> <span class='ocrx_word' id='word_1_103' title='bbox 993 1572 1142 1642; x_wconf 77' lang='lat' dir='ltr'><strong>Pontifex</strong></span> <span class='ocrx_word' id='word_1_104' title='bbox 1168 1573 1222 1638; x_wconf 89' lang='lat' dir='ltr'><strong>illc</strong></span> <span class='ocrx_word' id='word_1_105' title='bbox 1237 1573 1417 1640; x_wconf 86' lang='lat' dir='ltr'><strong>lenioribus.</strong></span> 
     </span>
     <span class='ocr_line' id='line_1_12' title="bbox 125 1677 1417 1764; baseline 0 -21"><span class='ocrx_word' id='word_1_106' title='bbox 125 1683 314 1746; x_wconf 86' lang='lat' dir='ltr'><strong>etmodestis</strong></span> <span class='ocrx_word' id='word_1_107' title='bbox 339 1683 492 1764; x_wconf 89' lang='lat' dir='ltr'><strong>loquendi</strong></span> <span class='ocrx_word' id='word_1_108' title='bbox 515 1681 661 1744; x_wconf 78' lang='lat' dir='ltr'><strong>formulis</strong></span> <span class='ocrx_word' id='word_1_109' title='bbox 677 1682 723 1744; x_wconf 90' lang='lat' dir='ltr'><strong>uti</strong></span> <span class='ocrx_word' id='word_1_110' title='bbox 740 1680 862 1757; x_wconf 84' lang='lat' dir='ltr'><strong>soleret,</strong></span> <span class='ocrx_word' id='word_1_111' title='bbox 887 1677 1164 1760; x_wconf 79' lang='lat' dir='ltr'><strong>quemadmodum</strong></span> <span class='ocrx_word' id='word_1_112' title='bbox 1187 1683 1222 1742; x_wconf 91' lang='lat' dir='ltr'><strong>in</strong></span> <span class='ocrx_word' id='word_1_113' title='bbox 1233 1697 1305 1760; x_wconf 82' lang='lat' dir='ltr'><strong>cap</strong></span> <span class='ocrx_word' id='word_1_114' title='bbox 1331 1679 1361 1742; x_wconf 83' lang='lat' dir='ltr'><strong>t.</strong></span> <span class='ocrx_word' id='word_1_115' title='bbox 1375 1680 1417 1744; x_wconf 84' lang='lat' dir='ltr'><strong>ds</strong></span> 
     </span>
     <span class='ocr_line' id='line_1_13' title="bbox 125 1789 1416 1879; baseline 0.001 -25"><span class='ocrx_word' id='word_1_116' title='bbox 125 1811 255 1858; x_wconf 70' lang='lat' dir='ltr'><strong>ocnoers.</strong></span> <span class='ocrx_word' id='word_1_117' title='bbox 271 1795 401 1879; x_wconf 84' lang='lat' dir='ltr'><strong>conjug.</strong></span> <span class='ocrx_word' id='word_1_118' title='bbox 416 1794 449 1857; x_wconf 91' lang='lat' dir='ltr'><strong>in</strong></span> <span class='ocrx_word' id='word_1_119' title='bbox 465 1791 578 1856; x_wconf 83' lang='lat' dir='ltr'><strong>sedern</strong></span> <span class='ocrx_word' id='word_1_120' title='bbox 593 1792 742 1874; x_wconf 81' lang='lat' dir='ltr'><strong>Epistola</strong></span> <span class='ocrx_word' id='word_1_121' title='bbox 757 1789 802 1854; x_wconf 91' lang='lat' dir='ltr'><strong>ad·</strong></span> <span class='ocrx_word' id='word_1_122' title='bbox 815 1791 1015 1874; x_wconf 76' lang='lat' dir='ltr'><strong>Episcopum</strong></span> <span class='ocrx_word' id='word_1_123' title='bbox 1023 1789 1246 1857; x_wconf 85' lang='lat' dir='ltr'><strong>Oxoniensem</strong></span> <span class='ocrx_word' id='word_1_124' title='bbox 1261 1789 1416 1855; x_wconf 78' lang='lat' dir='ltr'><strong>diseirrrw</strong></span> 
     </span>
     <span class='ocr_line' id='line_1_14' title="bbox 123 1898 1414 1986; baseline -0.001 -23"><span class='ocrx_word' id='word_1_125' title='bbox 123 1899 178 1963; x_wconf 75' lang='lat' dir='ltr'><strong>lori</strong></span> <span class='ocrx_word' id='word_1_126' title='bbox 186 1921 288 1986; x_wconf 84' lang='lat' dir='ltr'><strong>posse</strong></span> <span class='ocrx_word' id='word_1_127' title='bbox 302 1901 393 1980; x_wconf 84' lang='lat' dir='ltr'>dixit,</span> <span class='ocrx_word' id='word_1_128' title='bbox 409 1898 495 1980; x_wconf 88' lang='lat' dir='ltr'><strong>quod</strong></span> <span class='ocrx_word' id='word_1_129' title='bbox 511 1899 720 1982; x_wconf 80' lang='lat' dir='ltr'><strong>probandum,</strong></span> <span class='ocrx_word' id='word_1_130' title='bbox 736 1911 771 1962; x_wconf 85' lang='lat' dir='ltr'><strong>et</strong></span> <span class='ocrx_word' id='word_1_131' title='bbox 784 1899 1023 1964; x_wconf 84' lang='lat' dir='ltr'><strong>admittendum</strong></span> <span class='ocrx_word' id='word_1_132' title='bbox 1037 1909 1115 1978; x_wconf 87' lang='lat' dir='ltr'><strong>erat,</strong></span> <span class='ocrx_word' id='word_1_133' title='bbox 1137 1911 1328 1981; x_wconf 80' lang='lat' dir='ltr'><strong>argumento</strong></span> <span class='ocrx_word' id='word_1_134' title='bbox 1344 1919 1414 1982; x_wconf 85' lang='lat' dir='ltr'><strong>cap</strong></span> 
     </span>
     <span class='ocr_line' id='line_1_15' title="bbox 125 2005 1415 2094; baseline 0.003 -24"><span class='ocrx_word' id='word_1_135' title='bbox 125 2009 145 2070; x_wconf 92' lang='lat' dir='ltr'><strong>l.</strong></span> <span class='ocrx_word' id='word_1_136' title='bbox 159 2009 223 2072; x_wconf 86' lang='lat' dir='ltr'><strong>cod.</strong></span> <span class='ocrx_word' id='word_1_137' title='bbox 249 2011 300 2073; x_wconf 86' lang='lat' dir='ltr'><strong>tit.</strong></span> <span class='ocrx_word' id='word_1_138' title='bbox 344 2008 436 2074; x_wconf 84' lang='lat' dir='ltr'>Idem</span> <span class='ocrx_word' id='word_1_139' title='bbox 459 2007 645 2074; x_wconf 77' lang='lat' dir='ltr'>Alexander</span> <span class='ocrx_word' id='word_1_140' title='bbox 668 2009 725 2073; x_wconf 92' lang='lat' dir='ltr'><strong>lll.</strong></span> <span class='ocrx_word' id='word_1_141' title='bbox 754 2009 887 2090; x_wconf 80' lang='lat' dir='ltr'><strong>scripsit,</strong></span> <span class='ocrx_word' id='word_1_142' title='bbox 914 2009 1060 2090; x_wconf 79' lang='lat' dir='ltr'><strong>possein</strong></span> <span class='ocrx_word' id='word_1_143' title='bbox 1079 2009 1248 2094; x_wconf 70' lang='lat' dir='ltr'><strong>patenis</strong></span> <span class='ocrx_word' id='word_1_144' title='bbox 1271 2005 1415 2090; x_wconf 77' lang='lat' dir='ltr'><strong>tolerari,</strong></span> 
     </span>
     <span class='ocr_line' id='line_1_16' title="bbox 120 2115 1415 2202; baseline 0 -22"><span class='ocrx_word' id='word_1_145' title='bbox 120 2117 193 2198; x_wconf 91' lang='lat' dir='ltr'><strong>quod</strong></span> <span class='ocrx_word' id='word_1_146' title='bbox 210 2121 282 2202; x_wconf 86' lang='lat' dir='ltr'><strong>ipse</strong></span> <span class='ocrx_word' id='word_1_147' title='bbox 306 2115 535 2200; x_wconf 86' lang='lat' dir='ltr'><strong>comprobabat</strong></span> <span class='ocrx_word' id='word_1_148' title='bbox 549 2119 582 2182; x_wconf 91' lang='lat' dir='ltr'><strong>in</strong></span> <span class='ocrx_word' id='word_1_149' title='bbox 596 2137 666 2200; x_wconf 87' lang='lat' dir='ltr'><strong>cap.</strong></span> <span class='ocrx_word' id='word_1_150' title='bbox 683 2119 712 2180; x_wconf 86' lang='lat'><strong>2.</strong></span> <span class='ocrx_word' id='word_1_151' title='bbox 737 2117 777 2180; x_wconf 90' lang='lat' dir='ltr'><strong>de</strong></span> <span class='ocrx_word' id='word_1_152' title='bbox 792 2116 897 2200; x_wconf 83' lang='lat' dir='ltr'><strong>frigid.</strong></span> <span class='ocrx_word' id='word_1_153' title='bbox 921 2127 954 2180; x_wconf 88' lang='lat' dir='ltr'><strong>et</strong></span> <span class='ocrx_word' id='word_1_154' title='bbox 969 2116 1076 2182; x_wconf 79' lang='lat' dir='ltr'><strong>males.</strong></span> <span class='ocrx_word' id='word_1_155' title='bbox 1122 2117 1289 2182; x_wconf 83' lang='lat' dir='ltr'><strong>Praeterea</strong></span> <span class='ocrx_word' id='word_1_156' title='bbox 1309 2117 1415 2180; x_wconf 83' lang='lat' dir='ltr'><strong>obser·</strong></span> 
     </span>
     <span class='ocr_line' id='line_1_17' title="bbox 120 2225 1415 2310; baseline 0.004 -25"><span class='ocrx_word' id='word_1_157' title='bbox 120 2241 161 2304; x_wconf 85' lang='lat' dir='ltr'><strong>ro,</strong></span> <span class='ocrx_word' id='word_1_158' title='bbox 183 2227 415 2292; x_wconf 77' lang='lat' dir='ltr'><strong>Alexandrum</strong></span> <span class='ocrx_word' id='word_1_159' title='bbox 438 2229 503 2292; x_wconf 84' lang='lat' dir='ltr'><strong>rien</strong></span> <span class='ocrx_word' id='word_1_160' title='bbox 526 2225 625 2290; x_wconf 87' lang='lat' dir='ltr'><strong>fnisse</strong></span> <span class='ocrx_word' id='word_1_161' title='bbox 651 2226 691 2288; x_wconf 89' lang='lat' dir='ltr'><strong>de</strong></span> <span class='ocrx_word' id='word_1_162' title='bbox 706 2245 744 2288; x_wconf 87' lang='lat' dir='ltr'><strong>eo</strong></span> <span class='ocrx_word' id='word_1_163' title='bbox 770 2228 971 2308; x_wconf 82' lang='lat' dir='ltr'><strong>potissimam</strong></span> <span class='ocrx_word' id='word_1_164' title='bbox 995 2225 1180 2305; x_wconf 85' lang='lat' dir='ltr'><strong>sollicitum,</strong></span> <span class='ocrx_word' id='word_1_165' title='bbox 1206 2225 1293 2309; x_wconf 90' lang='lat' dir='ltr'><strong>quod</strong></span> <span class='ocrx_word' id='word_1_166' title='bbox 1308 2226 1415 2310; x_wconf 88' lang='lat' dir='ltr'><strong>vellet,</strong></span> 
     </span>
    </p>

    <p class='ocr_par' dir='ltr' id='par_1_4' title="bbox 35 2333 1414 2743">
     <span class='ocr_line' id='line_1_18' title="bbox 35 2333 1414 2420; baseline 0.004 -26"><span class='ocrx_word' id='word_1_167' title='bbox 35 2405 36 2416; x_wconf 21' lang='lat'>2</span> <span class='ocrx_word' id='word_1_168' title='bbox 120 2335 241 2400; x_wconf 87' lang='lat' dir='ltr'><strong>omnino</strong></span> <span class='ocrx_word' id='word_1_169' title='bbox 255 2335 360 2400; x_wconf 86' lang='lat' dir='ltr'><strong>semel</strong></span> <span class='ocrx_word' id='word_1_170' title='bbox 385 2335 497 2398; x_wconf 84' lang='lat' dir='ltr'><strong>datam</strong></span> <span class='ocrx_word' id='word_1_171' title='bbox 513 2335 714 2417; x_wconf 90' lang='lat' dir='ltr'><strong>sponsalium</strong></span> <span class='ocrx_word' id='word_1_172' title='bbox 730 2334 828 2399; x_wconf 88' lang='lat' dir='ltr'><strong>fidern</strong></span> <span class='ocrx_word' id='word_1_173' title='bbox 842 2335 976 2418; x_wconf 86' lang='lat' dir='ltr'><strong>impleri,</strong></span> <span class='ocrx_word' id='word_1_174' title='bbox 1003 2333 1116 2399; x_wconf 87' lang='lat' dir='ltr'><strong>sedda</strong></span> <span class='ocrx_word' id='word_1_175' title='bbox 1131 2355 1177 2416; x_wconf 90' lang='lat' dir='ltr'><strong>eo,</strong></span> <span class='ocrx_word' id='word_1_176' title='bbox 1203 2333 1290 2418; x_wconf 85' lang='lat' dir='ltr'><strong>quod</strong></span> <span class='ocrx_word' id='word_1_177' title='bbox 1311 2337 1414 2420; x_wconf 87' lang='lat' dir='ltr'><strong>jusju-</strong></span> 
     </span>
     <span class='ocr_line' id='line_1_19' title="bbox 118 2439 1412 2528; baseline 0.006 -25"><span class='ocrx_word' id='word_1_178' title='bbox 118 2439 246 2507; x_wconf 78' lang='lat' dir='ltr'>randum</span> <span class='ocrx_word' id='word_1_179' title='bbox 272 2439 480 2524; x_wconf 65' lang='lat' dir='ltr'><strong>sponsalibus</strong></span> <span class='ocrx_word' id='word_1_180' title='bbox 505 2441 666 2526; x_wconf 86' lang='lat' dir='ltr'><strong>adjeetunr</strong></span> <span class='ocrx_word' id='word_1_181' title='bbox 691 2461 864 2525; x_wconf 83' lang='lat' dir='ltr'><strong>nunquam</strong></span> <span class='ocrx_word' id='word_1_182' title='bbox 886 2444 1068 2526; x_wconf 73' lang='lat' dir='ltr'><strong>violaretun</strong></span> <span class='ocrx_word' id='word_1_183' title='bbox 1095 2460 1297 2528; x_wconf 82' lang='lat' dir='ltr'><strong>quamquam</strong></span> <span class='ocrx_word' id='word_1_184' title='bbox 1323 2447 1412 2516; x_wconf 85' lang='lat' dir='ltr'><strong>euim</strong></span> 
     </span>
     <span class='ocr_line' id='line_1_20' title="bbox 119 2549 1414 2636; baseline 0.002 -24"><span class='ocrx_word' id='word_1_185' title='bbox 119 2567 166 2630; x_wconf 89' lang='lat' dir='ltr'><strong>pro</strong></span> <span class='ocrx_word' id='word_1_186' title='bbox 178 2563 265 2615; x_wconf 75' lang='lat' dir='ltr'><strong>certo</strong></span> <span class='ocrx_word' id='word_1_187' title='bbox 283 2551 423 2630; x_wconf 80' lang='lat' dir='ltr'><strong>luberet,</strong></span> <span class='ocrx_word' id='word_1_188' title='bbox 448 2549 646 2633; x_wconf 85' lang='lat' dir='ltr'><strong>generaliter,</strong></span> <span class='ocrx_word' id='word_1_189' title='bbox 671 2563 766 2634; x_wconf 88' lang='lat' dir='ltr'><strong>pacta</strong></span> <span class='ocrx_word' id='word_1_190' title='bbox 780 2553 898 2632; x_wconf 89' lang='lat' dir='ltr'><strong>omnia,</strong></span> <span class='ocrx_word' id='word_1_191' title='bbox 923 2552 1084 2634; x_wconf 85' lang='lat' dir='ltr'><strong>exemplo,</strong></span> <span class='ocrx_word' id='word_1_192' title='bbox 1101 2563 1136 2616; x_wconf 91' lang='lat' dir='ltr'><strong>ut</strong></span> <span class='ocrx_word' id='word_1_193' title='bbox 1148 2551 1218 2636; x_wconf 89' lang='lat' dir='ltr'><strong>ipse</strong></span> <span class='ocrx_word' id='word_1_194' title='bbox 1231 2551 1347 2630; x_wconf 79' lang='lat' dir='ltr'><strong>scribit,</strong></span> <span class='ocrx_word' id='word_1_195' title='bbox 1364 2571 1414 2614; x_wconf 75' lang='lat' dir='ltr'><strong>so</strong></span> 
     </span>
     <span class='ocr_line' id='line_1_21' title="bbox 118 2659 1412 2743; baseline 0.006 -23"><span class='ocrx_word' id='word_1_196' title='bbox 118 2659 243 2742; x_wconf 85' lang='lat' dir='ltr'><strong>cistssis,</strong></span> <span class='ocrx_word' id='word_1_197' title='bbox 266 2671 387 2724; x_wconf 88' lang='lat' dir='ltr'><strong>mutuo</strong></span> <span class='ocrx_word' id='word_1_198' title='bbox 409 2661 669 2724; x_wconf 82' lang='lat' dir='ltr'><strong>contrahentium</strong></span> <span class='ocrx_word' id='word_1_199' title='bbox 691 2659 842 2724; x_wconf 81' lang='lat' dir='ltr'><strong>dissensu</strong></span> <span class='ocrx_word' id='word_1_200' title='bbox 867 2659 1011 2743; x_wconf 80' lang='lat' dir='ltr'><strong>dissolvi3</strong></span> <span class='ocrx_word' id='word_1_201' title='bbox 1037 2660 1191 2742; x_wconf 89' lang='lat' dir='ltr'><strong>scrupulo</strong></span> <span class='ocrx_word' id='word_1_202' title='bbox 1214 2672 1324 2725; x_wconf 85' lang='lat' dir='ltr'><strong>tamen</strong></span> <span class='ocrx_word' id='word_1_203' title='bbox 1346 2679 1412 2728; x_wconf 85' lang='lat' dir='ltr'>non</span> 
     </span>
    </p>

    <p class='ocr_par' dir='ltr' id='par_1_5' title="bbox 35 2768 1416 4273">
     <span class='ocr_line' id='line_1_22' title="bbox 35 2768 1416 2854; baseline -0.001 -20"><span class='ocrx_word' id='word_1_204' title='bbox 35 2777 37 2794; x_wconf 92' lang='lat'>&#39;</span> <span class='ocrx_word' id='word_1_205' title='bbox 118 2771 243 2852; x_wconf 64' lang='lat' dir='ltr'><strong>ardu,</strong></span> <span class='ocrx_word' id='word_1_206' title='bbox 261 2769 391 2852; x_wconf 84' lang='lat' dir='ltr'><strong>quoties</strong></span> <span class='ocrx_word' id='word_1_207' title='bbox 399 2769 631 2854; x_wconf 85' lang='lat' dir='ltr'><strong>jusjurandum</strong></span> <span class='ocrx_word' id='word_1_208' title='bbox 646 2768 870 2852; x_wconf 84' lang='lat' dir='ltr'><strong>interpositum</strong></span> <span class='ocrx_word' id='word_1_209' title='bbox 885 2769 1008 2851; x_wconf 78' lang='lat' dir='ltr'><strong>pridem</strong></span> <span class='ocrx_word' id='word_1_210' title='bbox 1018 2768 1243 2852; x_wconf 81' lang='lat' dir='ltr'><strong>fuisset,qnnsi</strong></span> <span class='ocrx_word' id='word_1_211' title='bbox 1253 2769 1416 2852; x_wconf 76' lang='lat' dir='ltr'><strong>jusjursn·</strong></span> 
     </span>
     <span class='ocr_line' id='line_1_23' title="bbox 118 2877 1415 2966; baseline 0.001 -25"><span class='ocrx_word' id='word_1_212' title='bbox 118 2877 186 2945; x_wconf 86' lang='lat' dir='ltr'><strong>duur</strong></span> <span class='ocrx_word' id='word_1_213' title='bbox 201 2882 332 2966; x_wconf 87' lang='lat' dir='ltr'><strong>irnpleri</strong></span> <span class='ocrx_word' id='word_1_214' title='bbox 348 2901 413 2947; x_wconf 90' lang='lat' dir='ltr'><strong>uon</strong></span> <span class='ocrx_word' id='word_1_215' title='bbox 428 2893 495 2944; x_wconf 86' lang='lat' dir='ltr'><strong>tarn</strong></span> <span class='ocrx_word' id='word_1_216' title='bbox 508 2881 717 2964; x_wconf 83' lang='lat' dir='ltr'><strong>privatorum,</strong></span> <span class='ocrx_word' id='word_1_217' title='bbox 730 2899 830 2962; x_wconf 84' lang='lat' dir='ltr'><strong>quam</strong></span> <span class='ocrx_word' id='word_1_218' title='bbox 845 2879 972 2962; x_wconf 86' lang='lat' dir='ltr'><strong>publice</strong></span> <span class='ocrx_word' id='word_1_219' title='bbox 988 2880 1163 2958; x_wconf 71' lang='lat' dir='ltr'><strong>interesset,</strong></span> <span class='ocrx_word' id='word_1_220' title='bbox 1177 2884 1199 2944; x_wconf 68' lang='lat' dir='ltr'><strong>a</strong></span> <span class='ocrx_word' id='word_1_221' title='bbox 1212 2897 1277 2964; x_wconf 89' lang='lat' dir='ltr'><strong>quo</strong></span> <span class='ocrx_word' id='word_1_222' title='bbox 1292 2889 1415 2963; x_wconf 84' lang='lat' dir='ltr'><strong>prople-</strong></span> 
     </span>
     <span class='ocr_line' id='line_1_24' title="bbox 117 2981 1413 3071; baseline 0 -21"><span class='ocrx_word' id='word_1_223' title='bbox 117 3007 160 3051; x_wconf 74' lang='grc' dir='ltr'><strong>ιιι</strong></span> <span class='ocrx_word' id='word_1_224' title='bbox 174 3010 236 3054; x_wconf 88' lang='lat' dir='ltr'>non</span> <span class='ocrx_word' id='word_1_225' title='bbox 255 2981 407 3053; x_wconf 86' lang='lat' dir='ltr'><strong>sufficere</strong></span> <span class='ocrx_word' id='word_1_226' title='bbox 422 2989 584 3052; x_wconf 84' lang='lat' dir='ltr'><strong>viderenrr</strong></span> <span class='ocrx_word' id='word_1_227' title='bbox 596 2985 639 3051; x_wconf 89' lang='lat' dir='ltr'><strong>ad</strong></span> <span class='ocrx_word' id='word_1_228' title='bbox 657 2987 858 3052; x_wconf 80' lang='lat' dir='ltr'><strong>liberandum</strong></span> <span class='ocrx_word' id='word_1_229' title='bbox 873 2987 978 3070; x_wconf 77' lang='lat' dir='ltr'><strong>pastio</strong></span> <span class='ocrx_word' id='word_1_230' title='bbox 992 2987 1198 3071; x_wconf 76' lang='lat' dir='ltr'><strong>privatorum.</strong></span> <span class='ocrx_word' id='word_1_231' title='bbox 1242 2985 1329 3050; x_wconf 88' lang='lat' dir='ltr'><strong>Hinc</strong></span> <span class='ocrx_word' id='word_1_232' title='bbox 1344 2984 1413 3068; x_wconf 83' lang='lat' dir='ltr'><strong>ipss</strong></span> 
     </span>
     <span class='ocr_line' id='line_1_25' title="bbox 116 3093 1409 3181; baseline 0.002 -25"><span class='ocrx_word' id='word_1_233' title='bbox 116 3093 166 3157; x_wconf 86' lang='lat' dir='ltr'><strong>sibi</strong></span> <span class='ocrx_word' id='word_1_234' title='bbox 190 3095 340 3180; x_wconf 82' lang='lat' dir='ltr'><strong>regulam</strong></span> <span class='ocrx_word' id='word_1_235' title='bbox 364 3097 544 3180; x_wconf 85' lang='lat' dir='ltr'><strong>quamdam</strong></span> <span class='ocrx_word' id='word_1_236' title='bbox 569 3096 777 3160; x_wconf 86' lang='lat' dir='ltr'><strong>constitueret</strong></span> <span class='ocrx_word' id='word_1_237' title='bbox 796 3097 893 3181; x_wconf 79' lang='lat' dir='ltr'><strong>juxta</strong></span> <span class='ocrx_word' id='word_1_238' title='bbox 917 3113 1085 3162; x_wconf 82' lang='lat' dir='ltr'><strong>summum</strong></span> <span class='ocrx_word' id='word_1_239' title='bbox 1105 3094 1188 3180; x_wconf 80' lang='lat' dir='ltr'><strong>juris</strong></span> <span class='ocrx_word' id='word_1_240' title='bbox 1202 3095 1327 3179; x_wconf 73' lang='lat' dir='ltr'><strong>apicem</strong></span> <span class='ocrx_word' id='word_1_241' title='bbox 1341 3093 1409 3160; x_wconf 81' lang='lat' dir='ltr'><strong>fere</strong></span> 
     </span>
     <span class='ocr_line' id='line_1_26' title="bbox 116 3203 1409 3289; baseline 0.01 -27"><span class='ocrx_word' id='word_1_242' title='bbox 116 3203 363 3282; x_wconf 70' lang='lat' dir='ltr'><strong>custodiendam,</strong></span> <span class='ocrx_word' id='word_1_243' title='bbox 391 3215 426 3268; x_wconf 87' lang='lat' dir='ltr'><strong>ut</strong></span> <span class='ocrx_word' id='word_1_244' title='bbox 440 3223 565 3288; x_wconf 85' lang='lat' dir='ltr'><strong>semper</strong></span> <span class='ocrx_word' id='word_1_245' title='bbox 584 3203 815 3289; x_wconf 77' lang='lat' dir='ltr'><strong>jrrsjurandnrn</strong></span> <span class='ocrx_word' id='word_1_246' title='bbox 841 3216 1028 3284; x_wconf 81' lang='lat' dir='ltr'><strong>servaretur,</strong></span> <span class='ocrx_word' id='word_1_247' title='bbox 1053 3203 1116 3268; x_wconf 81' lang='lat' dir='ltr'><strong>nisi</strong></span> <span class='ocrx_word' id='word_1_248' title='bbox 1140 3203 1177 3268; x_wconf 90' lang='lat' dir='ltr'><strong>in</strong></span> <span class='ocrx_word' id='word_1_249' title='bbox 1200 3203 1409 3286; x_wconf 74' lang='lat' dir='ltr'><strong>dispendium</strong></span> 
     </span>
     <span class='ocr_line' id='line_1_27' title="bbox 116 3311 1412 3400; baseline 0.005 -24"><span class='ocrx_word' id='word_1_250' title='bbox 116 3313 216 3378; x_wconf 83' lang='lat' dir='ltr'><strong>salutis</strong></span> <span class='ocrx_word' id='word_1_251' title='bbox 238 3325 393 3380; x_wconf 61' lang='lat' dir='ltr'><strong>acernae</strong></span> <span class='ocrx_word' id='word_1_252' title='bbox 407 3315 602 3400; x_wconf 82' lang='lat' dir='ltr'><strong>quandoque</strong></span> <span class='ocrx_word' id='word_1_253' title='bbox 625 3323 775 3398; x_wconf 77' lang='lat' dir='ltr'><strong>vergeret,</strong></span> <span class='ocrx_word' id='word_1_254' title='bbox 800 3331 871 3397; x_wconf 85' lang='lat' dir='ltr'><strong>cap.</strong></span> <span class='ocrx_word' id='word_1_255' title='bbox 899 3313 928 3378; x_wconf 87' lang='lat'><strong>8.</strong></span> <span class='ocrx_word' id='word_1_256' title='bbox 944 3313 984 3378; x_wconf 89' lang='lat' dir='ltr'><strong>de</strong></span> <span class='ocrx_word' id='word_1_257' title='bbox 995 3311 1212 3398; x_wconf 73' lang='lat' dir='ltr'><strong>jurejurando,</strong></span> <span class='ocrx_word' id='word_1_258' title='bbox 1238 3333 1276 3378; x_wconf 80' lang='lat' dir='ltr'><strong>nc</strong></span> <span class='ocrx_word' id='word_1_259' title='bbox 1291 3313 1317 3378; x_wconf 84' lang='lat' dir='ltr'><strong>si</strong></span> <span class='ocrx_word' id='word_1_260' title='bbox 1334 3325 1412 3382; x_wconf 79' lang='lat' dir='ltr'><strong>lunc</strong></span> 
     </span>
     <span class='ocr_line' id='line_1_28' title="bbox 116 3405 1409 3510; baseline 0.002 -24"><span class='ocrx_word' id='word_1_261' title='bbox 116 3428 384 3510; x_wconf 83' lang='lat' dir='ltr'><strong>nonpriratorrrrn</strong></span> <span class='ocrx_word' id='word_1_262' title='bbox 407 3427 587 3504; x_wconf 84' lang='lat' dir='ltr'><strong>conventio,</strong></span> <span class='ocrx_word' id='word_1_263' title='bbox 614 3405 799 3506; x_wconf 68' lang='lat' dir='ltr'><strong>eed&#39;religio</strong></span> <span class='ocrx_word' id='word_1_264' title='bbox 813 3423 885 3506; x_wconf 90' lang='lat' dir='ltr'><strong>ipsa</strong></span> <span class='ocrx_word' id='word_1_265' title='bbox 905 3421 1135 3508; x_wconf 75' lang='lat' dir='ltr'><strong>jusjurandum</strong></span> <span class='ocrx_word' id='word_1_266' title='bbox 1161 3422 1284 3488; x_wconf 87' lang='lat' dir='ltr'><strong>irritum</strong></span> <span class='ocrx_word' id='word_1_267' title='bbox 1299 3423 1409 3488; x_wconf 81' lang='lat' dir='ltr'><strong>redde-</strong></span> 
     </span>
     <span class='ocr_line' id='line_1_29' title="bbox 116 3529 1407 3618; baseline -0.002 -19"><span class='ocrx_word' id='word_1_268' title='bbox 116 3545 159 3598; x_wconf 79' lang='lat' dir='ltr'><strong>ret</strong></span> <span class='ocrx_word' id='word_1_269' title='bbox 199 3537 391 3602; x_wconf 79' lang='lat' dir='ltr'><strong>Accesserat</strong></span> <span class='ocrx_word' id='word_1_270' title='bbox 403 3553 443 3596; x_wconf 85' lang='lat' dir='ltr'><strong>ea</strong></span> <span class='ocrx_word' id='word_1_271' title='bbox 458 3545 562 3596; x_wconf 80' lang='lat' dir='ltr'><strong>astate</strong></span> <span class='ocrx_word' id='word_1_272' title='bbox 578 3529 726 3616; x_wconf 75' lang='lat' dir='ltr'><strong>frequens</strong></span> <span class='ocrx_word' id='word_1_273' title='bbox 737 3533 920 3618; x_wconf 84' lang='lat' dir='ltr'><strong>jusjurandi</strong></span> <span class='ocrx_word' id='word_1_274' title='bbox 933 3541 1148 3615; x_wconf 80' lang='lat' dir='ltr'><strong>contemptus,</strong></span> <span class='ocrx_word' id='word_1_275' title='bbox 1167 3549 1264 3615; x_wconf 84' lang='lat' dir='ltr'><strong>quem</strong></span> <span class='ocrx_word' id='word_1_276' title='bbox 1274 3533 1407 3617; x_wconf 73' lang='lat' dir='ltr'><strong>iurandi</strong></span> 
     </span>
     <span class='ocr_line' id='line_1_30' title="bbox 116 3639 1406 3728; baseline 0.002 -24"><span class='ocrx_word' id='word_1_277' title='bbox 116 3639 291 3727; x_wconf 79' lang='lat' dir='ltr'><strong>frequentia,</strong></span> <span class='ocrx_word' id='word_1_278' title='bbox 307 3653 339 3708; x_wconf 83' lang='lat' dir='ltr'><strong>et</strong></span> <span class='ocrx_word' id='word_1_279' title='bbox 353 3642 531 3728; x_wconf 86' lang='lat' dir='ltr'><strong>corruptela</strong></span> <span class='ocrx_word' id='word_1_280' title='bbox 546 3661 673 3706; x_wconf 87' lang='lat' dir='ltr'><strong>urorum</strong></span> <span class='ocrx_word' id='word_1_281' title='bbox 688 3641 870 3724; x_wconf 59' lang='lat' dir='ltr'><strong>induxeras</strong></span> <span class='ocrx_word' id='word_1_282' title='bbox 887 3640 974 3705; x_wconf 90' lang='lat' dir='ltr'><strong>unde</strong></span> <span class='ocrx_word' id='word_1_283' title='bbox 988 3645 1009 3704; x_wconf 81' lang='lat' dir='ltr'><strong>e</strong></span> <span class='ocrx_word' id='word_1_284' title='bbox 1023 3659 1056 3704; x_wconf 84' lang='lat' dir='ltr'><strong>re</strong></span> <span class='ocrx_word' id='word_1_285' title='bbox 1080 3657 1151 3704; x_wconf 80' lang='lat' dir='ltr'><strong>esse</strong></span> <span class='ocrx_word' id='word_1_286' title='bbox 1164 3652 1333 3705; x_wconf 70' lang='lat' dir='ltr'><strong>sensuam</strong></span> <span class='ocrx_word' id='word_1_287' title='bbox 1334 3643 1406 3726; x_wconf 86' lang='lat' dir='ltr'><strong>,ju-</strong></span> 
     </span>
     <span class='ocr_line' id='line_1_31' title="bbox 117 3749 1402 3836; baseline 0.002 -24"><span class='ocrx_word' id='word_1_288' title='bbox 117 3749 273 3836; x_wconf 77' lang='lat' dir='ltr'><strong>rnJorsndi</strong></span> <span class='ocrx_word' id='word_1_289' title='bbox 290 3751 446 3836; x_wconf 84' lang='lat' dir='ltr'><strong>implendi</strong></span> <span class='ocrx_word' id='word_1_290' title='bbox 461 3749 564 3836; x_wconf 86' lang='lat' dir='ltr'><strong>gratia</strong></span> <span class='ocrx_word' id='word_1_291' title='bbox 576 3768 746 3816; x_wconf 85' lang='lat' dir='ltr'><strong>summurn</strong></span> <span class='ocrx_word' id='word_1_292' title='bbox 765 3751 900 3834; x_wconf 79' lang='lat' dir='ltr'><strong>rigorern</strong></span> <span class='ocrx_word' id='word_1_293' title='bbox 914 3749 1045 3829; x_wconf 82' lang='lat' dir='ltr'><strong>serrari,</strong></span> <span class='ocrx_word' id='word_1_294' title='bbox 1070 3750 1169 3814; x_wconf 73' lang='lat' dir='ltr'><strong>etiem</strong></span> <span class='ocrx_word' id='word_1_295' title='bbox 1182 3750 1216 3814; x_wconf 89' lang='lat' dir='ltr'><strong>iu</strong></span> <span class='ocrx_word' id='word_1_296' title='bbox 1231 3750 1270 3814; x_wconf 86' lang='lat' dir='ltr'><strong>iis</strong></span> <span class='ocrx_word' id='word_1_297' title='bbox 1283 3753 1402 3830; x_wconf 71' lang='grc' dir='ltr'>ιιιιιιιι,</span> 
     </span>
     <span class='ocr_line' id='line_1_32' title="bbox 115 3859 1398 3946; baseline 0 -20"><span class='ocrx_word' id='word_1_298' title='bbox 115 3879 238 3943; x_wconf 86' lang='lat' dir='ltr'><strong>quarum</strong></span> <span class='ocrx_word' id='word_1_299' title='bbox 254 3863 413 3929; x_wconf 78' lang='lat' dir='ltr'><strong>effectus</strong></span> <span class='ocrx_word' id='word_1_300' title='bbox 405 3883 437 3928; x_wconf 92' lang='grc' dir='ltr'><strong>ιιι</strong></span> <span class='ocrx_word' id='word_1_301' title='bbox 454 3865 576 3928; x_wconf 86' lang='lat' dir='ltr'><strong>irritum</strong></span> <span class='ocrx_word' id='word_1_302' title='bbox 591 3864 730 3945; x_wconf 87' lang='lat' dir='ltr'><strong>denique</strong></span> <span class='ocrx_word' id='word_1_303' title='bbox 745 3879 880 3926; x_wconf 84' lang='lat' dir='ltr'><strong>casuros</strong></span> <span class='ocrx_word' id='word_1_304' title='bbox 891 3871 982 3939; x_wconf 86' lang='lat' dir='ltr'><strong>esset,</strong></span> <span class='ocrx_word' id='word_1_305' title='bbox 996 3879 1067 3944; x_wconf 88' lang='lat' dir='ltr'><strong>cap.</strong></span> <span class='ocrx_word' id='word_1_306' title='bbox 1078 3859 1110 3925; x_wconf 68' lang='lat' dir='ltr'><strong>b</strong></span> <span class='ocrx_word' id='word_1_307' title='bbox 1122 3860 1188 3926; x_wconf 85' lang='lat' dir='ltr'><strong>dc&#39;</strong></span> <span class='ocrx_word' id='word_1_308' title='bbox 1175 3865 1312 3946; x_wconf 73' lang='lat' dir='ltr'><strong>Jursp&#39;ur,</strong></span> <span class='ocrx_word' id='word_1_309' title='bbox 1328 3883 1398 3946; x_wconf 88' lang='lat' dir='ltr'><strong>cap.</strong></span> 
     </span>
     <span class='ocr_line' id='line_1_33' title="bbox 116 3967 1400 4059; baseline 0.002 -25"><span class='ocrx_word' id='word_1_310' title='bbox 116 3967 155 4034; x_wconf 86' lang='lat' dir='ltr'><strong>tt.</strong></span> <span class='ocrx_word' id='word_1_311' title='bbox 170 3973 436 4059; x_wconf 82' lang='lat' dir='ltr'><strong>desponsalibus,</strong></span> <span class='ocrx_word' id='word_1_312' title='bbox 459 3971 502 4036; x_wconf 82' lang='lat' dir='ltr'><strong>ad</strong></span> <span class='ocrx_word' id='word_1_313' title='bbox 516 3975 608 4057; x_wconf 86' lang='lat' dir='ltr'><strong>cnjus</strong></span> <span class='ocrx_word' id='word_1_314' title='bbox 624 3971 914 4054; x_wconf 80' lang='lat' dir='ltr'><strong>interpretationem</strong></span> <span class='ocrx_word' id='word_1_315' title='bbox 929 3971 1034 4034; x_wconf 82' lang='lat' dir='ltr'><strong>mtrlta</strong></span> <span class='ocrx_word' id='word_1_316' title='bbox 1048 3971 1126 4036; x_wconf 84' lang='lat' dir='ltr'><strong>hine</strong></span> <span class='ocrx_word' id='word_1_317' title='bbox 1149 3989 1216 4036; x_wconf 81' lang='lat' dir='ltr'>non</span> <span class='ocrx_word' id='word_1_318' title='bbox 1228 3971 1359 4036; x_wconf 84' lang='lat' dir='ltr'><strong>alisnn&#39;</strong></span> <span class='ocrx_word' id='word_1_319' title='bbox 1353 3991 1400 4036; x_wconf 88' lang='lat' dir='ltr'><strong>ur·</strong></span> 
     </span>
     <span class='ocr_line' id='line_1_34' title="bbox 115 4077 1398 4165; baseline 0.002 -23"><span class='ocrx_word' id='word_1_320' title='bbox 115 4077 197 4146; x_wconf 78' lang='lat' dir='ltr'><strong>serius</strong></span> <span class='ocrx_word' id='word_1_321' title='bbox 211 4083 384 4148; x_wconf 83' lang='lat' dir='ltr'><strong>adnotabo.</strong></span> <span class='ocrx_word' id='word_1_322' title='bbox 425 4081 541 4163; x_wconf 84' lang='lat' dir='ltr'><strong>Itaque</strong></span> <span class='ocrx_word' id='word_1_323' title='bbox 554 4099 658 4164; x_wconf 87' lang='lat' dir='ltr'><strong>quurn</strong></span> <span class='ocrx_word' id='word_1_324' title='bbox 673 4081 707 4144; x_wconf 94' lang='lat' dir='ltr'><strong>in</strong></span> <span class='ocrx_word' id='word_1_325' title='bbox 722 4080 808 4144; x_wconf 89' lang='lat' dir='ltr'><strong>dicto</strong></span> <span class='ocrx_word' id='word_1_326' title='bbox 822 4099 891 4164; x_wconf 89' lang='lat' dir='ltr'><strong>cap.</strong></span> <span class='ocrx_word' id='word_1_327' title='bbox 914 4081 945 4146; x_wconf 81' lang='lat'><strong>2.</strong></span> <span class='ocrx_word' id='word_1_328' title='bbox 960 4082 1087 4165; x_wconf 85' lang='lat' dir='ltr'><strong>scripsit</strong></span> <span class='ocrx_word' id='word_1_329' title='bbox 1102 4081 1294 4160; x_wconf 77' lang='lat' dir='ltr'><strong>Alexander,</strong></span> <span class='ocrx_word' id='word_1_330' title='bbox 1310 4101 1345 4142; x_wconf 82' lang='lat' dir='ltr'><strong>se</strong></span> <span class='ocrx_word' id='word_1_331' title='bbox 1359 4083 1398 4144; x_wconf 80' lang='lat' dir='ltr'><strong>ire</strong></span> 
     </span>
     <span class='ocr_line' id='line_1_35' title="bbox 113 4189 1397 4273; baseline -0.003 -19"><span class='ocrx_word' id='word_1_332' title='bbox 113 4193 426 4271; x_wconf 66' lang='lat' dir='ltr'><strong>permeatorem,</strong></span> <span class='ocrx_word' id='word_1_333' title='bbox 442 4191 557 4271; x_wconf 91' lang='lat' dir='ltr'><strong>innuit,</strong></span> <span class='ocrx_word' id='word_1_334' title='bbox 581 4209 644 4254; x_wconf 93' lang='lat' dir='ltr'>non</span> <span class='ocrx_word' id='word_1_335' title='bbox 660 4189 793 4272; x_wconf 84' lang='lat' dir='ltr'><strong>qrridern</strong></span> <span class='ocrx_word' id='word_1_336' title='bbox 809 4209 843 4252; x_wconf 92' lang='lat' dir='ltr'><strong>se</strong></span> <span class='ocrx_word' id='word_1_337' title='bbox 858 4189 981 4272; x_wconf 84' lang='lat' dir='ltr'><strong>aliquid</strong></span> <span class='ocrx_word' id='word_1_338' title='bbox 996 4189 1162 4273; x_wconf 83' lang='lat' dir='ltr'><strong>indulgere</strong></span> <span class='ocrx_word' id='word_1_339' title='bbox 1171 4201 1287 4254; x_wconf 83' lang='lat' dir='ltr'><strong>contra</strong></span> <span class='ocrx_word' id='word_1_340' title='bbox 1302 4207 1397 4272; x_wconf 78' lang='lat' dir='ltr'><strong>gene·</strong></span> 
     </span>
    </p>

    <p class='ocr_par' dir='ltr' id='par_1_6' title="bbox 35 4294 1397 4390">
     <span class='ocr_line' id='line_1_36' title="bbox 35 4294 1397 4390; baseline 0.004 -34"><span class='ocrx_word' id='word_1_341' title='bbox 35 4311 36 4390; x_wconf 71' lang='lat' dir='ltr'>J</span> <span class='ocrx_word' id='word_1_342' title='bbox 115 4294 205 4358; x_wconf 82' lang='lat' dir='ltr'><strong>ralet&#39;</strong></span> <span class='ocrx_word' id='word_1_343' title='bbox 192 4299 274 4382; x_wconf 84' lang='lat' dir='ltr'><strong>Juris</strong></span> <span class='ocrx_word' id='word_1_344' title='bbox 289 4297 428 4382; x_wconf 82' lang='lat' dir='ltr'><strong>regulas,</strong></span> <span class='ocrx_word' id='word_1_345' title='bbox 444 4298 501 4362; x_wconf 84' lang='lat' dir='ltr'><strong>sed</strong></span> <span class='ocrx_word' id='word_1_346' title='bbox 516 4301 622 4384; x_wconf 87' lang='lat' dir='ltr'><strong>potins</strong></span> <span class='ocrx_word' id='word_1_347' title='bbox 636 4315 678 4364; x_wconf 82' lang='lat' dir='ltr'><strong>ex</strong></span> <span class='ocrx_word' id='word_1_348' title='bbox 694 4299 899 4383; x_wconf 81' lang='lat' dir='ltr'><strong>indulgentia·</strong></span> <span class='ocrx_word' id='word_1_349' title='bbox 909 4297 1056 4364; x_wconf 71' lang='lat' dir='ltr'><strong>mosdere</strong></span> <span class='ocrx_word' id='word_1_350' title='bbox 1070 4305 1092 4364; x_wconf 79' lang='lat' dir='ltr'>a</span> <span class='ocrx_word' id='word_1_351' title='bbox 1106 4298 1327 4370; x_wconf 79' lang='lat' dir='ltr'><strong>strictissimo</strong></span> <span class='ocrx_word' id='word_1_352' title='bbox 1313 4300 1397 4382; x_wconf 79' lang='lat' dir='ltr'><strong>Jun&#39;s</strong></span> 
     </span>
    </p>

    <p class='ocr_par' dir='ltr' id='par_1_7' title="bbox 35 4397 1400 4493">
     <span class='ocr_line' id='line_1_37' title="bbox 35 4397 1400 4493; baseline 0.001 -23"><span class='ocrx_word' id='word_1_353' title='bbox 35 4397 37 4470; x_wconf 71' lang='grc' dir='ltr'><strong><em>ἶ</em></strong></span> <span class='ocrx_word' id='word_1_354' title='bbox 115 4403 208 4488; x_wconf 80' lang='lat' dir='ltr'><strong>rigore,</strong></span> <span class='ocrx_word' id='word_1_355' title='bbox 233 4427 332 4491; x_wconf 88' lang='lat' dir='ltr'><strong>quem</strong></span> <span class='ocrx_word' id='word_1_356' title='bbox 356 4405 415 4474; x_wconf 85' lang='lat' dir='ltr'><strong>sibi</strong></span> <span class='ocrx_word' id='word_1_357' title='bbox 431 4408 679 4474; x_wconf 84' lang='lat' dir='ltr'><strong>custodiendum</strong></span> <span class='ocrx_word' id='word_1_358' title='bbox 703 4407 746 4472; x_wconf 88' lang='lat' dir='ltr'><strong>ad</strong></span> <span class='ocrx_word' id='word_1_359' title='bbox 761 4407 951 4472; x_wconf 71' lang='lat' dir='ltr'><strong>evertendas</strong></span> <span class='ocrx_word' id='word_1_360' title='bbox 970 4409 1041 4493; x_wconf 85' lang='lat' dir='ltr'><strong>ejus</strong></span> <span class='ocrx_word' id='word_1_361' title='bbox 1055 4403 1179 4472; x_wconf 81' lang='lat' dir='ltr'><strong>saeculi</strong></span> <span class='ocrx_word' id='word_1_362' title='bbox 1198 4407 1400 4490; x_wconf 81' lang='lat' dir='ltr'><strong>eorrrrptelas</strong></span> 
     </span>
    </p>

    <p class='ocr_par' dir='ltr' id='par_1_8' title="bbox 35 4485 1074 4603">
     <span class='ocr_line' id='line_1_38' title="bbox 35 4485 1074 4603; baseline 0 -23"><span class='ocrx_word' id='word_1_363' title='bbox 35 4485 37 4590; x_wconf 67' lang='lat' dir='ltr'><strong>i</strong></span> <span class='ocrx_word' id='word_1_364' title='bbox 113 4509 352 4603; x_wconf 77' lang='lat' dir='ltr'><strong>injuisjurandi</strong></span> <span class='ocrx_word' id='word_1_365' title='bbox 367 4515 525 4603; x_wconf 74' lang='lat' dir='ltr'><strong>mrplsadr</strong></span> <span class='ocrx_word' id='word_1_366' title='bbox 536 4515 707 4602; x_wconf 74' lang='lat' dir='ltr'><strong>spsoebus</strong></span> <span class='ocrx_word' id='word_1_367' title='bbox 718 4515 937 4580; x_wconf 63' lang='lat' dir='ltr'><strong>castineria</strong></span> <span class='ocrx_word' id='word_1_368' title='bbox 1058 4537 1074 4565; x_wconf 57' lang='grc' dir='ltr'><strong>ιι</strong></span> 
     </span>
    </p>
   </div>
   <div class='ocr_carea' id='block_1_3' title="bbox 0 0 1642 4984">
    <p class='ocr_par' dir='ltr' id='par_1_9' title="bbox 0 0 1642 4984">
     <span class='ocr_line' id='line_1_39' title="bbox 0 0 1642 4984; baseline 0 3"><span class='ocrx_word' id='word_1_369' title='bbox 0 0 1642 4984; x_wconf 95' lang='lat' dir='ltr'><strong> </strong></span> 
     </span>
    </p>
   </div>
  </div>
 </body>
</html>
