3168 4982
310 371 404 418 nuos
427 369 584 434 aruceus
607 365 840 412 vbuuursars
862 369 1047 412 eousuorrs
1070 368 1214 413 eastun.
1341 343 1407 409 219

111 489 221 554 naalia
235 509 300 554 non
321 489 464 554 habebat
478 489 697 572 improbanda,
723 498 833 571 utpote
848 487 888 552 de
909 489 999 572 justa
1012 465 1114 556 uxore
1139 487 1270 553 Naohor
1295 505 1405 569 proge-

23 597 25 688 ξ
110 597 177 678 nita,
191 617 255 662 non
270 598 310 662 de
320 597 549 682 superinducta
560 598 691 662 Naehor
705 595 897 674 concubina,
914 596 994 658 Gen.
1010 614 1080 676 cap.
1096 594 1145 656 24
1192 593 1298 656 Mores
1314 592 1406 656 Esau

108 707 197 772 fuisse
212 709 281 772 Deo
295 709 417 772 invisos
440 727 535 772 nemo
558 708 690 790 ignorat,
707 706 764 788 qui
786 705 838 768 vel
865 704 979 766 leviter
1001 723 1128 766 sacram
1154 701 1321 766 historiam
1336 700 1407 762 atti·

108 822 186 904 gerit,
214 819 490 902 quemadmodum
507 829 540 883 et
561 838 665 882 mores
692 835 832 880 uxorum
862 837 946 901 quae
978 816 1094 880 ambae
1109 814 1312 896 offenderant
1336 811 1408 874 oni·

105 956 187 1000 mam
202 934 307 1012 Isaac,
324 941 354 996 et
369 931 538 1009 Rebeccae,
555 930 601 994 uti
616 929 753 1012 legimus
768 929 801 992 in
816 947 886 1010 cap.
902 927 954 1012 253.
974 927 1055 990 Gen.
1071 925 1104 988 in
1120 924 1196 988 fine.
1240 923 1406 1006 Equidem

104 1043 201 1126 fateor,
218 1044 391 1108 recentiore
406 1053 511 1104 aetate
526 1039 669 1104 iudaeos
694 1037 801 1120 plures
817 1036 877 1098 sibi
892 1037 1045 1120 conjuges
1063 1034 1240 1096 adscivisse
1255 1030 1406 1114 exempla

103 1152 298 1232 potissimum
314 1160 517 1233 pretexentes
542 1147 700 1225 Abrahae,
717 1156 749 1208 et
768 1143 882 1210 Jaoobi
898 1144 1168 1220 patriarcharum,
1184 1159 1322 1224 quorum
1337 1159 1406 1222 ges-

103 1266 130 1318 ta
142 1274 234 1320 nemo
250 1257 408 1320 lacessere
432 1255 534 1334 dictis,
550 1255 650 1318 irnmo
664 1272 724 1316 neo
740 1252 959 1333 singularibus
988 1249 1235 1333 allegationibus
1250 1267 1406 1313 excusare

102 1363 239 1444 audehat,
256 1365 353 1446 quasi
369 1365 511 1428 virorum
525 1364 613 1428 omni
640 1363 829 1444 exceptione
845 1361 1016 1443 majorum.
1060 1361 1212 1424 Poterant
1228 1361 1284 1431 illa
1299 1379 1407 1424 exem-

99 1473 146 1557 pla
159 1473 252 1540 facile
266 1477 302 1540 in
317 1475 461 1540 medium
488 1476 530 1540 ab
544 1495 582 1537 eo
596 1474 736 1558 proferri,
753 1473 810 1556 qui
826 1473 955 1552 diceret,
985 1492 1020 1534 se
1035 1473 1068 1536 in
1083 1473 1231 1556 pluribus
1248 1471 1406 1537 docendis

23 1611 24 1660 3
100 1590 242 1652 uxoribus
256 1607 325 1652 non
341 1607 426 1652 novo
452 1587 596 1652 libidinis
611 1605 726 1670 genere
751 1584 862 1664 efferri,
878 1585 935 1648 sed
961 1585 1172 1665 antiquorum
1200 1595 1232 1648 et
1246 1586 1405 1668 majorum

23 1747 24 1784 7
97 1719 198 1781 moras,
228 1721 270 1764 ao
300 1699 567 1764 consuetudinem
603 1697 762 1780 prosequi.
813 1696 990 1758 Caeterum
1020 1706 1056 1758 ut
1091 1693 1233 1782 plurium
1262 1695 1404 1778 adparet,

23 1829 24 1834 ¹
96 1823 246 1892 eosquos
271 1791 406 1888 constat,
433 1807 542 1890 plures
563 1805 699 1870 duxisse
726 1823 852 1884 uxores,
868 1823 990 1886 parum
1016 1815 1167 1896 qooeptos
1186 1803 1287 1868 fuisse
1316 1802 1404 1886 apud

23 1891 24 1978 ?
95 1912 201 1995 Deunq
227 1925 360 1980 tantum
382 1933 449 1978 non
464 1915 505 1978 ob
526 1933 600 1978 oum
615 1932 750 1976 causam
772 1932 929 1995 expresse
946 1911 1126 1994 damnatos
1148 1931 1191 1974 ue
1210 1913 1236 1975 si
1258 1911 1336 1976 forte
1351 1929 1405 1976 ex·

23 2041 25 2098 ζ
94 2045 190 2110 presse
202 2027 357 2092 damnati
377 2025 524 2104 inissent,
551 2033 584 2088 et
601 2024 786 2108 ,specialiter
803 2025 844 2088 ob
867 2024 1072 2088 multidiuem
1100 2043 1248 2104 uxorum,
1270 2024 1405 2088 Judaeis

93 2133 206 2206 eisdem
220 2142 242 2202 s
265 2135 336 2201 nori
351 2134 413 2205 Dei
435 2133 535 2214 cultu,
550 2143 583 2197 et
603 2135 763 2217 majorum
791 2153 926 2200 suorum
949 2135 1022 2214 fide,
1038 2153 1076 2196 ao
1092 2132 1244 2215 religione
1259 2132 1405 2216 frequen·

23 2267 24 2270 ¹
92 2243 202 2310 tissime
232 2244 482 2312 deflentemibus
499 2245 635 2308 'daretur
658 2243 794 2322 oeoasio,
817 2242 1004 2306 detestandi
1034 2244 1170 2326 majores
1192 2259 1277 2322 suos,
1303 2243 1403 2306 Abra·

23 2341 24 2370 ³
91 2347 226 2432 mmum,
241 2361 280 2414 et
300 2329 467 2430 Jeeobooi,
483 2369 565 2433 quos
588 2361 749 2414 noverunt
771 2351 945 2434 multiplici
968 2352 1067 2414 etiam
1083 2351 1287 2416 matrimonio
1307 2371 1404 2414 vaea-

23 2523 24 2546 ,
90 2457 174 2542 visse3
204 2479 312 2543 quam
334 2453 476 2524 maxime
503 2471 614 2524 autem
628 2459 745 2522 inierat
769 2459 934 2543 religionis
965 2471 997 2523 et
1022 2459 1160 2543 pietatis,
1189 2459 1272 2524 nihil
1298 2449 1402 2526 minui

23 2609 24 2650 ,
87 2569 331 2640 existimationis
346 2579 490 2634 veterum
511 2568 640 2633 illorum
668 2568 942 2651 Patriamharnrn3
960 2567 1047 2632 unde
1063 2586 1148 2651 quae
1171 2569 1213 2632 ab
1228 2568 1318 2632 initio
1333 2587 1401 2651 pro-

23 2665 24 2670 *
89 2678 208 2742 ridente
237 2677 313 2742 Deo
341 2695 506 2740 sacrarum
535 2676 768 2740 altissimarum
793 2688 902 2744 rerum
930 2679 1085 2760 symbola
1110 2679 1278 2757 exiternnt,
1305 2697 1401 2759 quae·

87 2805 142 2869 que
165 2787 359 2852 Abrahamo
387 2797 419 2848 et
432 2785 554 2850 Jeoobo
568 2785 830 2867 deliberantibus,
857 2800 1049 2876 opportuna,
1076 2798 1108 2852 et
1122 2788 1190 2852 suis
1205 2787 1400 2870 temporibus

85 2919 216 2986 congrue
231 2903 307 2966 viso
329 2902 406 2967 olim
422 2901 561 2981 fuerunt,
585 2903 616 2964 in
643 2901 824 2984 quamdam
846 2903 950 2966 voluti
967 2903 1249 2987 dispensationem,
1273 2913 1398 2986 autpa-

23 3083 25 3102 ‚
86 3013 222 3081 lieatiam
253 3012 377 3080 inflecti
399 3011 516 3091 decuit,
532 3011 683 3093 exemplo
704 3011 804 3076 libelli
833 3013 958 3094 repudii
981 3013 1023 3077 ob
1043 3012 1201 3079 ¹duritiam
1223 3012 1326 3076 cordis
1341 3012 1397 3076 Ju-

84 3118 228 3184 daeornm
256 3119 332 3201 loge
353 3119 501 3184 Mosaios
527 3119 737 3200 permittendi,
761 3119 794 3184 in
822 3118 948 3184 futurae
969 3121 1202 3204 redemptionis
1230 3123 1397 3185 humanae

23 3245 24 3284 t
86 3215 217 3311 tempora
250 3229 372 3292 collata
408 3229 607 3292 restitutione
635 3215 669 3293 in
706 3229 868 3312 integrum
905 3221 1105 3296 naturalium
1144 3242 1394 3314 praeceptorum.

83 3334 158 3404 Hine
172 3339 258 3404 inter
279 3348 422 3402 caeteros
436 3335 571 3405 Goeleon
587 3337 694 3420 plures
710 3339 770 3402 sibi
793 3357 910 3402 uxores
921 3339 1069 3422 junxisse
1093 3337 1216 3420 legitor,
1239 3337 1394 3402 Judioum
1426 3355 1429 3361 '

82 3447 185 3525 capii.
203 3465 289 3510 vers.
305 3445 366 3524 30,
386 3457 421 3508 ot
435 3446 494 3526 31,
512 3465 713 3527 quamquam
729 3446 833 3512 disere
854 3467 1037 3531 possumus,
1054 3447 1239 3510 Gedeonem
1254 3467 1320 3512 non
1335 3467 1395 3512 un-

81 3549 244 3636 decunque
275 3555 348 3618 Deo
369 3565 499 3636 gratum
515 3555 669 3644 extitisse,
692 3557 767 3620 lieet
795 3557 873 3622 oiim
897 3558 998 3622 eleeto
1025 3559 1144 3642 populo
1163 3552 1349 3640 'praefectus
1372 3563 1392 3624 a

82 3662 141 3726 Deo
154 3665 280 3734 suisset.
325 3667 407 3730 Item
422 3667 558 3746 Hauon,
580 3677 613 3730 et
630 3667 734 3732 Oaleb
756 3670 864 3751 plores
879 3671 1033 3734 habuisse
1056 3671 1158 3752 liquet
1173 3691 1298 3750 uxores,
1322 3671 1389 3739 libr.
1404 3739 1408 3747 ,

82 3775 105 3836 l.
117 3776 256 3866 Paralip.
273 3797 343 3858 eap.
358 3777 388 3842 2.
404 3796 485 3842 vers.
501 3778 551 3841 21.
568 3778 612 3842 24
623 3779 675 3842 26.
692 3779 874 3858 46.,et‹18.,
892 3799 934 3842 an
952 3779 1022 3844 Deo
1036 3781 1162 3864 aooepti
1186 3781 1246 3862 ipsi
1261 3779 1387 3854 suerint,

81 3881 168 3950 boor
190 3908 245 3952 me
259 3889 416 3970 ignorare.
460 3887 577 3954 Itidem
593 3889 626 3954 iu
643 3887 711 3952 libr.
731 3889 757 3950 l.
775 3887 970 3969 Paralipom.
986 3909 1056 3971 cap.
1072 3890 1101 3952 4.
1118 3909 1198 3954 vers.
1216 3892 1244 3953 5.
1270 3905 1390 3952 memo

81 4007 155 4061 ratur
170 3999 276 4062 Assur
290 3997 419 4062 duobus
432 3997 573 4061 sociatus
596 3999 761 4077 uxoribus,
777 3999 871 4081 cujus
891 4013 996 4062 moros
1010 4019 1054 4063 an
1077 4001 1190 4082 integri
1212 3998 1388 4062 undecum-

78 4121 132 4185 que
145 4104 275 4185 tusani,
292 4122 402 4172 saetae
418 4105 528 4170 literae
543 4123 607 4168 non
623 4107 780 4188 aperiunt.
824 4107 973 4191 Idipsum
988 4109 1062 4172 dieo
1082 4111 1123 4172 de
1137 4110 1238 4186 Sorai,
1262 4107 1302 4170 de
1316 4127 1384 4188 quo

78 4213 187 4276 menno
201 4213 240 4278 fit
252 4213 285 4276 in
302 4212 369 4280 libr.
389 4215 415 4278 1.
429 4214 567 4298 Paralip.
580 4211 656 4298 cap.
670 4217 698 4282 8.
710 4235 792 4280 vers.
811 4218 851 4296 8.,
866 4229 898 4281 et
908 4219 936 4282 9.
981 4219 1056 4284 Non
1071 4237 1213 4282 memoro
1234 4216 1384 4280 concubi.

79 4329 181 4386 uatum
200 4322 330 4388 Lesbos
344 4321 441 4402 illius,
457 4322 498 4386 do
513 4343 578 4405 quo
592 4325 713 4390 mentio
728 4329 846 4390 oourrit
861 4329 894 4392 in
917 4348 987 4411 cap.
1005 4331 1054 4392 19.
1075 4341 1106 4392 et
1119 4329 1170 4392 ab.
1214 4327 1233 4390 J
1237 4325 1380 4408 ndieum;

78 4439 153 4501 tuae
167 4428 257 4496 enim
278 4429 324 4498 ibi
349 4428 467 4498 dieitur
488 4433 679 4516 oenanthino,
692 4435 850 4520 legitima
871 4447 948 4518 erat,
963 4448 995 4500 et
1016 4435 1113 4502 unica
1136 4436 1266 4502 Levites
1288 4453 1381 4512 uxor,
