3210 4990
248 323 316 386 ‘186
613 343 854 388 »resauciare
877 343 1032 402 coenas,
1055 343 1131 388 cae.
1153 322 1207 388 tv.

250 475 417 546 praetextu
432 463 602 544 ineundae,
619 476 651 527 et
675 467 772 528 latius
788 465 1036 548 amplificandae
1062 467 1221 530 societatis
1246 465 1418 541 humanae,
1436 462 1476 526 ad
1488 481 1537 528 ex·

252 584 390 637 tenorum
416 575 554 656 Imperio
569 575 768 638 infensorum
794 574 1046 638 necessitudines
1074 594 1127 656 per
1148 574 1353 638 matrimonia
1377 573 1538 638 conciliau-

253 678 321 742 das.
366 681 485 744 Verum
498 701 564 744 non
580 683 682 744 multo
691 693 808 764 postea,
822 681 855 744 id
866 693 923 760 est,
939 683 1024 744 circa
1039 701 1163 744 anuum
1175 683 1256 760 692,
1268 683 1454 745 auctoritate
1465 683 1538 743 Gon·

252 784 319 850 cilii
333 786 484 874 Trullani
500 787 532 850 in
548 807 619 851 can.
636 790 685 852 52.
702 791 965 854 consobrinorum
979 791 1110 872 nuptiae
1126 791 1322 872 improbatae
1336 790 1471 868 suerunt,
1486 809 1539 852 res·

246 890 346 952 tituta
361 892 431 974 lege
454 893 632 959 Theodosii
658 897 780 980 Magni,
796 909 914 980 etpost
939 918 977 960 ea
999 909 1141 980 tempora
1161 900 1275 962 Graeci
1299 900 1538 980 Legumlatores,

251 1009 285 1062 et
299 999 488 1082 Interpretes
514 1003 606 1066 aliter
620 1009 822 1086 scripserunt,
849 1026 950 1086 quam
965 1007 998 1070 in
1020 1008 1039 1070 J
1043 1007 1223 1070 ustinianea
1249 1005 1357 1068 codice
1373 1005 1539 1068 haberetur.

251 1103 308 1168 Sic
323 1105 356 1168 in
372 1107 519 1170 Basilicis
544 1109 610 1172 libr.
628 1111 678 1174 28.
697 1113 739 1174 tit.
756 1115 795 1192 5.,
812 1115 893 1177 etin
918 1115 1170 1182 institutionibus
1186 1115 1362 1198 Theophili
1378 1116 1411 1178 in
1430 1119 1450 1182 l.
1465 1116 1492 1177 4.
1507 1113 1541 1176 de

253 1215 383 1294 nuptiis,
409 1218 671 1284 consobrinorum
697 1221 829 1301 nuptiae
855 1223 1060 1284 damnantur.
1104 1221 1142 1284 Id
1158 1222 1378 1284 verosimiliter
1400 1220 1540 1286 Trullaoi

145 1409 148 1416 Ι
254 1321 408 1408 Episcopi
424 1325 630 1406 induxerunt,
647 1347 695 1407 ne,
711 1330 865 1410 quoniam
882 1329 1007 1392 Latinis
1023 1329 1055 1392 in
1080 1329 1224 1410 pluribus
1240 1330 1471 1411 repugnabant,
1485 1345 1542 1394 om·

254 1435 331 1497 nino
346 1441 367 1500 a
381 1435 572 1500 Latinorum
598 1437 769 1518 disciplina
784 1438 928 1500 recedere
946 1438 1136 1516 viderentur,
1161 1437 1345 1518 praesertim
1361 1436 1394 1498 in
1410 1455 1449 1497 ea
1462 1453 1499 1510 re,
1514 1431 1541 1495 in

251 1557 319 1622 qua
335 1541 490 1604 naturalis
506 1543 667 1624 quaedam
683 1545 835 1608 honestas
851 1547 955 1628 posita
968 1557 1043 1625 erat,
1060 1555 1159 1626 utque
1175 1564 1214 1606 ea
1229 1545 1349 1608 ratione
1363 1544 1543 1606 Latinorum

252 1644 392 1708 dicteriis
407 1661 615 1717 occurrerent.
659 1653 749 1716 Haec
765 1655 799 1718 in
815 1655 956 1718 Oriente.
1001 1655 1038 1718 ln
1055 1653 1231 1718 Occidente
1246 1665 1364 1732 autem,
1382 1663 1417 1716 ut
1432 1652 1543 1716 dictum

251 1766 309 1834 est,
325 1756 381 1818 diu
397 1763 612 1839 perseveravit
626 1762 858 1826 Theodosiana
874 1763 1076 1841 Constitutio,
1098 1781 1268 1843 nunquam
1284 1760 1400 1824 deinde
1416 1769 1436 1828 a
1451 1777 1545 1822 recen·

253 1861 386 1925 tioribus
401 1865 650 1946 Imperatoribus
676 1870 839 1950 abrogata,
882 1868 945 1932 Sed
964 1880 1135 1950 postquam
1156 1868 1364 1932 Occidentale
1380 1869 1543 1950 Imperium

253 1976 276 2042 a
289 1972 386 2034 variis
401 1975 550 2054 gentibus
565 1987 759 2058 occupatum
774 1977 844 2056 fuit,
861 1976 982 2039 utilitas
998 1975 1136 2058 publica,
1153 1985 1184 2048 et
1199 1974 1398 2056 populorum,
1414 1975 1544 2054 Regum-

251 2097 318 2160 que
332 2079 532 2146 advenarum
548 2085 627 2150 ratio
643 2085 832 2168 postulabat,
858 2105 960 2148 causa
974 2086 1190 2148 ineundarurn
1206 2086 1287 2148 inter
1308 2095 1434 2148 exteros
1449 2095 1479 2144 et
1492 2082 1545 2145 tto-

254 2207 368 2254 manos
383 2193 667 2286 necessitudinum,
692 2207 728 2266 ut
744 2194 796 2256 lex
822 2193 1055 2268 Theodosiana
1070 2205 1221 2276 perpetuo
1245 2195 1374 2276 vigeret,
1391 2193 1478 2275 quod
1492 2201 1546 2252 sta·

255 2297 316 2360 tuit
329 2299 401 2362 Rex
424 2301 576 2364 Rotharis
590 2301 675 2366 eirca
700 2323 825 2374 annum
848 2305 930 2384 650,
958 2307 1050 2388 cujus
1066 2305 1119 2369 lex
1142 2315 1232 2368 extat
1246 2305 1280 2368 in
1305 2305 1373 2368 libr.
1389 2305 1419 2367 2.
1447 2304 1546 2385 legum

254 2407 541 2490 Longobardarum
567 2411 612 2476 tit.
639 2413 667 2475 8.
685 2431 774 2476 uum.
790 2414 819 2475 4.
865 2412 1016 2496 Amplius
1040 2431 1225 2495 progressus
1251 2421 1300 2472 est
1314 2411 1451 2474 Carolus
1466 2409 1546 2488 Mag·
1579 2457 1580 2468 .

254 2537 328 2598 nus;
344 2539 419 2582 curn
434 2521 521 2584 enim
536 2521 698 2602 adquisito
724 2521 927 2586 Occidentali
942 2522 1080 2602 Imperio
1102 2530 1272 2584 curaturus
1286 2529 1378 2598 esset,
1396 2527 1432 2580 ut
1445 2531 1547 2580 ornnes

253 2627 316 2692 sibi
332 2631 475 2713 subjecti,
487 2649 695 2714 quacumque
711 2631 844 2696 tandem
859 2651 900 2693 ex
927 2640 1022 2712 gente
1038 2628 1201 2711 progeniti,
1219 2627 1343 2690 mutuis
1358 2645 1392 2689 se
1408 2624 1547 2688 adfectio·

257 2737 352 2805 nibus
367 2751 640 2822 prosequerentur,
656 2740 743 2822 quod
758 2759 837 2804 saue
852 2739 920 2806 fieri
931 2739 1100 2803 commode
1115 2740 1310 2824 sperabatur,
1322 2737 1349 2800 si
1366 2737 1448 2800 iuter
1459 2749 1547 2798 terno·

257 2845 344 2908 tioris
359 2848 456 2910 etiam
481 2846 602 2928 gradus
617 2849 877 2932 consanguineos
902 2847 1052 2931 conjugia
1071 2845 1320 2928 prohiberentur,
1348 2854 1379 2905 et
1393 2852 1548 2926 cogeretur

258 2955 481 3036 unusquisque
497 2956 540 3018 ad
565 2957 626 3018 sibi
641 2957 884 3040 conjungendos
908 2957 1113 3020 matrimonio
1126 2975 1189 3033 eos,
1212 2955 1268 3036 qni
1284 2953 1378 3036 louge
1394 2953 1546 3027 distarent,

257 3062 377 3138 statuit,
394 3073 430 3122 ut
444 3062 655 3135 matrimoniis
681 3063 919 3126 interdiceretur
933 3063 1186 3145 consanguineis
1209 3081 1311 3142 usque
1326 3061 1368 3123 ad
1383 3063 1548 3144 septimum

255 3167 403 3250 gradum,
420 3167 697 3249 quemadmodum
713 3169 813 3250 liquet
827 3188 869 3232 ex
881 3169 949 3232 libr.
966 3171 994 3239 7.
1011 3168 1247 3250 capitularium
1262 3187 1332 3249 cap.
1348 3167 1430 3248 432,
1444 3181 1474 3231 et
1489 3167 1547 3230 libr.

257 3273 286 3335 6.
303 3292 372 3354 cap.
388 3274 448 3352 80,
465 3293 506 3335 ex
532 3294 596 3356 quo
611 3274 818 3358 depromptus
844 3285 891 3339 est
916 3295 1021 3338 canon
1038 3278 1086 3338 16.
1113 3295 1200 3340 caus.
1216 3277 1266 3339 35.
1282 3289 1405 3358 quaest.
1433 3281 1461 3342 2.
1477 3277 1549 3340 falso

258 3382 394 3444 tributus
410 3383 561 3464 Gregorio
577 3383 706 3467 Magno.
751 3383 859 3447 Videri
882 3384 1014 3466 quidem
1029 3396 1151 3466 poterat
1176 3385 1311 3448 Carolus
1327 3387 1422 3470 longe
1437 3387 1551 3451 recede·

259 3513 292 3555 re
307 3501 327 3559 a
343 3493 467 3576 legibus
492 3495 723 3572 Romanorum,
741 3515 806 3558 non
832 3493 914 3558 adeo
929 3494 1024 3557 arctis
1053 3493 1173 3558 finibus
1188 3496 1353 3560 connubia
1367 3496 1550 3560 concluden-

256 3611 351 3672 tium.
395 3611 459 3676 Sed
475 3612 687 3676 nihilominus
702 3612 810 3674 adhuc
826 3612 886 3694 ipsi
915 3610 1027 3674 deesse
1043 3629 1108 3672 non
1122 3620 1267 3692 poterant
1281 3611 1501 3676 Romanarum
1515 3608 1552 3670 le·

259 3744 340 3808 gum
356 3727 523 3806 praesidia,
540 3726 676 3806 adquae
691 3724 885 3805 confugeret,
901 3724 1025 3804 quoties
1041 3721 1193 3804 dogmata
1207 3723 1348 3786 Romani
1358 3724 1439 3806 juris
1455 3742 1487 3784 se
1501 3717 1550 3780 ad·

222 3877 225 3882 -
254 3836 325 3900 huc
341 3836 430 3917 sequi
457 3835 540 3898 velle
555 3833 716 3916 professus
731 3832 851 3908 suisset,
878 3831 966 3912 quod
981 3830 1121 3894 Romani
1147 3829 1276 3909 Imperii
1301 3829 1446 3892 habenas
1462 3821 1551 3890 susci·

260 3942 402 4024 pientem
427 3942 569 4004 decebat:
594 3941 747 4002 nimirum
771 3940 909 4004 Romani
936 3951 1056 4002 veteres
1082 3939 1115 4000 in
1131 3936 1372 4000 successionum
1397 3929 1551 3998 cansisad

261 4055 434 4137 septimum
465 4071 567 4133 usque
596 4051 734 4134 gradum
759 4049 1048 4132 consanguinitatis
1074 4050 1148 4131 jura
1177 4047 1291 4131 porrigi
1322 4047 1550 4118 existimabant,

259 4161 386 4234 Paulus
403 4161 469 4224 libr.
485 4160 514 4222 4.
530 4169 666 4222 sentent.
683 4159 727 4222 tit.
745 4161 793 4222 ll.
811 4162 832 4226 i.
852 4159 915 4238 ult,
931 4169 962 4220 et
977 4157 1178 4220 Modestinus
1194 4159 1226 4220 in
1243 4155 1262 4218 l.
1277 4157 1307 4220 4.
1324 4155 1454 4238 princip.
1470 4151 1501 4216 ff.
1516 4149 1551 4212 de

260 4270 395 4354 gradib,
411 4268 556 4332 etadfio.
600 4269 695 4332 Hanc
711 4267 915 4350 disciplinam
941 4279 1051 4328 secuta
1066 4265 1182 4328 deinde
1197 4263 1434 4346 fueruntplura
1449 4257 1554 4334 Eccle-

258 4377 386 4456 filetum
401 4374 555 4457 concilia,
581 4385 613 4438 et
626 4375 799 4440 Pontifices
825 4373 972 4454 Maximi,
991 4391 1062 4452 ean.
1088 4372 1136 4452 17.
1154 4371 1202 4452 18,
1219 4372 1277 4454 19,
1293 4381 1324 4436 et
1338 4371 1390 4440 21.
1405 4387 1492 4444 caus,
1506 4365 1551 4432 34.
