3120 4980
128 371 178 447 ²8
381 397 471 444 eras
488 395 614 462 nerui,
631 393 875 446 nrsssecmro
889 395 1016 462 errrore,
1028 397 1107 448 css.
1123 371 1182 446 Ill.

130 519 197 587 loro
211 531 342 586 externo
357 539 461 606 poena
475 523 617 587 criminis
633 541 697 586 non
713 524 873 606 punietur.
916 521 1031 605 licque
1045 523 1135 586 anim
1147 523 1207 606 qui
1218 519 1346 587 emen
1356 535 1437 586 coti·

129 625 216 708 snllt,
232 644 365 692 causam
381 629 507 693 crimini
523 631 660 714 praebet:
687 639 814 695 tantnm
830 629 941 714 incipit
955 646 1084 694 movere
1098 632 1254 712 acimum,
1274 642 1311 698 ut
1326 629 1363 695 in
1378 629 1441 694 cri·

129 735 226 802 minis
255 731 517 802 deliberationem
542 737 669 802 leretur.
713 741 856 804 Crimine
882 751 999 820 secuto,
1029 741 1248 804 consideratur
1272 745 1442 822 unquam

129 845 227 910 tmica
241 845 333 929 actio;
350 865 525 930 quaecum
550 854 570 914 a
585 847 719 912 consilio
735 849 862 912 initium
876 851 1002 932 ceperit,
1028 861 1089 912 ant
1100 849 1348 927 incrementrnn,
1368 859 1437 914 tota

129 971 197 1018 una
211 975 287 1020 cum
301 957 435 1030 consilio
461 957 492 1021 in
505 957 665 1042 judicium
692 957 871 1022 deducitur:
897 959 954 1021 sed
971 957 1025 1023 nbi
1041 979 1107 1024 non
1132 959 1248 1022 babuit
1268 955 1438 1036 effectum,

129 1084 179 1132 res
193 1078 355 1130 coercetur
380 1067 463 1131 intra
478 1066 559 1130 fines
584 1084 691 1131 morae
717 1063 962 1148 deliberationis,
988 1053 1196 1152 etpropositi;
1222 1068 1303 1132 alias
1319 1078 1440 1132 autem

128 1189 243 1238 verum
257 1187 313 1256 est,
339 1195 404 1240 non
421 1177 527 1260 puniri
552 1177 586 1262 in
601 1191 734 1240 externo
748 1174 815 1240 soro
841 1195 965 1242 merum
981 1179 1186 1262 propositum,
1202 1190 1260 1241 aut
1274 1175 1437 1240 delibera·

129 1280 258 1347 tionem.
302 1279 429 1348 Clarius
444 1283 566 1368 loquer,
590 1285 760 1349 collatione
776 1284 860 1349 lactc
876 1287 992 1351 interni
1011 1307 1087 1352 oum
1101 1297 1236 1360 externo
1248 1285 1326 1366 soro,
1343 1285 1438 1368 quod

129 1401 238 1457 tamen
254 1392 352 1458 velim
367 1393 552 1478 accipiatur,
577 1409 642 1458 non
659 1405 812 1478 utaequa
840 1393 1068 1478 undecumqne
1093 1397 1136 1460 sit
1149 1396 1359 1486 comparatio,
1378 1394 1437 1459 sed

129 1509 173 1582 ut,
189 1499 276 1584 quod
301 1503 498 1586 propositum
513 1506 570 1584 est,
596 1503 791 1568 nitidiorein
817 1504 1136 1569 luminecollocetur.
1180 1505 1368 1570 Devenitur
1393 1503 1439 1570 ed

128 1621 298 1695 peccatum
323 1611 493 1693 internum,
509 1623 604 1698 prout
628 1613 771 1699 subjacet
790 1609 865 1677 'soro
877 1614 1106 1697 poenitentiali,
1131 1634 1187 1698 per
1200 1625 1342 1697 quatuor
1364 1633 1439 1698 gra·

127 1719 199 1803 dus;
215 1721 330 1804 quales
355 1731 432 1786 sunt
447 1721 615 1806 impressio
628 1721 779 1808 primum,
794 1721 913 1786 deinde
926 1721 1069 1802 raason,
1090 1721 1142 1786 cni
1159 1721 1303 1786 srrccedit
1318 1739 1439 1788 assen-

126 1844 191 1914 sus,
207 1851 246 1898 ac
272 1845 430 1918 postremo
444 1835 601 1900 executio.
645 1834 784 1910 Quoties
797 1835 840 1898 ad
854 1846 1035 1914 assensum,
1060 1833 1166 1898 multe
1177 1831 1284 1918 magis
1300 1831 1441 1914 quoties

125 1939 168 2006 ed
182 1943 407 2009 executionem
432 1943 608 2008 deventum
623 1953 680 2025 est,
708 1943 820 2028 incipit
845 1959 958 2024 unum,
985 1957 1056 2010 eme
1070 1953 1249 2028 peecatum,
1272 1941 1321 2008 ita
1337 1953 1379 2008 ut
1392 1960 1440 2010 ex

126 2053 249 2116 unitate
263 2063 364 2135 actus,
380 2069 444 2118 nou
461 2052 567 2118 solum
583 2051 670 2116 mala
685 2051 812 2116 dicatur
826 2052 979 2118 voluntas
993 2055 1027 2116 ln
1041 2051 1237 2130 assensione,
1263 2061 1295 2112 ct
1310 2068 1438 2116 execu-

124 2161 218 2242 tione,
231 2161 285 2226 sed
296 2161 394 2226 etiam
404 2162 491 2226 mala
502 2161 653 2226 voluntas
662 2161 696 2224 ln
708 2157 926 2246 impressione,
934 2169 967 2223 et
978 2158 1160 2237 luctatione,
1169 2155 1257 2222 meta
1266 2155 1299 2222 iu
1313 2155 1439 2238 impro-

123 2265 222 2353 sione,
234 2272 312 2356 quia
323 2269 564 2354 impressionem
576 2285 640 2335 non
653 2265 984 2353 aegrerecepui,male
995 2266 1029 2331 iu
1041 2261 1315 2346 incurioseque
1327 2259 1438 2326 tacte

125 2383 244 2448 tionem
257 2398 322 2449 non
330 2378 413 2448 bene
424 2383 585 2447 sustinuit.
602 2377 1271 2466 Atquoticssoassensurnderenmunon
1278 2383 1441 2454 escenso

123 2492 234 2558 minus
242 2487 284 2556 ad
293 2493 526 2574 executionem,
537 2509 596 2556 uec
606 2491 694 2556 mala
705 2489 872 2584 impressio
880 2489 1003 2570 dicitur,
1015 2502 1076 2552 uec
1085 2483 1174 2550 mela
1183 2482 1440 2568 bretatituprop·

123 2620 209 2674 terea
220 2609 306 2694 quod
320 2621 455 2694 utraque
466 2607 508 2674 ad
521 2609 669 2674 meritum
681 2607 821 2694 proiecta
832 2615 889 2672 est.
915 2591 1208 2670 Accornrcodemus
1217 2601 1306 2665 benc
1318 2599 1439 2682 ipsum

121 2721 310 2803 doctrinam,
320 2743 402 2786 sana
414 2732 521 2786 tamen
532 2719 740 2802 traductione,
750 2716 792 2784 id
802 2739 869 2783 rern
879 2717 1082 2804 propositam.
1094 2714 1158 2780 Ubi
1166 2713 1241 2796 'qui
1248 2709 1441 2778 milium

120 2837 265 2908 criminis
274 2833 370 2916 dedit,
383 2845 493 2898 secuto
502 2833 628 2914 scelere,
641 2833 747 2898 scelus
757 2830 864 2916 ipsum
874 2831 908 2895 in
917 2829 1041 2896 interno
1049 2827 1200 2891 ferocum
1210 2821 1439 2907 oortsiliojun·

120 2945 215 3030 gitur,
233 2943 327 3028 quasi
342 2963 409 3010 uua
434 2941 475 3007 sit
489 2943 580 3024 actio,
605 2961 689 3026 quae
703 2949 724 3008 a
737 2939 873 3006 consilio
895 2949 952 3004 aut
966 2937 1122 3021 originem
1137 2934 1229 3019 cepit,
1245 2941 1305 2996 aut
1325 2930 1439 2998 inere·

121 3067 277 3138 mentum.
300 3053 355 3120 Nil
366 3073 441 3139 ergo
452 3055 579 3136 mirum,
592 3051 619 3118 si
630 3065 661 3115 ct
671 3051 843 3116 consilium
857 3049 1017 3134 puniatur.
1039 3043 1140 3117 Quod
1152 3043 1179 3108 ei
1190 3043 1348 3108 delictum
1361 3059 1441 3110 nm

121 3177 283 3249 sequatur,
296 3165 378 3230 nihil
389 3175 438 3228 est
448 3163 598 3243 criminis,
611 3161 663 3226 cui
671 3163 827 3246 jungatur
838 3157 1018 3235 consilium,
1032 3165 1064 3218 et
1075 3151 1252 3218 sistitintra
1263 3147 1349 3212 lines
1361 3167 1440 3213 me

122 3271 172 3340 riti
187 3271 346 3358 propositi,
372 3283 403 3336 et
418 3269 664 3334 deliberationis:
689 3289 774 3352 qnae
790 3267 822 3330 iu
838 3275 970 3329 externo
985 3261 1052 3326 foro
1066 3270 1125 3324 aut
1150 3259 1216 3337 vix,
1233 3267 1438 3340 autpertum

121 3385 303 3465 attenditur,
331 3403 425 3448 secus
440 3401 480 3446 ac
505 3379 661 3462 contingit
686 3379 720 3442 in
736 3375 898 3455 mandato,
924 3375 1032 3456 utpote
1058 3369 1145 3452 quod
1169 3367 1360 3451 pcr‘sejam
1377 3379 1437 3431 est

120 3491 203 3556 actio
219 3499 453 3556 consummata.
497 3486 532 3554 st
547 3490 580 3552 in
596 3487 790 3551 contrarium
805 3483 904 3562 dicas,
919 3481 952 3546 in
967 3479 1184 3544 contractibus
1198 3476 1367 3540 nenrinem
1385 3495 1438 3542 ex

120 3601 253 3666 consilio
268 3599 410 3684 obligari,
436 3617 478 3662 ex
493 3617 557 3682 quo
572 3593 723 3675 deducas,
739 3611 845 3676 neque
860 3593 892 3656 in
908 3589 1095 3654 criminibus
1116 3607 1159 3652 ex
1173 3586 1307 3650 consilio
1320 3603 1437 3666 quem

120 3728 213 3794 posse
229 3708 384 3792 accusari;
410 3725 565 3789 reponam
580 3723 648 3787 ego,
673 3701 768 3784 longe
783 3701 881 3764 aliam
896 3718 967 3762 esse
992 3707 1024 3760 at
1037 3705 1247 3772 coruractum,
1269 3705 1302 3757 et
1315 3693 1440 3758 orimi-

120 3839 200 3886 num
217 3821 381 3884 rationem.
425 3816 509 3882 Nam
526 3816 558 3880 in
574 3811 791 3878 contractibus
807 3811 834 3874 sl
849 3808 1003 3892 obligatio
1017 3817 1209 3884 nasceretur,
1237 3803 1322 3866 actio
1336 3815 1448 3870 esset,

119 3932 222 4018 gratia
237 3931 333 4011 illius,
349 3930 405 4014 qui
416 3927 587 3992 consilium
603 3924 735 4006 accepit;
751 3921 828 3986 huic
839 3931 948 3984 autern
963 3929 1011 3983 est
1026 3920 1109 3982 actio
1124 3914 1326 3999 deneganda,
1342 3915 1437 3995 quia

117 4052 174 4122 est,
190 4040 277 4125 quod
292 4039 397 4104 eidem
412 4039 593 4120 imputetur,
619 4053 722 4117 quum
738 4032 846 4096 minus
864 4031 1004 4113 prudens
1024 4029 1197 4094 consilium
1212 4040 1344 4092 secutus
1359 4039 1436 4094 est.

120 4149 238 4214 ilerum
254 4150 287 4212 in
310 4146 498 4212 criminibus
514 4161 598 4226 quac
624 4140 769 4205 vindicta
783 4139 930 4218 sumitur,
957 4157 1107 4222 quaeque
1120 4135 1308 4217 conceditur
1323 4155 1435 4202 accu-

118 4261 208 4339 satio,
235 4269 301 4322 rota
316 4267 364 4321 est
389 4259 492 4339 gratia
517 4251 735 4336 Reipublicae,
761 4271 845 4334 quae
870 4261 963 4313 curat
988 4249 1243 4332 diligentissime,
1260 4265 1301 4310 ne
1316 4265 1434 4328 prava

117 4367 256 4431 consilia
280 4367 405 4432 civibus
422 4365 642 4448 praebeantur.
685 4361 720 4425 Si
736 4361 850 4423 iterum
867 4360 899 4422 in
914 4357 1111 4422 contrarium
1125 4373 1279 4439 opponas,
1299 4354 1435 4422 Roma·

121 4495 182 4549 nas
197 4479 284 4563 leges
299 4479 457 4564 actionem
472 4477 548 4544 furti
563 4495 627 4541 non
642 4475 839 4542 concessisse
854 4471 1009 4536 adversus
1024 4487 1109 4548 cum,
1125 4468 1180 4552 qui
1196 4465 1324 4532 iurandi
1343 4485 1438 4534 con·
