3210 4990
165 453 215 498 ΔΝ
237 451 408 498 vnum
431 451 626 500 ΕΡΟΝΙΔΙᾸΔ
647 452 861 500 &mancus
885 453 1002 500 INTER
1023 455 1326 500 CONSANGUINEOS·
1361 435 1421 500 101

125 575 186 640 illis
201 595 242 638 ea
254 574 397 640 conditio
411 575 560 658 ineratsi
574 587 753 660 pateream
781 577 925 660 puellam
936 577 1031 662 jungi
1046 577 1209 656 voluisset,
1225 587 1256 640 et
1270 575 1424 642 conditio-

125 701 165 747 ne
178 685 243 747 hnc
257 683 428 749 deficiente
442 685 643 768 sponsalium
667 705 798 768 quoque
821 687 992 751 vinculum
1007 688 1139 750 omnino
1164 685 1301 750 delicere
1315 705 1424 750 necee-

125 811 157 856 se
170 805 229 856 est
274 795 318 858 At
332 815 408 859 vero
422 797 449 860 si
464 796 556 886 nulla
570 796 792 880 intelligantur
814 797 1024 879 praecessisse
1048 795 1220 878 sponsalia,
1236 795 1354 860 frustra
1368 795 1423 860 hic

27 951 61 982 ¹,
123 903 232 968 locum
247 906 346 971 balret
359 927 399 971 ea
413 909 532 991 regulo,
548 927 648 991 quam
668 909 816 991 superius
830 907 864 971 in
879 908 1066 988 quaestione
1082 909 1109 971 1.
1140 906 1313 989 praestitui,
1329 923 1423 988 spon·
1514 943 1517 955 ·

122 1013 182 1077 sali
198 1027 312 1080 secuta
326 1019 443 1101 copula
457 1021 489 1082 in
515 1019 757 1082 matrimonium
782 1018 945 1081 transiisse
960 1029 1036 1082 aute
1063 1017 1294 1081 Tridentinum
1309 1015 1423 1080 conei-

124 1124 214 1205 lium,
229 1139 289 1191 aut
303 1129 401 1193 etiam
414 1127 511 1192 hodie
536 1131 670 1194 transire
686 1130 719 1191 in
735 1129 798 1191 illis
827 1127 1013 1206 Provinciis,
1031 1127 1064 1190 in
1094 1127 1213 1210 quibus
1242 1126 1424 1210 promulga-

123 1245 193 1300 tum
209 1255 277 1300 non
292 1247 341 1300 est
355 1238 586 1302 Tridentinum
608 1239 773 1304 decretum
796 1259 865 1324 cap.
896 1237 936 1302 de
965 1237 1104 1302 Reform.
1135 1235 1316 1299 matrimon.
1346 1253 1424 1299 sess.

122 1344 181 1407 tt.
228 1347 414 1430 Fingamus
444 1367 530 1411 nunc
545 1347 644 1412 aliam
659 1367 725 1412 non
754 1349 936 1412 absimilem
951 1349 1100 1432 speciem3
1118 1347 1271 1410 nimirum
1286 1365 1352 1410 non
1367 1345 1424 1410 ali·

122 1471 222 1536 quam
236 1473 341 1519 unam
355 1475 397 1518 ex
412 1456 556 1538 pluribus
571 1455 700 1520 filiabus
715 1473 794 1520 snae
809 1457 957 1539 potestati
972 1455 1124 1538 subjectis
1144 1451 1329 1516 ducendam
1344 1469 1425 1514 uxo·

120 1580 187 1625 rem
204 1561 372 1644 spondere,
387 1563 445 1626 sed
460 1567 566 1647 potius
582 1565 725 1648 aliquem
739 1566 929 1648 pmmittare,
959 1585 994 1628 se
1023 1583 1125 1627 unam
1150 1583 1192 1626 ex
1221 1562 1366 1645 pluribus
1389 1563 1421 1626 in

123 1692 197 1736 eum
212 1683 416 1736 contractum
440 1676 711 1740 consentientibus
726 1675 760 1738 in
775 1693 910 1738 uxorem
932 1672 1115 1750 ducturum,
1131 1671 1176 1732 its
1190 1680 1227 1734 ut
1240 1679 1424 1732 contractus

125 1783 164 1847 ab
174 1783 367 1868 hujusmodi
381 1784 590 1866 promissione
605 1785 744 1867 incipiat
787 1783 915 1847 valebit
929 1781 1060 1864 quidem
1080 1782 1141 1846 sub
1154 1780 1336 1844 conditione
1350 1797 1424 1842 con·
1459 1789 1461 1792 ’

121 1901 253 1970 tractus,
270 1893 305 1954 in
320 1909 384 1973 quo
393 1911 477 1968 ¹sane
491 1891 526 1955 in
540 1892 648 1974 ipsum
663 1893 899 1976 promittentem
921 1891 963 1955 ab
977 1891 1055 1974 ipsls
1070 1889 1186 1973 puellis
1200 1889 1425 1954 consentienti-

120 1999 182 2062 bus
198 1996 358 2061 translata
382 1997 510 2063 videtur
533 1999 673 2082 eligendi
688 2011 837 2084 potestas.
881 2001 1103 2070 Quamobrem
1118 2001 1146 2064 si
1172 2019 1239 2065 una
1253 2019 1295 2062 ex
1320 1999 1425 2065 istisa

121 2123 241 2188 sponso
267 2105 397 2186 cognita
411 2115 613 2189 proponatur,
639 2126 704 2171 non
720 2107 831 2170 dubito
845 2117 932 2187 tune,
958 2107 1052 2188 quasi
1067 2107 1235 2190 purificata
1260 2105 1425 2172 electionis

119 2216 315 2296 conditione,
330 2217 494 2301 sponsalia
507 2217 542 2282 in
556 2219 798 2284 matrimonium
812 2219 946 2283 transire
957 2221 1098 2302 potuisse
1112 2221 1189 2284 olim
1198 2231 1273 2284 ante
1287 2220 1426 2284 Triden-

119 2327 206 2392 tinas
220 2327 473 2406 constitutiones,
500 2336 559 2390 aut
574 2327 707 2391 transire
731 2327 829 2392 etiam
843 2325 948 2410 hodie,
964 2327 1019 2391 ubi
1034 2337 1248 2390 memoratum
1263 2325 1425 2390 Tridenti-

118 2451 202 2496 num
216 2431 385 2496 decretum
407 2453 473 2496 non
486 2433 628 2513 obsistat,
654 2433 804 2497 videlicet
817 2434 846 2498 si
869 2451 973 2499 sermo
987 2434 1029 2498 sit
1052 2433 1094 2498 de
1108 2433 1286 2498 Provinciis
1301 2431 1373 2514 illis,
1388 2431 1423 2497 in

116 2537 242 2623 quibus
256 2537 340 2603 illud
353 2557 419 2605 nou
432 2538 495 2605 fnit
508 2541 757 2626 promulgatum

623 2799 859 2892 nonnemo
880 2820 919 2886 v.

270 3099 395 3175 Quota
406 3103 518 3185 suerit
537 3103 701 3168 mntcrttin
721 3101 908 3166 Alexandri
929 3099 998 3166 ΙΙΙ.
1016 3103 1055 3166 ire
1076 3123 1147 3190 cop.
1171 3103 1220 3168 16.
1242 3105 1283 3170 da
1387 3091 1389 3094 ⁵

654 3237 893 3326 Spmoatibaot
1268 3245 1271 3252 ’

179 3629 333 3699 UIDAM
360 3643 433 3718 post
459 3633 622 3699 contracta
644 3634 816 3719 sponsalia,
845 3635 1025 3719 eademque
1048 3635 1256 3722 jurejurando
1285 3637 1421 3717 firmata,

119 3743 238 3810 ductus
254 3745 381 3826 privata
405 3741 533 3828 legend
549 3743 674 3829 frugem
699 3745 838 3810 melioris
852 3746 938 3810 vitae
964 3748 1098 3812 transire
1113 3747 1295 3812 anhelabat.
1339 3749 1422 3813 Gon·

115 3853 223 3917 soltus
240 3849 426 3916 Alexander
440 3851 498 3918 ll'l.
514 3853 680 3937 rescripsit,
693 3855 799 3919 tutius
812 3857 926 3920 essaei
946 3857 1106 3941 reiigione
1111 3859 1302 3943 juramenti
1314 3880 1426 3923 servo-

118 3967 153 4023 ta
163 3962 270 4044 prius
293 3957 547 4025 matrimonium
561 3962 756 4044 mrrtrobere,
778 3971 809 4026 et
822 3971 943 4047 posteo,
959 3965 991 4027 si
1018 3965 1154 4048 elegerit
1166 3967 1214 4030 od
1226 3969 1423 4050 religionem

116 4071 280 4154 migrare,
291 4071 324 4134 si
338 4079 450 4134 tomara
462 4079 538 4155 post
552 4071 836 4156 despormotiouem
854 4073 972 4156 copulo
985 4095 1052 4138 non
1065 4075 1273 4158 dignoscitur
1287 4078 1422 4140 inteme-

117 4177 209 4239 rrr'sse
220 4177 379 4242 canuto.
422 4175 497 4240 Non
511 4176 690 4257 defuerunt,
713 4179 770 4261 qui
785 4177 860 4242 inde
875 4179 1078 4244 occasionem
1101 4182 1274 4265 arriperent
1288 4183 1422 4267 notandi

117 4287 353 4366 Alexandrum,
370 4289 463 4371 qnasi
489 4287 529 4352 de
544 4288 654 4365 nimis,
669 4297 702 4350 et
723 4287 797 4371 plus
813 4307 917 4371 aequo
931 4300 1080 4372 provecta
1102 4291 1262 4374 religione,
1278 4291 1358 4354 dum
1368 4311 1421 4356 ve-

11 4477 12 4482 *
117 4391 206 4473 ritus,
221 4411 264 4457 ne
274 4395 503 4479 jusjurandum
529 4393 710 4477 violaretur,
725 4396 769 4459 ad
790 4399 1050 4464 contrahendum
1072 4401 1258 4486 conjugium
1280 4400 1422 4484 obligare

11 4483 12 4498 ¹
117 4501 255 4566 voluerit
268 4519 355 4582 enm,
370 4502 428 4584 qui
452 4502 485 4568 in
501 4521 539 4566 eo
554 4501 624 4586 ipso
637 4503 786 4588 conjurgio
809 4503 909 4572 tidem
928 4507 1073 4590 conjugis
1087 4507 1164 4570 dare
1188 4505 1422 4590 propemodum
