3120 4980
213 449 260 493 ne
276 443 397 506 noers,
413 439 544 496 curans
559 435 721 487 cerutus
739 437 779 484 ru
794 433 968 482 coarctare
986 427 1242 480 assensuros.
1336 407 1376 474 st

97 572 269 648 societatem,
286 585 325 632 aa
338 555 542 651 potissimum
567 581 680 628 curare
695 561 860 638 debemus,
876 575 971 642 quas
987 555 1030 622 ad
1045 566 1174 620 nestrae
1188 552 1305 620 aetcbe
1319 551 1379 620 nti·

98 677 210 758 litatem,
226 673 471 760 felicitatemque
486 672 684 738 conducant.
717 671 889 735 Caeterum
905 669 960 732 ubi
976 661 1219 732 nonnullatenus
1233 675 1380 728 ueterum

98 787 270 858 temedium
297 787 504 872 proterantur,
529 800 669 868 quarum
695 782 843 866 rogatae·
859 789 922 844 auu¹
940 778 1131 858 noceamus,
1152 786 1213 841 cut
1235 775 1381 846 maxime

97 900 167 964 utilis
181 911 235 978 est,
252 917 315 961 non
333 895 405 961 ideo
421 897 462 960 ab
476 895 515 958 iis
531 893 611 958 milri
626 891 857 956 abstinendum
871 907 996 970 censeo,
1012 897 1122 972 utpote
1135 904 1219 972 ques
1233 883 1381 982 ignorare

98 1003 182 1092 pudor
195 1013 287 1068 osset.
330 1005 484 1074 Quattuor
501 1002 593 1068 olim
609 999 717 1064 morire
742 1000 879 1062 crimina
903 997 937 1060 in
959 995 1121 1080 judicium
1145 993 1380 1076 deferebantur,

97 1114 293 1192 accusatione,
309 1107 562 1187 denuntiatione,
576 1107 773 1190 exceptione,
796 1118 827 1168 et
843 1105 1146 1186 inquisitionecep.
1162 1102 1217 1168 31.
1232 1101 1272 1166 de
1287 1103 1382 1168 mmo

98 1225 148 1304 nia,
161 1243 228 1309 cap.
246 1223 295 1287 16.
321 1221 382 1302 21.,
398 1231 429 1284 et
453 1219 504 1283 24.
520 1218 561 1282 de
573 1215 847 1282 accusationibus.
869 1282 876 1292 ¹
892 1211 997 1277 Hodie
1011 1211 1192 1278 ordinarius
1214 1209 1332 1276 modus
1347 1209 1381 1279 in

99 1333 286 1418 inquisitione
310 1330 396 1394 situs'
418 1341 476 1410 est3
504 1327 648 1411 pluribus
673 1325 861 1394 iucesrirus·
873 1322 1133 1388 denuntiationes
1156 1320 1381 1402 admittamus

98 1445 190 1509 mitius
214 1441 362 1507 ftecuens
384 1451 433 1503 est
447 1437 602 1521 excepti03
629 1453 758 1520 prorsus
783 1444 894 1498 autent
918 1434 1047 1498 videtur
1070 1433 1113 1497 ab
1128 1451 1191 1498 usu
1217 1433 1384 1498 recessisse

100 1551 255 1614 aceruatio.
299 1547 390 1612 Num
406 1563 480 1628 ergo
495 1553 553 1607 eut
577 1544 618 1605 de
633 1543 886 1621 denuntiatione,
901 1551 958 1604 aut
972 1539 1013 1604 de
1028 1539 1236 1622 inquisitione
1257 1551 1384 1606 taurum

99 1661 245 1746 agendum
261 1659 328 1741 erit,
344 1655 426 1723 nibil
441 1657 481 1720 de
496 1655 693 1740 exceptione,
708 1655 786 1736 quia
802 1652 996 1735 infrequens,
1017 1651 1154 1716 nibil-de
1169 1653 1383 1733 acuumtbue,

99 1769 216 1851 quiasb
240 1787 302 1832 usu
318 1765 461 1830 recessit?
504 1765 604 1830 Juvat
619 1781 719 1846 quam
744 1764 888 1828 maxime
913 1773 950 1824 et
968 1764 1111 1843 istarum,
1134 1782 1174 1826 ac
1199 1763 1385 1846 praesertim

100 1875 297 1944 amusetiouis
317 1877 463 1942 'veterem
490 1875 697 1960 disciplinam
720 1893 885 1958 agnosereq
913 1875 982 1939 sine
996 1875 1083 1957 quod
1107 1886 1209 1940 totum
1223 1875 1385 1942 Romano

100 2005 158 2053 tum
169 1991 228 2074 jus,
245 1989 278 2053 iu
296 2003 362 2070 quo
386 1987 490 2051 mrrlta
505 1983 660 2050 hodierna
677 1985 774 2049 etiam
790 1985 946 2048 scientiae
964 1983 1386 2068 dogmatasundamentum

100 2093 211 2176 habent,
227 2105 258 2160 et
273 2113 401 2175 causas,
424 2093 486 2156 hoc
501 2103 765 2176 argumentorum
791 2111 907 2176 genere
923 2089 1077 2174 abundat
1102 2093 1170 2156 sive
1184 2091 1272 2178 quod
1287 2093 1319 2156 in
1335 2111 1387 2159 co·

99 2199 158 2265 dice
171 2202 344 2266 Gratianeo
369 2207 389 2266 a
404 2219 505 2264 causa
521 2199 706 2282 praesertim
720 2199 750 2262 2.
767 2215 871 2280 usque
886 2196 929 2260 ad
944 2199 1116 2281 septimam
1140 2199 1221 2263 baec
1236 2201 1386 2264 materies

99 2325 237 2396 termtur,
253 2325 285 2378 et
300 2313 387 2400 apud
404 2311 595 2396 Gregoriunr
611 2311 671 2378 IX.
687 2311 791 2375 multa
805 2309 848 2374 ad
863 2310 1013 2376 eamdem
1028 2329 1095 2376 rem
1110 2311 1328 2396 inveniuntur,
1345 2313 1387 2378 si·

100 2443 132 2489 re
145 2427 280 2510 doctique
306 2424 393 2510 quod
408 2435 503 2490 vetus
517 2423 693 2489 accusandi
719 2423 799 2487 ratio
815 2433 880 2486 tota
893 2423 991 2488 hodie
1006 2425 1037 2488 in
1064 2424 1333 2510 denuntiationes,
1356 2437 1388 2493 et

99 2535 310 2621 inquisitiones
336 2535 492 2602 translata
517 2545 574 2598 est:
602 2533 690 2598 unde
715 2551 775 2598 nec
801 2533 945 2617 apprime
971 2531 1117 2617 dignosci
1139 2545 1243 2620 potest
1264 2535 1387 2604 denun-

97 2649 264 2732 tiationum,
292 2647 603 2734 inquisitionemque
618 2646 772 2728 doctrina,
799 2645 861 2710 nisi
877 2657 1040 2730 comperta
1055 2646 1096 2710 sit
1115 2647 1194 2712 ratio
1209 2649 1388 2732 priscarum

97 2763 341 2826 accusationum.

133 2869 208 2932 Erat
224 2869 387 2933 acccusatio
402 2867 520 2931 delatio
534 2865 677 2930 criminis
694 2865 735 2930 ad
751 2867 928 2932 vindictam
945 2867 1116 2952 publicam,
1135 2868 1279 2954 legitima
1295 2871 1388 2938 iuter-

98 2979 236 3044 ueniente
260 2978 458 3042 acccusatoris
475 2975 687 3059 inscriptione,
713 2977 806 3062 cujus
821 2977 854 3040 vi
870 2990 1038 3041 accusator
1064 2979 1162 3042 fiebat
1176 2981 1269 3064 quasi
1291 2993 1391 3064 actor,¹

97 3099 124 3149 et
143 3087 301 3172 judicium
330 3105 431 3170 usque
458 3087 500 3149 ad
526 3085 727 3148 definitivam
754 3089 948 3150 sortientium
974 3085 1160 3168 sustinebat,
1192 3107 1261 3172 cap.
1292 3091 1320 3153 5.
1347 3089 1389 3154 de

96 3210 288 3280 procurator,
315 3195 335 3260 l.
356 3198 401 3260 10.
420 3215 497 3258 vars.
531 3195 601 3268 Qui
616 3216 740 3274 nomen,
767 3193 856 3258 ffirla
877 3197 1081 3280 jurepatrort,
1107 3196 1125 3260 l.
1144 3195 1192 3261 14.
1210 3201 1231 3265 i.
1254 3198 1283 3263 8.
1300 3198 1332 3262 ff.
1348 3199 1389 3264 rle

96 3303 181 3369 bouis
197 3309 341 3386 libertor,
358 3305 377 3368 l.
393 3305 431 3385 3,
447 3317 478 3367 et
493 3305 533 3382 7.,
550 3307 572 3371 i.
594 3305 617 3366 l.
633 3303 666 3366 ff.
683 3301 722 3366 de
738 3303 942 3384 acccrseitiou,
969 3304 988 3368 l.
1004 3305 1034 3368 3.
1051 3305 1120 3370 cod.
1136 3305 1176 3370 de
1192 3307 1252 3387 bis,
1268 3310 1323 3391 qui
1338 3330 1393 3375 ac·

97 3427 211 3478 cusanc.
255 3411 356 3482 erod
371 3429 446 3496 ergo
462 3413 494 3474 in
520 3409 669 3475 civilibus
684 3411 792 3475 carreis
807 3413 897 3492 actio,
924 3414 956 3476 id
972 3415 1004 3476 in
1020 3415 1243 3478 criminalibus
1258 3437 1387 3483 accersa·

99 3517 138 3581 tio
152 3521 378 3604 appellabatur.
424 3521 509 3584 Hinc
525 3519 569 3599 fit,
597 3535 633 3585 ut
648 3521 681 3584 in
707 3521 871 3604 aliquibus
885 3529 916 3584 at
943 3523 1035 3602 actio,
1063 3521 1095 3586 id
1112 3524 1144 3586 iu
1167 3523 1388 3590 criminalibus

97 3635 250 3697 accusatio
276 3631 506 3718 appellabatur.
550 3631 635 3694 Hinc
652 3631 696 3711 fit,
713 3641 748 3695 nt
774 3631 805 3696 in
822 3631 985 3714 aliquibus
1007 3641 1039 3693 et
1053 3631 1145 3711 actio,
1170 3643 1203 3695 et
1224 3635 1388 3700 accusatio

99 3756 310 3828 congruereut3
329 3745 360 3808 in
377 3743 487 3807 multis
503 3741 784 3826 distinguerentur.
829 3745 1057 3826 Corrgruebant
1074 3744 1105 3807 in
1122 3765 1167 3825 eo,
1193 3745 1281 3828 qnod
1297 3769 1390 3814 accu-

99 3866 299 3940 ceteraeque,
315 3875 353 3918 ac
369 3865 456 3918 actor
465 3841 626 3937 judicium
641 3851 801 3935 inciperet,
817 3863 1065 3936 persequeretur,
1081 3854 1267 3937 absolveret,
1282 3857 1389 3940 etism,

99 3959 151 4023 ubi
174 3963 342 4046 expediret,
369 3953 537 4050 proposita,
564 3961 810 4044 introductaque
830 3963 1053 4046 appellatione.
1098 3963 1389 4048 Distinguebentur

99 4068 130 4133 in
145 4091 247 4154 causa,
273 4085 303 4136 et
321 4075 354 4136 in
370 4073 445 4136 fine:
473 4073 505 4135 in
521 4091 621 4135 carisa
645 4073 794 4155 primurn,
820 4073 898 4154 quia
913 4073 996 4136 actio
1021 4093 1063 4137 ex
1081 4073 1168 4138 crvili
1194 4073 1390 4158 obligatione

98 4181 357 4264 proficiscebatur,
384 4185 546 4248 accusatio
560 4203 602 4246 cx
627 4181 760 4246 crimina
776 4181 914 4264 publico;
942 4181 1059 4246 deinde
1075 4185 1108 4247 in
1124 4184 1197 4264 fine,
1220 4187 1298 4268 quia
1313 4186 1389 4252 finis

99 4291 224 4357 actionis
239 4306 306 4358 erat
321 4293 476 4377 persequi,
502 4291 588 4374 quod
604 4291 701 4354 actori
716 4289 899 4374 debebatur,
926 4291 1142 4355 accinctionis
1157 4291 1233 4356 finis
1250 4305 1316 4358 erat
1332 4295 1390 4379 pu'-

100 4395 179 4488 blqca
191 4401 345 4483 coercitio,
371 4411 403 4464 et
418 4397 572 4464 vindicta.
617 4399 671 4462 lix
686 4397 869 4463 diuersitate
884 4411 993 4463 cirtem
1008 4417 1127 4463 causae
1142 4419 1181 4464 ac
1196 4400 1279 4483 finis,
1298 4403 1389 4468 aliud

99 4503 263 4578 discrimen
277 4533 320 4578 ex
345 4512 390 4576 rei
415 4521 531 4576 natura
553 4509 736 4598 emergebat
749 4509 797 4574 ·in
812 4527 857 4591 eo,
883 4509 971 4594 quod
994 4519 1163 4575 accusator
1183 4529 1253 4576 esse
1267 4523 1391 4598 poteret
