3276 4984
197 377 241 444 ¹78
535 399 779 446 nissasra'rro
801 401 974 464 saeuiunt,
999 401 1075 449 cre.
1098 385 1158 450 111.

196 525 314 592 tradita
329 531 482 606 usurpato
505 523 636 586 nomine
651 524 800 606 pignoris,
825 535 904 588 tuuc
918 525 1051 608 quidem
1079 529 1255 610 arbitrarer,
1279 531 1507 620 inesseobliga·

197 635 327 710 tionem,
344 647 409 693 non
423 630 519 711 quasi
533 647 658 692 nexum
672 631 837 694 constituti
864 633 1015 715 pignoris,
1032 635 1088 697 sed
1103 641 1198 718 quasi
1212 639 1440 722 obligationem
1457 663 1507 708 ar·

197 741 341 821 rharum;
358 739 392 801 in
407 737 506 800 dubio
529 737 617 800 enirn
632 757 671 800 ea
685 749 733 801 est
758 739 975 822 interpretatio
997 744 1175 808 voluntatis
1190 750 1355 831 capienda,
1371 771 1439 833 qna
1453 775 1508 818 ac-

197 859 258 930 tus,
274 867 340 931 quo
355 845 424 909 fieri
440 845 535 908 modo
560 846 668 927 possit,
684 848 847 929 consistat,
864 867 970 930 neque
991 853 1162 916 verborum
1176 855 1283 918 cortici
1298 857 1508 924 inhaeremus

199 977 332 1041 semper,
350 955 405 1018 sed
422 975 471 1017 res
486 954 591 1036 potius
607 955 693 1036 ipsas
712 955 964 1038 consideramus,
991 963 1177 1041 praesertim
1190 965 1278 1044 quod
1293 968 1435 1049 pignoris
1450 989 1506 1034 no·

199 1083 275 1129 men
290 1075 322 1126 ct
336 1063 439 1125 arrhis
454 1079 584 1143 quoquo
600 1061 695 1125 modo
710 1066 893 1128 conveniat.

242 1173 297 1237 Sic
313 1174 456 1254 inspecta
481 1181 598 1234 natura
621 1172 835 1254 obligationis,
860 1193 945 1255 quae
969 1195 1010 1240 ex
1037 1179 1243 1260 sponsalibus
1259 1183 1408 1263 nascitur,
1424 1184 1510 1248 alios

200 1283 402 1368 sponsalium
427 1283 560 1346 allectus
583 1303 742 1346 recenseo.
787 1283 875 1348 Inter
900 1286 977 1348 istos
1001 1287 1251 1370 vulgatissimus
1275 1305 1332 1372 est,
1358 1306 1393 1357 ut
1416 1299 1507 1379 apud

201 1413 341 1479 sponsus
370 1394 497 1471 oriatur,
527 1390 805 1474 quemadmodum
834 1405 960 1472 vocant,
988 1396 1136 1476 publicae
1165 1397 1344 1461 honestatis
1373 1402 1511 1483 impedi-

202 1515 357 1580 mentum,
370 1501 458 1584 quod
473 1499 652 1564 adfinitatis
668 1503 768 1564 instar
781 1503 912 1583 obtinet;
930 1505 1012 1566 sicut
1027 1507 1114 1568 enim
1125 1506 1304 1572 adfinitatis
1319 1529 1437 1574 causae
1452 1531 1510 1576 ne-

202 1633 266 1696 que
282 1631 365 1675 uxor
379 1611 629 1692 consanguineis
654 1610 722 1688 viri,
740 1629 846 1692 neque
860 1613 910 1673 vir
932 1613 1182 1694 consanguineis
1208 1616 1317 1678 uxoris
1341 1619 1503 1698 usquead

203 1733 304 1786 certos
320 1721 441 1805 gradus
466 1719 572 1783 soluto
597 1721 801 1783 matrimonio
820 1723 913 1805 jungi
940 1733 1051 1805 potest;
1079 1724 1125 1787 ita
1140 1743 1200 1787 nec
1215 1745 1352 1808 sponsus
1367 1747 1507 1794 consan-

204 1834 331 1915 gnineis
347 1851 492 1913 sponsae,
508 1849 568 1892 nee
584 1847 702 1912 sponsa
716 1833 967 1912 correauguineis
982 1833 1092 1913 sponsi
1107 1833 1221 1897 solutis
1235 1835 1333 1898 etiam
1348 1857 1509 1919 quocum·

204 1961 268 2024 que
284 1941 379 2004 modo
394 1939 608 2022 sponsalibus,
633 1957 676 2001 ex
701 1957 739 1999 eo
754 1937 883 2018 scilicet,
909 1938 995 2020 quod
1012 1939 1045 2002 in
1061 1942 1183 2024 nuptiis
1197 1945 1426 2008 contrahendis
1442 1965 1510 2013 non

205 2051 311 2115 solnm
327 2048 542 2133 spectandum
557 2049 605 2126 sit,
630 2047 717 2129 quod
742 2046 843 2126 liceat,
868 2047 1038 2110 sedetiam
1060 2049 1139 2131 qnid
1162 2049 1336 2116 honestum
1351 2053 1510 2135 videatur,

205 2161 226 2225 1.
242 2161 293 2224 42.
309 2161 342 2222 ff.
352 2159 393 2222 de
406 2161 466 2222 ritu
479 2157 628 2240 nuptiar,
644 2155 755 2220 minus
770 2165 879 2218 autem
897 2155 1069 2222 honestum
1084 2157 1133 2235 sit,
1149 2175 1231 2235 eam,
1246 2177 1332 2240 quae
1348 2161 1448 2223 semel
1463 2179 1507 2226 ex

206 2289 250 2353 gr.
267 2269 328 2332 luit
342 2285 461 2350 sponsa
476 2265 589 2343 fratris,
606 2283 740 2328 uxorem
765 2262 883 2328 deinde
907 2264 1038 2328 alterius
1058 2263 1163 2328 fratris
1189 2266 1261 2346 dici,
1278 2269 1372 2349 quasi
1388 2288 1510 2351 sponsa

206 2377 386 2462 quemdam
401 2377 520 2440 habeat
534 2355 645 2439 uxoris
660 2373 844 2455 imaginem.
889 2371 1053 2455 Equidem
1068 2376 1172 2457 prima
1188 2375 1285 2460 hujus
1295 2379 1377 2459 juris
1392 2377 1511 2445 sunda-

206 2495 318 2550 menta
334 2485 366 2548 in
381 2485 458 2549 Jure
473 2483 621 2546 Romano
638 2481 738 2564 posita
755 2501 841 2560 sunu
867 2481 924 2544 vix
950 2491 1061 2545 tamen
1084 2495 1240 2566 concepta
1266 2499 1333 2548 crat
1349 2487 1431 2550 haec
1445 2487 1510 2552 dis-

206 2593 327 2676 ciplina
341 2590 381 2654 de
396 2609 515 2674 sponsa
527 2589 625 2672 patria
640 2597 786 2669 respectu
801 2587 869 2667 filii,
884 2587 925 2651 de
947 2607 1067 2672 sponsa
1091 2589 1151 2653 filii
1175 2603 1320 2673 respectu
1345 2594 1452 2675 patris,
1478 2606 1512 2659 et

207 2701 248 2765 de
263 2714 364 2766 matre
379 2719 517 2784 sponsae
532 2707 677 2781 respectu
693 2697 811 2780 sponsi,
828 2697 847 2759 l.
865 2698 914 2760 12.
931 2701 955 2764 i.
973 2699 1001 2761 1.
1016 2708 1048 2760 et
1062 2697 1101 2777 2.,
1117 2697 1137 2760 l.
1157 2698 1204 2762 14.
1219 2699 1253 2762 in
1263 2699 1329 2764 fine
1343 2699 1375 2764 ff.
1390 2700 1432 2764 de
1447 2703 1513 2767 ritu

207 2826 297 2898 nupt.
321 2815 492 2878 Caeterum
507 2811 548 2875 de
563 2809 643 2874 frate
666 2811 784 2894 sponsi,
809 2821 866 2874 aut
880 2829 984 2875 sorore
1006 2829 1152 2895 sponsae,
1178 2811 1294 2876 aliisve
1318 2815 1515 2899 consangui-

207 2927 278 2988 neis
293 2943 484 3008 sponsorum
498 2922 636 2985 alterum
651 2931 700 2984 est
710 2919 798 3004 apud
813 2923 963 3002 antiquos
973 2919 1147 3001 silentium3
1163 2921 1264 2986 imma
1272 2935 1304 2984 et
1314 2925 1513 2990 contrarium

207 3033 332 3117 probari
350 3043 458 3116 posset
472 3049 514 3095 ex
528 3049 600 3094 can.
618 3031 667 3094 18.
683 3047 773 3092 cans.
788 3029 840 3093 27.
852 3039 977 3110 quaest.
992 3029 1032 3106 2.,
1048 3029 1075 3091 si
1090 3027 1144 3091 ille
1159 3047 1216 3111 pro
1238 3047 1394 3112 germano
1409 3031 1515 3096 Bene·

207 3141 285 3208 dicti
300 3141 409 3226 Papae
420 3149 631 3204 monumento
645 3139 827 3203 haberetur.
870 3135 971 3208 Quod
986 3139 1013 3202 si
1029 3137 1229 3221 proferantur
1243 3141 1276 3204 in
1299 3141 1444 3206 medinm
1459 3159 1515 3205 ca·

208 3271 311 3318 nones
328 3253 376 3316 11.
394 3249 442 3316 14.
458 3262 490 3314 et
506 3251 554 3316 15.
570 3269 660 3314 cans.
675 3249 727 3316 27.
753 3259 876 3332 quaest
901 3247 930 3310 2.
954 3265 1037 3328 qnos
1061 3247 1239 3313 Gratianus
1262 3249 1362 3313 edidit
1376 3261 1435 3313 aut
1449 3249 1516 3314 sub

210 3361 353 3446 generali
368 3363 498 3428 nomine
513 3379 686 3440 canonum,
703 3367 761 3422 aut
780 3357 841 3420 sub
853 3357 983 3420 nomine
998 3355 1150 3440 Gregorii,
1166 3369 1225 3421 aut
1239 3359 1301 3422 sub
1315 3359 1445 3422 nomine
1457 3359 1517 3424 Ju-

209 3473 243 3537 lii
259 3471 367 3556 Papae
382 3489 451 3556 ego,
469 3489 628 3555 reponam,
645 3467 716 3532 illos
730 3485 845 3530 omues
868 3465 964 3529 abiis
979 3465 1165 3529 auctoribus
1180 3463 1417 3548 adjudicandos
1431 3485 1516 3546 ease,

208 3583 296 3668 quod
311 3583 530 3649 demonstrari
545 3583 578 3645 in
594 3579 673 3644 meis
689 3575 1023 3643 animadversionibus
1049 3572 1083 3638 in
1109 3575 1313 3656 Gratiannm3
1341 3575 1517 3657 inquibus

208 3695 308 3759 etiam
333 3693 377 3759 ad
402 3693 526 3758 dictum
549 3707 709 3754 canonem
741 3687 788 3750 14.
819 3685 954 3763 ostendi,
983 3687 1053 3770 ejus
1080 3683 1261 3768 conjugatis
1290 3683 1515 3767 impedimenti

103 3819 109 3827 ·
207 3805 347 3888 primam
362 3801 518 3886 originem
534 3817 600 3862 non
614 3795 729 3882 procul
754 3801 775 3861 d
798 3793 955 3859 Gratiano
981 3791 1111 3856 saeculo
1136 3787 1353 3874 repetendam.
1395 3788 1524 3854 'l’uum

206 3933 283 3979 vero
298 3913 448 3996 primum,
463 3907 620 3993 quoniam
635 3925 699 3971 non
714 3917 802 3969 certa
821 3903 892 3987 lege
906 3913 974 3966 erat
996 3901 1029 3964 id
1043 3913 1186 3980 cautum,
1202 3919 1241 3963 ac
1256 3897 1437 3980 delinitum,
1453 3899 1514 3963 sed

208 4025 315 4110 potius
331 4019 512 4086 invaluerat
536 4037 579 4081 ex
604 4013 799 4080 scholastica
814 4011 1040 4096 disputatione,
1055 4029 1122 4092 qua
1136 4009 1242 4088 flebat,
1259 4017 1295 4070 nt
1310 4007 1439 4091 publica
1454 4009 1515 4072 ho

207 4141 326 4208 nestas,
342 4146 401 4191 seu
416 4125 572 4210 publicae,
590 4124 637 4189 uti
652 4121 821 4201 vocabant,
845 4117 1022 4182 honestatis
1035 4115 1202 4179 vinculum
1216 4113 1388 4179 adffinitati
1403 4115 1516 4198 aequi-

207 4249 382 4326 pararetnn
399 4235 479 4299 illud
506 4233 774 4326 impedimentum
800 4227 843 4292 ad
865 4243 1039 4305 aususque
1059 4222 1373 4304 consanguineorum
1388 4225 1513 4306 gradus

207 4343 449 4424 extendebatur,
464 4343 591 4426 quibus,
608 4343 663 4410 ubi
678 4351 828 4405 secutum
842 4331 1094 4409 matrimonium,
1119 4329 1199 4394 forte
1213 4329 1332 4396 inesset
1346 4333 1514 4402 adfinitas.

203 4441 271 4521 'eeu
285 4449 382 4518 hodie
406 4461 484 4537 post.
503 4451 628 4519 Oeneili
654 4443 837 4516 Tridentini
852 4441 1028 4531 {decretum
1053 4438 1087 4503 iu
1109 4455 1187 4502 sess.
1209 4437 1260 4504 24.
1275 4439 1316 4505 de
1330 4441 1401 4508 net
1417 4455 1513 4512 matr.
