3168 4982
202 329 266 394 214
568 352 810 398 nrssaaanrro
835 353 1092 426 eorumbene.
1116 335 1154 399 V.
1221 401 1232 416 Ἰ

243 471 354 556 Digna
382 487 430 535 est
451 453 656 554 haecbausa,
680 494 764 556 quae
790 476 1024 557 inpraesentia
1050 475 1247 554 discutiatur.
1292 477 1387 540 Certa
1402 477 1443 540 ab
1459 475 1510 542 in-

199 584 293 646 certis
309 583 526 666 sejungamus,
549 593 579 644 et
599 603 646 661 ea,
676 603 761 664 quae
789 583 916 646 nullam
939 605 1084 666 unquam
1115 583 1346 646 dubitationem
1369 581 1514 644 admise-
1577 619 1578 626 κ

199 699 282 770 runt,
298 692 340 752 ab
362 691 407 770 iia,
424 710 507 773 quae
531 693 565 753 in
589 691 725 754 dubium
751 692 865 754 cadere
887 703 1023 774 possunt
1038 694 1078 756 ob
1101 687 1186 754 faeta
1200 691 1362 774 proposita
1383 690 1417 752 in
1432 707 1511 751 con-

200 802 339 862 trarium.
385 801 516 864 Certum
532 800 689 882 imprimis
711 811 767 882 est,
784 802 911 864 nullum
938 822 1084 882 unquam
1099 803 1132 864 in
1156 803 1254 867 sacris
1271 801 1366 863 literis
1381 799 1511 862 factum

196 911 331 992 reperiri,
347 921 404 973 aut
426 912 558 994 probari,
575 931 640 992 quo
668 931 733 974 una
757 911 837 975 uxoi
852 911 997 993 pluribus
1019 912 1095 974 viris
1105 912 1218 996 juncta
1233 909 1508 992 deprehendatur;

194 1019 404 1100 quamobrem
432 1017 508 1080 facti
525 1018 698 1100 disputatio
713 1039 750 1080 eo
779 1029 907 1090 tantum
922 1015 1062 1096 refertur,
1088 1039 1130 1082 an
1147 1019 1203 1080 uni
1227 1017 1342 1078 marito
1365 1017 1422 1078 rite
1437 1031 1511 1096 per-

192 1127 330 1190 missum
345 1125 541 1210 quandoque
564 1127 725 1210 adpareat,
741 1126 849 1210 plures
865 1147 981 1190 uxores
1004 1126 1129 1188 ducere.
1174 1122 1300 1188 Deinde
1316 1123 1414 1183 etiarn
1439 1137 1511 1180 cer·

193 1251 263 1302 tum
278 1252 335 1318 est,
348 1241 535 1322 generaliter
552 1243 584 1304 in
601 1242 700 1302 sacris
716 1241 812 1302 literis
828 1239 928 1303 luisse
943 1239 1011 1302 viro
1027 1239 1231 1322 prohibitum,
1248 1257 1288 1299 ne
1300 1237 1406 1318 plures
1423 1252 1510 1296 uxo-

190 1365 240 1408 res
256 1345 394 1428 duceret,
419 1347 597 1432 etquidem
613 1369 650 1412 ea
666 1350 736 1432 ipsa
751 1349 821 1430 lege
845 1350 1119 1432 protoparentibus
1136 1347 1251 1410 nostris
1278 1345 1402 1424 tradita,
1418 1365 1508 1426 quae

190 1476 269 1519 sane
286 1459 441 1522 naturalis
456 1471 513 1538 est,
539 1459 620 1522 dum
636 1463 692 1522 uni
709 1461 776 1522 viro
800 1468 819 1526 a
835 1461 905 1526 Deo
924 1463 1039 1544 juncta
1054 1471 1182 1522 tanturn
1198 1459 1258 1524 suit
1274 1479 1340 1524 una
1355 1478 1445 1536 uxor,
1470 1473 1507 1525 et

187 1566 320 1648 quidem
334 1587 372 1630 eo
394 1578 543 1650 tempore,
560 1589 625 1650 quo
647 1571 790 1632 maxime
820 1570 957 1632 sollicita
978 1559 1093 1634 natura
1117 1570 1177 1634 luit
1198 1571 1238 1631 de
1255 1570 1508 1652 multiplicando

186 1670 358 1736 hominum
378 1694 520 1756 numero,
545 1675 624 1738 dum
649 1677 773 1740 dictum
802 1690 859 1754 est,
886 1679 1100 1742 arctissimam
1124 1698 1195 1742 esse
1221 1679 1335 1741 debere
1359 1681 1440 1742 iuter
1456 1684 1507 1742 vi-

185 1800 259 1844 rum
274 1793 305 1844 ct
327 1801 461 1846 uxorem
477 1783 759 1864 necessitudinem,
781 1785 996 1868 eamdemque
1011 1797 1042 1847 et
1064 1785 1165 1865 filiali,
1181 1795 1212 1847 et
1228 1799 1391 1848 maternae
1412 1805 1505 1867 prae-

185 1887 363 1972 ferendum,
379 1892 460 1976 dum
482 1893 606 1956 dictum
635 1903 690 1974 est
714 1914 848 1958 uxorem
878 1893 943 1958 fore
966 1896 1172 1980 adjutorium
1196 1893 1305 1957 simile
1325 1895 1402 1970 viro,
1419 1893 1504 1954 dum

185 2000 325 2084 denique
340 2001 464 2068 dictum
479 2014 536 2082 est,
552 2014 650 2068 erant
664 2005 729 2070 duo
744 2007 895 2070 iocerne
910 2027 987 2086 aaa,
1004 2025 1090 2088 quae
1103 2025 1181 2068 sane
1196 2025 1262 2068 non
1276 2006 1338 2070 nisi
1350 2007 1383 2068 in
1398 2025 1506 2068 uxore

185 2107 282 2168 unica
311 2107 470 2188 ducenda,
498 2129 573 2174 vera
599 2133 669 2174 esse
698 2125 841 2198 possunt.
887 2113 960 2176 Hac
989 2113 1173 2196 generalem
1201 2113 1306 2195 legem
1332 2113 1503 2178 renovanti

182 2218 275 2282 Deus
290 2219 324 2282 in
348 2220 598 2286 Deuteronomio
614 2243 681 2306 cap.
702 2227 749 2288 17.
767 2244 847 2286 vers.
873 2226 921 2289 17.
939 2225 992 2288 ibi:
1018 2225 1092 2290 Non
1106 2226 1238 2288 habebis
1252 2246 1372 2290 ora-ores
1388 2226 1503 2309 plari-

183 2348 266 2408 mae,
283 2351 366 2416 quae
395 2331 547 2396 alliciant
569 2334 723 2398 animum
737 2334 817 2417 ejaa
861 2333 901 2396 ln
923 2350 1010 2396 nora
1039 2343 1150 2394 autem
1175 2331 1245 2412 lege
1267 2329 1425 2394 naturalis
1440 2329 1507 2393 illa

183 2433 317 2496 unitatis
338 2437 517 2520 conjugalis
532 2438 685 2502 honestas
701 2441 854 2524 majorem
869 2439 978 2504 adhuc
1000 2439 1185 2503 firmitatem
1207 2441 1330 2522 accepit
1351 2439 1451 2506 immo
1466 2453 1504 2503 et

183 2545 226 2609 ad
241 2546 419 2612 eludendos
434 2569 658 2633 quoscumque
673 2561 858 2634 praetextus
870 2552 904 2633 in
919 2550 1101 2616 nitidiorem
1115 2550 1252 2614 formam
1269 2548 1424 2612 translata
1438 2562 1500 2624 est,

183 2651 315 2734 <ruendo
331 2654 479 2718 Christus
490 2657 652 2722 Dominus
670 2659 810 2742 primum
823 2659 966 2722 invectos
981 2659 1179 2723 Judaeorum
1190 2658 1311 2722 abusus
1327 2658 1504 2740 reprehen-

183 2757 281 2843 dens,
307 2764 418 2828 omnia
448 2765 611 2848 exigenda
639 2767 809 2832 mandavit
837 2766 880 2830 ad
909 2779 1193 2852 proptoparentum
1221 2768 1407 2852 conjugium
1433 2765 1501 2834 for.

185 2889 284 2952 mam,
307 2882 344 2935 ut
373 2872 439 2936 duo
460 2884 567 2938 essent
582 2875 617 2938 in
638 2894 735 2940 carne
751 2895 827 2956 una,
843 2887 875 2940 et
889 2877 1035 2942 recedere
1050 2876 1178 2942 deberet
1199 2877 1248 2940 vir
1262 2883 1283 2942 a
1298 2897 1500 2962 quacunque

184 2979 250 3043 alia
279 2982 374 3054 etiam
394 2993 565 3064 parentum
593 2983 838 3062 necessitudine,
856 2994 891 3050 ut
908 2985 999 3048 uxori
1028 2985 1130 3067 primo
1152 2983 1268 3048 ductae
1297 2983 1499 3066 adhaereret,

184 3088 301 3153 deinde
312 3110 415 3172 quum
437 3091 648 3170 mandaverit,
666 3103 702 3156 ut
723 3093 875 3175 abrogato
889 3092 997 3156 libello
1012 3091 1135 3174 repudii
1151 3091 1242 3153 nulla
1257 3091 1322 3154 alia
1338 3111 1419 3154 uxor
1441 3113 1502 3157 su.

185 3195 454 3280 perinduceretur,
480 3181 603 3280 'potiore
614 3200 688 3282 jura
716 3198 925 3262 mandavisse
947 3197 1142 3280 intelligitur,
1173 3208 1208 3262 ut
1225 3218 1266 3260 ne
1281 3199 1345 3260 alia
1360 3199 1499 3280 quidem

186 3302 486 3386 superinduceretur
511 3324 593 3368 uxor
621 3307 724 3388 prima
739 3315 771 3367 et
799 3304 943 3387 legitima
958 3323 1057 3366 uxore
1086 3313 1217 3384 retenta,
1245 3305 1401 3366 Matthaei
1421 3326 1498 3389 cap.

188 3417 246 3498 19,
262 3425 291 3478 et
307 3415 408 3478 Marci
438 3435 507 3496 cap.
526 3417 584 3498 10,
614 3415 753 3498 denique
782 3415 1025 3476 matrimonium
1050 3412 1190 3475 elevavit
1219 3413 1262 3476 acl
1291 3414 1498 3490 sacramenti

186 3521 384 3608 dignitatern,
412 3545 478 3608 qua
495 3527 590 3609 juxta
616 3525 760 3608 phrasim
784 3523 876 3587 Pauli
893 3523 926 3586 in
948 3543 1018 3604 cap.
1035 3524 1063 3584 5.
1080 3523 1122 3584 ad
1146 3523 1267 3606 Ephes
1285 3524 1317 3588 in
1340 3527 1498 3608 conjunc-

185 3635 272 3698 tione
287 3635 347 3697 viri
370 3645 400 3696 et
427 3637 544 3714 uxoris,
568 3635 751 3718 conjunctio
777 3633 896 3697 Christi
919 3645 949 3696 et
979 3633 1141 3696 Ecclesiae
1164 3635 1407 3718 significaretuu
1433 3658 1497 3704 un-

185 3746 225 3810 de
251 3747 527 3830 quemadmodum
550 3766 616 3809 una
642 3757 717 3824 erat,
739 3756 771 3806 et
795 3755 947 3826 perpetuo
969 3763 1036 3809 una
1061 3745 1200 3810 extitura
1222 3757 1304 3809 esset
1330 3747 1498 3840 Ecclesia,

184 3874 268 3938 quae
284 3855 411 3917 Christo
421 3856 625 3938 jungebatur,
642 3855 686 3915 ita
708 3863 739 3916 et
755 3873 822 3916 una
839 3873 918 3919 uxm
933 3873 1002 3914 esse
1018 3851 1146 3916 deberet
1161 3859 1181 3918 a
1201 3856 1314 3918 marito
1329 3856 1493 3926 ducenda.

184 3965 349 4030 Postremo
363 3975 486 4028 certum
509 3974 565 4042 est,
581 3965 678 4026 etiam
701 3963 789 4026 iniis
811 3962 889 4046 ipsis
904 3961 1032 4027 casibus
1054 3963 1220 4044 inquibus
1242 3965 1434 4033 exhibentur
1457 3972 1495 4035 in

182 4072 283 4135 saeris
305 4065 385 4156 'ipsis
408 4072 505 4134 literis
534 4073 683 4156 conjugia
705 4065 803 4136 uriius
833 4069 987 4137 ulricum
1018 4069 1163 4154 pluribus
1185 4070 1321 4148 seminis,
1345 4077 1495 4144 exbiberi

182 4193 345 4264 praeterea
360 4181 556 4264 emergentia
582 4180 717 4256 dissidia
739 4179 910 4243 familiaria
937 4181 1018 4242 inter
1040 4198 1156 4242 uxores
1172 4180 1257 4261 ipsas
1280 4180 1396 4263 plume,
1412 4183 1495 4249 item

182 4295 264 4356 inter
294 4293 377 4356 filios
399 4313 444 4355 ex
474 4291 609 4354 diversis
637 4290 793 4356 matribus
817 4292 951 4373 genitos
982 4293 1050 4378 ipso
1065 4302 1199 4354 naturae
1223 4290 1294 4374 jure
1316 4293 1489 4382 detestata

181 4391 270 4465 unde
284 4398 461 4479 deducitur,
485 4419 532 4480 ea,
547 4418 632 4484 quae
653 4399 773 4466 ibidem
789 4399 987 4479 adferuntur,
1011 4419 1074 4464 non
1090 4419 1159 4465 esse
1174 4401 1362 4484 generaliter
1375 4402 1493 4495 proba-
