<?xml version="1.0" encoding="UTF-8"?>
<!DOCTYPE html PUBLIC "-//W3C//DTD XHTML 1.0 Transitional//EN"
    "http://www.w3.org/TR/xhtml1/DTD/xhtml1-transitional.dtd">
<html xmlns="http://www.w3.org/1999/xhtml" xml:lang="en" lang="en">
 <head>
  <title>
</title>
<meta http-equiv="Content-Type" content="text/html;charset=utf-8" />
  <meta name='ocr-system' content='tesseract 3.04.00' />
  <meta name='ocr-capabilities' content='ocr_page ocr_carea ocr_par ocr_line ocrx_word'/>
</head>
<body>
  <div class='ocr_page' id='page_1' title='image "./carolisebastian00beragoog_0053.png"; bbox 0 0 3276 4984; ppageno 0'>
   <div class='ocr_carea' id='block_1_1' title="bbox 228 379 1205 458">
    <p class='ocr_par' dir='ltr' id='par_1_1' title="bbox 228 379 1205 458">
     <span class='ocr_line' id='line_1_1' title="bbox 228 379 1205 458; baseline -0.003 -12"><span class='ocrx_word' id='word_1_1' title='bbox 228 381 270 446; x_wconf 83' lang='lat' dir='ltr'><strong>te</strong></span> <span class='ocrx_word' id='word_1_2' title='bbox 558 397 803 450; x_wconf 74' lang='lat' dir='ltr'><strong>presumente</strong></span> <span class='ocrx_word' id='word_1_3' title='bbox 816 397 953 458; x_wconf 71' lang='lat' dir='ltr'><strong>sarna,</strong></span> <span class='ocrx_word' id='word_1_4' title='bbox 975 397 1126 448; x_wconf 75' lang='lat' dir='ltr'><strong>annnam</strong></span> <span class='ocrx_word' id='word_1_5' title='bbox 1150 379 1205 444; x_wconf 83' lang='lat' dir='ltr'><strong>IV.</strong></span> 
     </span>
    </p>
   </div>
   <div class='ocr_carea' id='block_1_2' title="bbox 142 519 1632 4544">
    <p class='ocr_par' dir='ltr' id='par_1_2' title="bbox 142 519 1632 4544">
     <span class='ocr_line' id='line_1_2' title="bbox 229 519 1537 608; baseline 0.004 -24"><span class='ocrx_word' id='word_1_6' title='bbox 229 542 306 608; x_wconf 90' lang='lat' dir='ltr'><strong>psos</strong></span> <span class='ocrx_word' id='word_1_7' title='bbox 318 521 621 600; x_wconf 65' lang='lat' dir='ltr'><strong>concubinariorum</strong></span> <span class='ocrx_word' id='word_1_8' title='bbox 635 521 758 585; x_wconf 85' lang='lat' dir='ltr'><strong>abusus</strong></span> <span class='ocrx_word' id='word_1_9' title='bbox 772 519 811 584; x_wconf 80' lang='lat' dir='ltr'><strong>ri</strong></span> <span class='ocrx_word' id='word_1_10' title='bbox 821 519 1025 602; x_wconf 78' lang='lat' dir='ltr'><strong>publicarum</strong></span> <span class='ocrx_word' id='word_1_11' title='bbox 1037 521 1239 586; x_wconf 80' lang='lat' dir='ltr'><strong>mulionum·</strong></span> <span class='ocrx_word' id='word_1_12' title='bbox 1247 519 1537 589; x_wconf 69' lang='lat' dir='ltr'><strong>marimanam-</strong></span> 
     </span>
     <span class='ocr_line' id='line_1_3' title="bbox 233 627 1536 715; baseline -0.002 -19"><span class='ocrx_word' id='word_1_13' title='bbox 233 643 356 715; x_wconf 73' lang='lat' dir='ltr'><strong>rerunt,</strong></span> <span class='ocrx_word' id='word_1_14' title='bbox 381 633 558 712; x_wconf 53' lang='lat' dir='ltr'><strong>intertquos</strong></span> <span class='ocrx_word' id='word_1_15' title='bbox 581 627 912 712; x_wconf 61' lang='lat' dir='ltr'><strong>Augustinuaeujus</strong></span> <span class='ocrx_word' id='word_1_16' title='bbox 936 629 1127 694; x_wconf 74' lang='lat' dir='ltr'><strong>verbs‘sunt</strong></span> <span class='ocrx_word' id='word_1_17' title='bbox 1151 630 1187 694; x_wconf 88' lang='lat' dir='ltr'><strong>in</strong></span> <span class='ocrx_word' id='word_1_18' title='bbox 1201 645 1272 694; x_wconf 87' lang='lat' dir='ltr'><strong>ean.</strong></span> <span class='ocrx_word' id='word_1_19' title='bbox 1286 630 1317 694; x_wconf 86' lang='grc'><strong>6.</strong></span> <span class='ocrx_word' id='word_1_20' title='bbox 1340 629 1412 694; x_wconf 84' lang='lat' dir='ltr'><strong>dist</strong></span> <span class='ocrx_word' id='word_1_21' title='bbox 1427 631 1489 709; x_wconf 72' lang='lat' dir='ltr'><strong>bd,</strong></span> <span class='ocrx_word' id='word_1_22' title='bbox 1504 643 1536 694; x_wconf 89' lang='lat' dir='ltr'><strong>et</strong></span> 
     </span>
     <span class='ocr_line' id='line_1_4' title="bbox 142 716 1536 821; baseline 0.001 -18"><span class='ocrx_word' id='word_1_23' title='bbox 142 765 143 770; x_wconf 42' lang='lat'>¹</span> <span class='ocrx_word' id='word_1_24' title='bbox 229 716 301 803; x_wconf 80' lang='lat' dir='ltr'><strong>cair.</strong></span> <span class='ocrx_word' id='word_1_25' title='bbox 318 742 346 803; x_wconf 85' lang='lat'><strong>5.</strong></span> <span class='ocrx_word' id='word_1_26' title='bbox 363 757 402 803; x_wconf 87' lang='lat' dir='ltr'><strong>ac</strong></span> <span class='ocrx_word' id='word_1_27' title='bbox 416 739 446 802; x_wconf 85' lang='grc'><strong>7.</strong></span> <span class='ocrx_word' id='word_1_28' title='bbox 462 757 550 802; x_wconf 86' lang='lat' dir='ltr'><strong>caus.</strong></span> <span class='ocrx_word' id='word_1_29' title='bbox 566 737 616 802; x_wconf 84' lang='lat'><strong>32.</strong></span> <span class='ocrx_word' id='word_1_30' title='bbox 632 746 755 819; x_wconf 89' lang='lat' dir='ltr'><strong>quaest.</strong></span> <span class='ocrx_word' id='word_1_31' title='bbox 771 737 811 816; x_wconf 82' lang='lat'><strong>2,</strong></span> <span class='ocrx_word' id='word_1_32' title='bbox 826 737 941 821; x_wconf 80' lang='lat' dir='ltr'><strong>ajebat,</strong></span> <span class='ocrx_word' id='word_1_33' title='bbox 952 755 1022 820; x_wconf 86' lang='lat' dir='ltr'><strong>nou</strong></span> <span class='ocrx_word' id='word_1_34' title='bbox 1034 737 1129 802; x_wconf 87' lang='lat' dir='ltr'><strong>licere</strong></span> <span class='ocrx_word' id='word_1_35' title='bbox 1141 737 1210 802; x_wconf 83' lang='lat' dir='ltr'><strong>ulio</strong></span> <span class='ocrx_word' id='word_1_36' title='bbox 1221 737 1318 807; x_wconf 87' lang='lat' dir='ltr'><strong>modo</strong></span> <span class='ocrx_word' id='word_1_37' title='bbox 1332 759 1408 804; x_wconf 79' lang='lat' dir='ltr'><strong>earn</strong></span> <span class='ocrx_word' id='word_1_38' title='bbox 1420 757 1536 804; x_wconf 89' lang='lat' dir='ltr'><strong>concu-</strong></span> 
     </span>
     <span class='ocr_line' id='line_1_5' title="bbox 233 845 1538 944; baseline 0.003 -34"><span class='ocrx_word' id='word_1_39' title='bbox 233 847 344 942; x_wconf 80' lang='lat' dir='ltr'><strong>binam</strong></span> <span class='ocrx_word' id='word_1_40' title='bbox 358 845 484 925; x_wconf 89' lang='lat' dir='ltr'><strong>hebere,</strong></span> <span class='ocrx_word' id='word_1_41' title='bbox 499 863 602 944; x_wconf 71' lang='lat' dir='ltr'><strong>quam</strong></span> <span class='ocrx_word' id='word_1_42' title='bbox 616 845 689 927; x_wconf 84' lang='lat' dir='ltr'><strong>quis</strong></span> <span class='ocrx_word' id='word_1_43' title='bbox 704 858 788 908; x_wconf 86' lang='lat' dir='ltr'><strong>esset</strong></span> <span class='ocrx_word' id='word_1_44' title='bbox 801 855 918 928; x_wconf 80' lang='lat' dir='ltr'><strong>postea·</strong></span> <span class='ocrx_word' id='word_1_45' title='bbox 932 862 989 928; x_wconf 86' lang='lat' dir='ltr'><strong>pru</strong></span> <span class='ocrx_word' id='word_1_46' title='bbox 1004 847 1108 914; x_wconf 87' lang='lat' dir='ltr'><strong>lubitu</strong></span> <span class='ocrx_word' id='word_1_47' title='bbox 1130 846 1332 918; x_wconf 77' lang='lat' dir='ltr'><strong>dimissums.</strong></span> <span class='ocrx_word' id='word_1_48' title='bbox 1375 849 1473 914; x_wconf 89' lang='lat' dir='ltr'><strong>Nune</strong></span> <span class='ocrx_word' id='word_1_49' title='bbox 1487 869 1538 913; x_wconf 85' lang='lat' dir='ltr'><strong>sa·</strong></span> 
     </span>
     <span class='ocr_line' id='line_1_6' title="bbox 230 957 1537 1052; baseline 0 -28"><span class='ocrx_word' id='word_1_50' title='bbox 230 979 272 1024; x_wconf 91' lang='lat' dir='ltr'><strong>ne</strong></span> <span class='ocrx_word' id='word_1_51' title='bbox 287 960 425 1052; x_wconf 83' lang='lat' dir='ltr'><strong>quisque</strong></span> <span class='ocrx_word' id='word_1_52' title='bbox 440 957 596 1040; x_wconf 79' lang='lat' dir='ltr'><strong>intelliget</strong></span> <span class='ocrx_word' id='word_1_53' title='bbox 610 957 811 1028; x_wconf 81' lang='lat' dir='ltr'><strong>senteutiam.</strong></span> <span class='ocrx_word' id='word_1_54' title='bbox 829 958 958 1022; x_wconf 76' lang='lat' dir='ltr'><strong>Leonis·</strong></span> <span class='ocrx_word' id='word_1_55' title='bbox 970 957 1084 1042; x_wconf 84' lang='lat' dir='ltr'><strong>Magni</strong></span> <span class='ocrx_word' id='word_1_56' title='bbox 1099 960 1132 1022; x_wconf 93' lang='lat' dir='ltr'><strong>in</strong></span> <span class='ocrx_word' id='word_1_57' title='bbox 1156 959 1295 1042; x_wconf 88' lang='lat' dir='ltr'><strong>epistola</strong></span> <span class='ocrx_word' id='word_1_58' title='bbox 1305 959 1350 1022; x_wconf 87' lang='lat' dir='ltr'><strong>ed</strong></span> <span class='ocrx_word' id='word_1_59' title='bbox 1363 961 1537 1026; x_wconf 84' lang='lat' dir='ltr'><strong>Rusticum</strong></span> 
     </span>
     <span class='ocr_line' id='line_1_7' title="bbox 231 1069 1536 1160; baseline -0.004 -23"><span class='ocrx_word' id='word_1_60' title='bbox 231 1074 485 1160; x_wconf 78' lang='lat' dir='ltr'><strong>Narbonensem,</strong></span> <span class='ocrx_word' id='word_1_61' title='bbox 499 1071 594 1154; x_wconf 90' lang='lat' dir='ltr'><strong>cujus</strong></span> <span class='ocrx_word' id='word_1_62' title='bbox 610 1069 828 1152; x_wconf 72' lang='lat' dir='ltr'>fragmentum</span> <span class='ocrx_word' id='word_1_63' title='bbox 842 1079 934 1132; x_wconf 82' lang='lat' dir='ltr'><strong>extat</strong></span> <span class='ocrx_word' id='word_1_64' title='bbox 947 1072 981 1132; x_wconf 84' lang='lat' dir='ltr'><strong>in</strong></span> <span class='ocrx_word' id='word_1_65' title='bbox 996 1089 1068 1133; x_wconf 80' lang='lat' dir='ltr'><strong>can.</strong></span> <span class='ocrx_word' id='word_1_66' title='bbox 1078 1071 1128 1132; x_wconf 90' lang='lat' dir='ltr'><strong>ll.</strong></span> <span class='ocrx_word' id='word_1_67' title='bbox 1143 1083 1177 1134; x_wconf 92' lang='lat' dir='ltr'><strong>et</strong></span> <span class='ocrx_word' id='word_1_68' title='bbox 1193 1071 1241 1134; x_wconf 77' lang='lat'><strong>12.</strong></span> <span class='ocrx_word' id='word_1_69' title='bbox 1254 1071 1403 1136; x_wconf 53' lang='lat' dir='ltr'><strong>catinia</strong></span> <span class='ocrx_word' id='word_1_70' title='bbox 1413 1085 1536 1155; x_wconf 88' lang='lat' dir='ltr'><strong>quaest.</strong></span> 
     </span>
     <span class='ocr_line' id='line_1_8' title="bbox 230 1174 1538 1270; baseline 0.002 -28"><span class='ocrx_word' id='word_1_71' title='bbox 230 1181 270 1270; x_wconf 73' lang='lat'><strong>2,</strong></span> <span class='ocrx_word' id='word_1_72' title='bbox 287 1179 342 1242; x_wconf 93' lang='lat' dir='ltr'><strong>ubi</strong></span> <span class='ocrx_word' id='word_1_73' title='bbox 356 1177 499 1266; x_wconf 74' lang='lat' dir='ltr'><strong>Sanctus</strong></span> <span class='ocrx_word' id='word_1_74' title='bbox 522 1174 675 1256; x_wconf 62' lang='lat' dir='ltr'><strong>Bentifex</strong></span> <span class='ocrx_word' id='word_1_75' title='bbox 688 1178 943 1244; x_wconf 86' lang='lat' dir='ltr'><strong>connrtbiuetum</strong></span> <span class='ocrx_word' id='word_1_76' title='bbox 955 1241 958 1252; x_wconf 49' lang='lat'><strong>,</strong></span> <span class='ocrx_word' id='word_1_77' title='bbox 968 1179 1014 1242; x_wconf 89' lang='lat' dir='ltr'><strong>ita</strong></span> <span class='ocrx_word' id='word_1_78' title='bbox 1029 1179 1208 1262; x_wconf 84' lang='lat' dir='ltr'><strong>improbare</strong></span> <span class='ocrx_word' id='word_1_79' title='bbox 1220 1179 1341 1260; x_wconf 84' lang='lat' dir='ltr'>debuit,</span> <span class='ocrx_word' id='word_1_80' title='bbox 1357 1191 1394 1244; x_wconf 90' lang='lat' dir='ltr'><strong>ut</strong></span> <span class='ocrx_word' id='word_1_81' title='bbox 1404 1179 1538 1264; x_wconf 81' lang='lat' dir='ltr'><strong>&#39;exopta-</strong></span> 
     </span>
     <span class='ocr_line' id='line_1_9' title="bbox 230 1285 1534 1376; baseline 0 -22"><span class='ocrx_word' id='word_1_82' title='bbox 230 1301 278 1354; x_wconf 89' lang='lat' dir='ltr'><strong>ret</strong></span> <span class='ocrx_word' id='word_1_83' title='bbox 292 1307 348 1372; x_wconf 87' lang='lat' dir='ltr'><strong>pro</strong></span> <span class='ocrx_word' id='word_1_84' title='bbox 362 1285 550 1353; x_wconf 81' lang='lat' dir='ltr'><strong>concubinis</strong></span> <span class='ocrx_word' id='word_1_85' title='bbox 559 1288 666 1370; x_wconf 80' lang='lat' dir='ltr'><strong>justes</strong></span> <span class='ocrx_word' id='word_1_86' title='bbox 692 1303 809 1352; x_wconf 83' lang='lat' dir='ltr'><strong>uxores</strong></span> <span class='ocrx_word' id='word_1_87' title='bbox 822 1287 1056 1368; x_wconf 29' lang='lat' dir='ltr'><strong>indiccilquasi</strong></span> <span class='ocrx_word' id='word_1_88' title='bbox 1071 1289 1232 1353; x_wconf 72' lang='lat' dir='ltr'><strong>cnnlltnn</strong></span> <span class='ocrx_word' id='word_1_89' title='bbox 1245 1299 1267 1356; x_wconf 87' lang='lat' dir='ltr'><strong>c</strong></span> <span class='ocrx_word' id='word_1_90' title='bbox 1281 1291 1372 1354; x_wconf 74' lang='lat' dir='ltr'><strong>thoro</strong></span> <span class='ocrx_word' id='word_1_91' title='bbox 1386 1290 1534 1376; x_wconf 78' lang='lat' dir='ltr'><strong>abjicere,</strong></span> 
     </span>
     <span class='ocr_line' id='line_1_10' title="bbox 231 1399 1539 1488; baseline 0.003 -24"><span class='ocrx_word' id='word_1_92' title='bbox 231 1411 263 1464; x_wconf 88' lang='lat' dir='ltr'><strong>et</strong></span> <span class='ocrx_word' id='word_1_93' title='bbox 278 1421 416 1466; x_wconf 77' lang='lat' dir='ltr'><strong>tenerent</strong></span> <span class='ocrx_word' id='word_1_94' title='bbox 429 1409 534 1465; x_wconf 86' lang='lat' dir='ltr'><strong>certae</strong></span> <span class='ocrx_word' id='word_1_95' title='bbox 548 1399 774 1481; x_wconf 75' lang='lat' dir='ltr'><strong>ingenuitatis</strong></span> <span class='ocrx_word' id='word_1_96' title='bbox 783 1401 939 1484; x_wconf 70' lang='lat' dir='ltr'><strong>accipere,</strong></span> <span class='ocrx_word' id='word_1_97' title='bbox 954 1419 1021 1463; x_wconf 86' lang='lat' dir='ltr'><strong>non</strong></span> <span class='ocrx_word' id='word_1_98' title='bbox 1030 1399 1214 1484; x_wconf 77' lang='lat' dir='ltr'><strong>duplicatio</strong></span> <span class='ocrx_word' id='word_1_99' title='bbox 1224 1403 1387 1486; x_wconf 73' lang='lat' dir='ltr'><strong>ccrtjngii·</strong></span> <span class='ocrx_word' id='word_1_100' title='bbox 1397 1404 1539 1488; x_wconf 73' lang='lat' dir='ltr'><strong>accipre</strong></span> 
     </span>
     <span class='ocr_line' id='line_1_11' title="bbox 221 1505 1539 1598; baseline -0.005 -20"><span class='ocrx_word' id='word_1_101' title='bbox 221 1515 339 1598; x_wconf 78' lang='lat' dir='ltr'><strong>sectnc</strong></span> <span class='ocrx_word' id='word_1_102' title='bbox 352 1511 398 1576; x_wconf 84' lang='lat' dir='ltr'><strong>sit</strong></span> <span class='ocrx_word' id='word_1_103' title='bbox 417 1509 610 1574; x_wconf 59' lang='lat' dir='ltr'><strong>‘lmentatia</strong></span> <span class='ocrx_word' id='word_1_104' title='bbox 654 1507 728 1570; x_wconf 89' lang='lat' dir='ltr'><strong>Non</strong></span> <span class='ocrx_word' id='word_1_105' title='bbox 742 1508 830 1571; x_wconf 88' lang='lat' dir='ltr'><strong>enirn</strong></span> <span class='ocrx_word' id='word_1_106' title='bbox 854 1508 917 1570; x_wconf 85' lang='lat' dir='ltr'><strong>iste</strong></span> <span class='ocrx_word' id='word_1_107' title='bbox 931 1525 973 1569; x_wconf 88' lang='lat' dir='ltr'><strong>eo</strong></span> <span class='ocrx_word' id='word_1_108' title='bbox 983 1507 1151 1590; x_wconf 86' lang='lat' dir='ltr'><strong>pertinent,</strong></span> <span class='ocrx_word' id='word_1_109' title='bbox 1168 1518 1208 1570; x_wconf 85' lang='lat' dir='ltr'><strong>nt</strong></span> <span class='ocrx_word' id='word_1_110' title='bbox 1226 1507 1410 1589; x_wconf 87' lang='lat' dir='ltr'><strong>traderetur,</strong></span> <span class='ocrx_word' id='word_1_111' title='bbox 1426 1505 1539 1572; x_wconf 89' lang='lat' dir='ltr'><strong>dissol-</strong></span> 
     </span>
     <span class='ocr_line' id='line_1_12' title="bbox 234 1615 1540 1700; baseline -0.002 -16"><span class='ocrx_word' id='word_1_112' title='bbox 234 1621 379 1687; x_wconf 81' lang='lat' dir='ltr'><strong>vendum</strong></span> <span class='ocrx_word' id='word_1_113' title='bbox 392 1639 463 1683; x_wconf 88' lang='lat' dir='ltr'><strong>esse</strong></span> <span class='ocrx_word' id='word_1_114' title='bbox 487 1637 611 1698; x_wconf 82' lang='lat' dir='ltr'><strong>verum,</strong></span> <span class='ocrx_word' id='word_1_115' title='bbox 625 1627 659 1682; x_wconf 85' lang='lat' dir='ltr'><strong>et</strong></span> <span class='ocrx_word' id='word_1_116' title='bbox 672 1617 796 1700; x_wconf 84' lang='lat' dir='ltr'><strong>proprie</strong></span> <span class='ocrx_word' id='word_1_117' title='bbox 810 1615 934 1680; x_wconf 86' lang='lat' dir='ltr'><strong>dictum</strong></span> <span class='ocrx_word' id='word_1_118' title='bbox 957 1615 1213 1682; x_wconf 84' lang='lat' dir='ltr'><strong>concubinatum</strong></span> <span class='ocrx_word' id='word_1_119' title='bbox 1227 1635 1285 1700; x_wconf 89' lang='lat' dir='ltr'><strong>per</strong></span> <span class='ocrx_word' id='word_1_120' title='bbox 1297 1618 1540 1682; x_wconf 86' lang='lat' dir='ltr'><strong>matrimonium</strong></span> 
     </span>
     <span class='ocr_line' id='line_1_13' title="bbox 225 1723 1540 1814; baseline 0 -22"><span class='ocrx_word' id='word_1_121' title='bbox 225 1730 353 1814; x_wconf 89' lang='lat' dir='ltr'><strong>justum</strong></span> <span class='ocrx_word' id='word_1_122' title='bbox 367 1747 445 1790; x_wconf 88' lang='lat' dir='ltr'><strong>curn</strong></span> <span class='ocrx_word' id='word_1_123' title='bbox 458 1725 560 1790; x_wconf 85' lang='lat' dir='ltr'><strong>altera</strong></span> <span class='ocrx_word' id='word_1_124' title='bbox 574 1725 841 1806; x_wconf 71' lang='lat' dir='ltr'><strong>contrahendum</strong></span> <span class='ocrx_word' id='word_1_125' title='bbox 858 1724 914 1787; x_wconf 90' lang='lat' dir='ltr'><strong>sed</strong></span> <span class='ocrx_word' id='word_1_126' title='bbox 931 1723 1038 1808; x_wconf 90' lang='lat' dir='ltr'><strong>potins</strong></span> <span class='ocrx_word' id='word_1_127' title='bbox 1054 1742 1101 1794; x_wconf 77' lang='lat' dir='ltr'><strong>eo.</strong></span> <span class='ocrx_word' id='word_1_128' title='bbox 1117 1735 1154 1790; x_wconf 85' lang='lat' dir='ltr'><strong>ut</strong></span> <span class='ocrx_word' id='word_1_129' title='bbox 1168 1723 1352 1806; x_wconf 86' lang='lat' dir='ltr'><strong>traderetur,</strong></span> <span class='ocrx_word' id='word_1_130' title='bbox 1363 1726 1540 1792; x_wconf 85' lang='lat' dir='ltr'><strong>dissolven-</strong></span> 
     </span>
     <span class='ocr_line' id='line_1_14' title="bbox 231 1815 1541 1919; baseline -0.002 -17"><span class='ocrx_word' id='word_1_131' title='bbox 231 1815 293 1902; x_wconf 86' lang='lat' dir='ltr'><strong>das</strong></span> <span class='ocrx_word' id='word_1_132' title='bbox 306 1855 378 1900; x_wconf 89' lang='lat' dir='ltr'><strong>esse</strong></span> <span class='ocrx_word' id='word_1_133' title='bbox 392 1856 448 1900; x_wconf 90' lang='lat' dir='ltr'><strong>eas</strong></span> <span class='ocrx_word' id='word_1_134' title='bbox 461 1835 711 1919; x_wconf 87' lang='lat' dir='ltr'><strong>conjunctiones,</strong></span> <span class='ocrx_word' id='word_1_135' title='bbox 726 1853 810 1916; x_wconf 86' lang='lat' dir='ltr'><strong>quas</strong></span> <span class='ocrx_word' id='word_1_136' title='bbox 822 1833 963 1915; x_wconf 81' lang='lat' dir='ltr'><strong>quidam</strong></span> <span class='ocrx_word' id='word_1_137' title='bbox 979 1833 1097 1898; x_wconf 88' lang='lat' dir='ltr'><strong>inirent</strong></span> <span class='ocrx_word' id='word_1_138' title='bbox 1111 1834 1221 1902; x_wconf 85' lang='lat' dir='ltr'><strong>animo</strong></span> <span class='ocrx_word' id='word_1_139' title='bbox 1231 1833 1421 1916; x_wconf 71' lang='lat' dir='ltr'><strong>desinendi,</strong></span> <span class='ocrx_word' id='word_1_140' title='bbox 1435 1852 1541 1918; x_wconf 85' lang='lat' dir='ltr'><strong>quan-</strong></span> 
     </span>
     <span class='ocr_line' id='line_1_15' title="bbox 232 1937 1540 2031; baseline -0.002 -19"><span class='ocrx_word' id='word_1_141' title='bbox 232 1949 416 2031; x_wconf 89' lang='lat' dir='ltr'><strong>documque</strong></span> <span class='ocrx_word' id='word_1_142' title='bbox 431 1945 599 2024; x_wconf 84' lang='lat' dir='ltr'><strong>voluerint,</strong></span> <span class='ocrx_word' id='word_1_143' title='bbox 622 1944 837 2008; x_wconf 85' lang='lat' dir='ltr'><strong>concubinam</strong></span> <span class='ocrx_word' id='word_1_144' title='bbox 859 1944 955 2028; x_wconf 84' lang='lat' dir='ltr'><strong>juxta</strong></span> <span class='ocrx_word' id='word_1_145' title='bbox 969 1954 1135 2026; x_wconf 86' lang='lat' dir='ltr'><strong>corruptos</strong></span> <span class='ocrx_word' id='word_1_146' title='bbox 1157 1937 1232 2028; x_wconf 83' lang='lat' dir='ltr'><strong>ejus</strong></span> <span class='ocrx_word' id='word_1_147' title='bbox 1247 1947 1398 2026; x_wconf 75' lang='lat' dir='ltr'><strong>temporis</strong></span> <span class='ocrx_word' id='word_1_148' title='bbox 1423 1961 1540 2028; x_wconf 80' lang='lat' dir='ltr'><strong>mores3</strong></span> 
     </span>
     <span class='ocr_line' id='line_1_16' title="bbox 231 2051 1541 2145; baseline -0.001 -20"><span class='ocrx_word' id='word_1_149' title='bbox 231 2079 319 2145; x_wconf 86' lang='lat' dir='ltr'><strong>qnae</strong></span> <span class='ocrx_word' id='word_1_150' title='bbox 333 2079 412 2124; x_wconf 86' lang='lat' dir='ltr'><strong>sane</strong></span> <span class='ocrx_word' id='word_1_151' title='bbox 427 2057 611 2142; x_wconf 86' lang='lat' dir='ltr'><strong>conjunctio</strong></span> <span class='ocrx_word' id='word_1_152' title='bbox 623 2072 667 2120; x_wconf 89' lang='lat' dir='ltr'><strong>ne</strong></span> <span class='ocrx_word' id='word_1_153' title='bbox 680 2055 820 2120; x_wconf 81' lang='lat' dir='ltr'><strong>naturali</strong></span> <span class='ocrx_word' id='word_1_154' title='bbox 834 2051 968 2138; x_wconf 88' lang='lat' dir='ltr'><strong>quidem</strong></span> <span class='ocrx_word' id='word_1_155' title='bbox 978 2055 1050 2138; x_wconf 86' lang='lat' dir='ltr'><strong>jure</strong></span> <span class='ocrx_word' id='word_1_156' title='bbox 1071 2065 1228 2137; x_wconf 84' lang='lat' dir='ltr'><strong>tanquam</strong></span> <span class='ocrx_word' id='word_1_157' title='bbox 1241 2057 1429 2140; x_wconf 82' lang='lat' dir='ltr'><strong>conjugium</strong></span> <span class='ocrx_word' id='word_1_158' title='bbox 1444 2057 1541 2124; x_wconf 84' lang='lat' dir='ltr'><strong>hahe-</strong></span> 
     </span>
     <span class='ocr_line' id='line_1_17' title="bbox 234 2161 1541 2253; baseline -0.005 -18"><span class='ocrx_word' id='word_1_159' title='bbox 234 2171 261 2234; x_wconf 85' lang='lat' dir='ltr'><strong>ri</strong></span> <span class='ocrx_word' id='word_1_160' title='bbox 275 2177 406 2253; x_wconf 83' lang='lat' dir='ltr'><strong>poterat,</strong></span> <span class='ocrx_word' id='word_1_161' title='bbox 434 2165 567 2250; x_wconf 88' lang='lat' dir='ltr'><strong>qnando</strong></span> <span class='ocrx_word' id='word_1_162' title='bbox 582 2163 714 2229; x_wconf 73' lang='lat' dir='ltr'><strong>tradidit</strong></span> <span class='ocrx_word' id='word_1_163' title='bbox 738 2161 912 2244; x_wconf 81' lang='lat' dir='ltr'><strong>Gregorius</strong></span> <span class='ocrx_word' id='word_1_164' title='bbox 926 2161 987 2226; x_wconf 84' lang='lat' dir='ltr'><strong>lX.</strong></span> <span class='ocrx_word' id='word_1_165' title='bbox 1003 2163 1038 2225; x_wconf 90' lang='lat' dir='ltr'><strong>in</strong></span> <span class='ocrx_word' id='word_1_166' title='bbox 1053 2179 1123 2245; x_wconf 85' lang='lat' dir='ltr'><strong>cap.</strong></span> <span class='ocrx_word' id='word_1_167' title='bbox 1150 2162 1207 2226; x_wconf 90' lang='lat' dir='ltr'><strong>ult.</strong></span> <span class='ocrx_word' id='word_1_168' title='bbox 1222 2163 1264 2226; x_wconf 89' lang='lat' dir='ltr'><strong>de</strong></span> <span class='ocrx_word' id='word_1_169' title='bbox 1286 2163 1404 2228; x_wconf 85' lang='lat' dir='ltr'><strong>condit</strong></span> <span class='ocrx_word' id='word_1_170' title='bbox 1420 2183 1541 2250; x_wconf 78' lang='lat' dir='ltr'><strong>appas,</strong></span> 
     </span>
     <span class='ocr_line' id='line_1_18' title="bbox 235 2269 1543 2358; baseline 0 -18"><span class='ocrx_word' id='word_1_171' title='bbox 235 2277 360 2340; x_wconf 86' lang='lat' dir='ltr'><strong>irritum</strong></span> <span class='ocrx_word' id='word_1_172' title='bbox 375 2293 445 2338; x_wconf 87' lang='lat' dir='ltr'><strong>esse</strong></span> <span class='ocrx_word' id='word_1_173' title='bbox 460 2272 648 2358; x_wconf 84' lang='lat' dir='ltr'><strong>conjugium</strong></span> <span class='ocrx_word' id='word_1_174' title='bbox 662 2291 702 2335; x_wconf 84' lang='lat' dir='ltr'><strong>en</strong></span> <span class='ocrx_word' id='word_1_175' title='bbox 716 2270 908 2350; x_wconf 87' lang='lat' dir='ltr'><strong>conditione,</strong></span> <span class='ocrx_word' id='word_1_176' title='bbox 923 2281 960 2337; x_wconf 91' lang='lat' dir='ltr'><strong>ut</strong></span> <span class='ocrx_word' id='word_1_177' title='bbox 986 2280 1113 2334; x_wconf 88' lang='lat' dir='ltr'><strong>tentum</strong></span> <span class='ocrx_word' id='word_1_178' title='bbox 1128 2269 1169 2336; x_wconf 89' lang='lat' dir='ltr'><strong>ad</strong></span> <span class='ocrx_word' id='word_1_179' title='bbox 1183 2283 1309 2336; x_wconf 88' lang='lat' dir='ltr'><strong>certum</strong></span> <span class='ocrx_word' id='word_1_180' title='bbox 1325 2283 1452 2357; x_wconf 87' lang='lat' dir='ltr'><strong>tempus</strong></span> <span class='ocrx_word' id='word_1_181' title='bbox 1466 2293 1543 2340; x_wconf 91' lang='lat' dir='ltr'><strong>con-</strong></span> 
     </span>
     <span class='ocr_line' id='line_1_19' title="bbox 235 2377 1542 2466; baseline 0.002 -20"><span class='ocrx_word' id='word_1_182' title='bbox 235 2391 374 2446; x_wconf 88' lang='lat' dir='ltr'><strong>tractum</strong></span> <span class='ocrx_word' id='word_1_183' title='bbox 388 2379 625 2462; x_wconf 74' lang='lat' dir='ltr'><strong>intelligeretur.</strong></span> <span class='ocrx_word' id='word_1_184' title='bbox 667 2377 770 2450; x_wconf 77' lang='lat' dir='ltr'><strong>Quod</strong></span> <span class='ocrx_word' id='word_1_185' title='bbox 784 2379 812 2442; x_wconf 85' lang='lat' dir='ltr'><strong>si</strong></span> <span class='ocrx_word' id='word_1_186' title='bbox 826 2381 860 2442; x_wconf 92' lang='lat' dir='ltr'><strong>in</strong></span> <span class='ocrx_word' id='word_1_187' title='bbox 876 2377 1017 2442; x_wconf 88' lang='lat' dir='ltr'><strong>laudatis</strong></span> <span class='ocrx_word' id='word_1_188' title='bbox 1039 2379 1221 2444; x_wconf 79' lang='lat' dir='ltr'><strong>canonibus</strong></span> <span class='ocrx_word' id='word_1_189' title='bbox 1237 2379 1270 2443; x_wconf 94' lang='lat' dir='ltr'><strong>id</strong></span> <span class='ocrx_word' id='word_1_190' title='bbox 1286 2399 1350 2444; x_wconf 92' lang='lat' dir='ltr'><strong>non</strong></span> <span class='ocrx_word' id='word_1_191' title='bbox 1365 2393 1473 2466; x_wconf 87' lang='lat' dir='ltr'><strong>aperte</strong></span> <span class='ocrx_word' id='word_1_192' title='bbox 1487 2401 1542 2448; x_wconf 83' lang='lat' dir='ltr'><strong>ex·</strong></span> 
     </span>
     <span class='ocr_line' id='line_1_20' title="bbox 235 2483 1543 2576; baseline 0.002 -21"><span class='ocrx_word' id='word_1_193' title='bbox 235 2490 389 2576; x_wconf 84' lang='lat' dir='ltr'><strong>primitur,</strong></span> <span class='ocrx_word' id='word_1_194' title='bbox 402 2507 543 2574; x_wconf 84' lang='lat' dir='ltr'><strong>provoco</strong></span> <span class='ocrx_word' id='word_1_195' title='bbox 556 2507 617 2572; x_wconf 81' lang='lat' dir='ltr'><strong>ego</strong></span> <span class='ocrx_word' id='word_1_196' title='bbox 630 2487 675 2554; x_wconf 85' lang='lat' dir='ltr'><strong>ad</strong></span> <span class='ocrx_word' id='word_1_197' title='bbox 690 2488 847 2572; x_wconf 74' lang='lat' dir='ltr'><strong>integram</strong></span> <span class='ocrx_word' id='word_1_198' title='bbox 859 2487 1012 2571; x_wconf 86' lang='lat' dir='ltr'><strong>epistolas</strong></span> <span class='ocrx_word' id='word_1_199' title='bbox 1023 2483 1217 2554; x_wconf 85' lang='lat' dir='ltr'><strong>Pontificiae</strong></span> <span class='ocrx_word' id='word_1_200' title='bbox 1227 2489 1407 2574; x_wconf 69' lang='lat' dir='ltr'><strong>lectionem</strong></span> <span class='ocrx_word' id='word_1_201' title='bbox 1423 2492 1543 2558; x_wconf 78' lang='lat' dir='ltr'><strong>etenim</strong></span> 
     </span>
     <span class='ocr_line' id='line_1_21' title="bbox 235 2593 1542 2682; baseline 0.001 -18"><span class='ocrx_word' id='word_1_202' title='bbox 235 2600 273 2664; x_wconf 90' lang='lat' dir='ltr'><strong>in·</strong></span> <span class='ocrx_word' id='word_1_203' title='bbox 284 2597 439 2682; x_wconf 88' lang='lat' dir='ltr'><strong>principio</strong></span> <span class='ocrx_word' id='word_1_204' title='bbox 452 2597 521 2662; x_wconf 79' lang='lat' dir='ltr'><strong>beo</strong></span> <span class='ocrx_word' id='word_1_205' title='bbox 535 2595 679 2677; x_wconf 75' lang='lat' dir='ltr'><strong>Magum</strong></span> <span class='ocrx_word' id='word_1_206' title='bbox 693 2593 855 2678; x_wconf 82' lang='lat' dir='ltr'><strong>professas</strong></span> <span class='ocrx_word' id='word_1_207' title='bbox 869 2607 925 2675; x_wconf 85' lang='lat' dir='ltr'><strong>est,</strong></span> <span class='ocrx_word' id='word_1_208' title='bbox 938 2613 972 2658; x_wconf 81' lang='lat' dir='ltr'><strong>se</strong></span> <span class='ocrx_word' id='word_1_209' title='bbox 989 2597 1021 2659; x_wconf 93' lang='lat' dir='ltr'><strong>in</strong></span> <span class='ocrx_word' id='word_1_210' title='bbox 1038 2595 1079 2658; x_wconf 90' lang='lat' dir='ltr'><strong>iis</strong></span> <span class='ocrx_word' id='word_1_211' title='bbox 1093 2595 1336 2678; x_wconf 81' lang='lat' dir='ltr'><strong>quaestionibus</strong></span> <span class='ocrx_word' id='word_1_212' title='bbox 1348 2600 1542 2665; x_wconf 84' lang='lat' dir='ltr'><strong>sententlam</strong></span> 
     </span>
     <span class='ocr_line' id='line_1_22' title="bbox 233 2705 1543 2792; baseline 0.002 -20"><span class='ocrx_word' id='word_1_213' title='bbox 233 2707 348 2786; x_wconf 91' lang='lat' dir='ltr'><strong>dicere,</strong></span> <span class='ocrx_word' id='word_1_214' title='bbox 363 2706 404 2770; x_wconf 85' lang='lat' dir='ltr'><strong>de</strong></span> <span class='ocrx_word' id='word_1_215' title='bbox 417 2705 537 2788; x_wconf 90' lang='lat' dir='ltr'><strong>quibus</strong></span> <span class='ocrx_word' id='word_1_216' title='bbox 545 2706 636 2770; x_wconf 82' lang='lat' dir='ltr'><strong>inter</strong></span> <span class='ocrx_word' id='word_1_217' title='bbox 648 2707 1076 2791; x_wconf 80' lang='lat' dir='ltr'><strong>praesentescpportnnins</strong></span> <span class='ocrx_word' id='word_1_218' title='bbox 1095 2715 1314 2792; x_wconf 70' lang='lat' dir='ltr'><strong>numeretur,</strong></span> <span class='ocrx_word' id='word_1_219' title='bbox 1337 2719 1369 2770; x_wconf 89' lang='lat' dir='ltr'><strong>et</strong></span> <span class='ocrx_word' id='word_1_220' title='bbox 1383 2725 1469 2792; x_wconf 84' lang='lat' dir='ltr'><strong>qnae</strong></span> <span class='ocrx_word' id='word_1_221' title='bbox 1483 2712 1543 2776; x_wconf 88' lang='lat' dir='ltr'><strong>ccl·</strong></span> 
     </span>
     <span class='ocr_line' id='line_1_23' title="bbox 222 2803 1547 2907; baseline -0.001 -23"><span class='ocrx_word' id='word_1_222' title='bbox 222 2822 341 2907; x_wconf 66' lang='lat' dir='ltr'><strong>,loom&#39;s</strong></span> <span class='ocrx_word' id='word_1_223' title='bbox 354 2821 501 2904; x_wconf 82' lang='lat' dir='ltr'><strong>aptiores</strong></span> <span class='ocrx_word' id='word_1_224' title='bbox 515 2826 606 2898; x_wconf 77' lang='lat' dir='ltr'><strong>anet,</strong></span> <span class='ocrx_word' id='word_1_225' title='bbox 622 2828 725 2902; x_wconf 81' lang='lat' dir='ltr'><strong>qnam</strong></span> <span class='ocrx_word' id='word_1_226' title='bbox 735 2819 887 2904; x_wconf 72' lang='lat' dir='ltr'><strong>scriptia,¹</strong></span> <span class='ocrx_word' id='word_1_227' title='bbox 899 2817 999 2882; x_wconf 69' lang='lat' dir='ltr'><strong>»unde</strong></span> <span class='ocrx_word' id='word_1_228' title='bbox 1012 2813 1182 2901; x_wconf 87' lang='lat' dir='ltr'><strong>colligitur,</strong></span> <span class='ocrx_word' id='word_1_229' title='bbox 1198 2817 1291 2902; x_wconf 87' lang='lat' dir='ltr'><strong>plura</strong></span> <span class='ocrx_word' id='word_1_230' title='bbox 1302 2803 1410 2882; x_wconf 89' lang='lat' dir='ltr'><strong>dicere</strong></span> <span class='ocrx_word' id='word_1_231' title='bbox 1422 2816 1547 2886; x_wconf 76' lang='lat' dir='ltr'><strong>volnis-</strong></span> 
     </span>
     <span class='ocr_line' id='line_1_24' title="bbox 233 2921 1542 3010; baseline 0 -16"><span class='ocrx_word' id='word_1_232' title='bbox 233 2949 270 2995; x_wconf 81' lang='lat' dir='ltr'><strong>ne</strong></span> <span class='ocrx_word' id='word_1_233' title='bbox 285 2931 437 3008; x_wconf 81' lang='lat' dir='ltr'><strong>leonem,</strong></span> <span class='ocrx_word' id='word_1_234' title='bbox 461 2947 573 2992; x_wconf 86' lang='lat' dir='ltr'><strong>revera</strong></span> <span class='ocrx_word' id='word_1_235' title='bbox 593 2927 709 2992; x_wconf 86' lang='lat' dir='ltr'><strong>minus</strong></span> <span class='ocrx_word' id='word_1_236' title='bbox 733 2925 870 2990; x_wconf 76' lang='lat' dir='ltr'><strong>Rustico</strong></span> <span class='ocrx_word' id='word_1_237' title='bbox 895 2927 1103 3010; x_wconf 74' lang='lat' dir='ltr'><strong>intorroganti</strong></span> <span class='ocrx_word' id='word_1_238' title='bbox 1130 2921 1305 3010; x_wconf 83' lang='lat' dir='ltr'><strong>scripsisse.</strong></span> <span class='ocrx_word' id='word_1_239' title='bbox 1350 2927 1542 2996; x_wconf 78' lang='lat' dir='ltr'><strong>Praesertim</strong></span> 
     </span>
     <span class='ocr_line' id='line_1_25' title="bbox 234 3032 1544 3120; baseline 0.001 -21"><span class='ocrx_word' id='word_1_240' title='bbox 234 3055 311 3100; x_wconf 83' lang='lat' dir='ltr'><strong>vero</strong></span> <span class='ocrx_word' id='word_1_241' title='bbox 324 3034 483 3103; x_wconf 81' lang='lat' dir='ltr'><strong>aduersus</strong></span> <span class='ocrx_word' id='word_1_242' title='bbox 496 3044 746 3098; x_wconf 83' lang='lat' dir='ltr'><strong>memoratorum</strong></span> <span class='ocrx_word' id='word_1_243' title='bbox 762 3032 961 3099; x_wconf 75' lang='lat' dir='ltr'><strong>olorinorum</strong></span> <span class='ocrx_word' id='word_1_244' title='bbox 977 3035 1145 3118; x_wconf 79' lang='lat' dir='ltr'><strong>sacrilegia</strong></span> <span class='ocrx_word' id='word_1_245' title='bbox 1161 3036 1284 3120; x_wconf 83' lang='lat' dir='ltr'><strong>passim</strong></span> <span class='ocrx_word' id='word_1_246' title='bbox 1300 3037 1544 3102; x_wconf 80' lang='lat' dir='ltr'><strong>insurrexerunt</strong></span> 
     </span>
     <span class='ocr_line' id='line_1_26' title="bbox 234 3139 1544 3230; baseline 0 -20"><span class='ocrx_word' id='word_1_247' title='bbox 234 3145 476 3230; x_wconf 86' lang='lat' dir='ltr'><strong>vigilantissimi</strong></span> <span class='ocrx_word' id='word_1_248' title='bbox 501 3141 668 3206; x_wconf 77' lang='lat' dir='ltr'><strong>Ecclesiae</strong></span> <span class='ocrx_word' id='word_1_249' title='bbox 681 3141 842 3222; x_wconf 78' lang='lat' dir='ltr'><strong>Pastores,</strong></span> <span class='ocrx_word' id='word_1_250' title='bbox 861 3161 1006 3226; x_wconf 81' lang='lat' dir='ltr'><strong>-qnerum</strong></span> <span class='ocrx_word' id='word_1_251' title='bbox 1021 3139 1234 3209; x_wconf 83' lang='lat' dir='ltr'><strong>monuments</strong></span> <span class='ocrx_word' id='word_1_252' title='bbox 1246 3157 1324 3208; x_wconf 80' lang='lat' dir='ltr'><strong>&#39;snm</strong></span> <span class='ocrx_word' id='word_1_253' title='bbox 1339 3146 1371 3210; x_wconf 93' lang='lat' dir='ltr'><strong>in</strong></span> <span class='ocrx_word' id='word_1_254' title='bbox 1387 3147 1544 3212; x_wconf 81' lang='lat' dir='ltr'><strong>Conciliis</strong></span> 
     </span>
     <span class='ocr_line' id='line_1_27' title="bbox 235 3249 1544 3341; baseline -0.001 -19"><span class='ocrx_word' id='word_1_255' title='bbox 235 3255 468 3341; x_wconf 88' lang='lat' dir='ltr'><strong>propemodum</strong></span> <span class='ocrx_word' id='word_1_256' title='bbox 485 3253 652 3320; x_wconf 81' lang='lat' dir='ltr'><strong>uniuersis</strong></span> <span class='ocrx_word' id='word_1_257' title='bbox 666 3251 839 3330; x_wconf 78' lang='lat' dir='ltr'><strong>undecimi,</strong></span> <span class='ocrx_word' id='word_1_258' title='bbox 862 3249 1096 3319; x_wconf 83' lang='lat' dir='ltr'><strong>etdeudecimi</strong></span> <span class='ocrx_word' id='word_1_259' title='bbox 1118 3254 1248 3336; x_wconf 82' lang='lat' dir='ltr'><strong>saccali,</strong></span> <span class='ocrx_word' id='word_1_260' title='bbox 1266 3265 1307 3318; x_wconf 85' lang='lat' dir='ltr'><strong>err</strong></span> <span class='ocrx_word' id='word_1_261' title='bbox 1329 3256 1447 3338; x_wconf 86' lang='lat' dir='ltr'><strong>quibus</strong></span> <span class='ocrx_word' id='word_1_262' title='bbox 1462 3255 1544 3322; x_wconf 64' lang='lat' dir='ltr'><strong>deris</strong></span> 
     </span>
     <span class='ocr_line' id='line_1_28' title="bbox 234 3359 1543 3444; baseline 0 -17"><span class='ocrx_word' id='word_1_263' title='bbox 234 3365 394 3428; x_wconf 82' lang='lat' dir='ltr'><strong>vatiaum</strong></span> <span class='ocrx_word' id='word_1_264' title='bbox 416 3379 558 3426; x_wconf 76' lang='lat' dir='ltr'><strong>canonm</strong></span> <span class='ocrx_word' id='word_1_265' title='bbox 572 3364 602 3424; x_wconf 81' lang='lat'><strong>5.</strong></span> <span class='ocrx_word' id='word_1_266' title='bbox 625 3372 659 3424; x_wconf 90' lang='lat' dir='ltr'><strong>et</strong></span> <span class='ocrx_word' id='word_1_267' title='bbox 671 3362 702 3425; x_wconf 81' lang='grc'><strong>6.</strong></span> <span class='ocrx_word' id='word_1_268' title='bbox 717 3361 793 3424; x_wconf 85' lang='lat' dir='ltr'><strong>dist</strong></span> <span class='ocrx_word' id='word_1_269' title='bbox 820 3359 870 3424; x_wconf 77' lang='lat' dir='ltr'><strong>stt.</strong></span> <span class='ocrx_word' id='word_1_270' title='bbox 887 3373 1012 3424; x_wconf 85' lang='lat' dir='ltr'><strong>necnon</strong></span> <span class='ocrx_word' id='word_1_271' title='bbox 1039 3361 1177 3426; x_wconf 73' lang='lat' dir='ltr'><strong>can-10.</strong></span> <span class='ocrx_word' id='word_1_272' title='bbox 1201 3377 1290 3426; x_wconf 82' lang='lat' dir='ltr'><strong>caus.</strong></span> <span class='ocrx_word' id='word_1_273' title='bbox 1305 3362 1356 3426; x_wconf 80' lang='lat'><strong>27.</strong></span> <span class='ocrx_word' id='word_1_274' title='bbox 1372 3373 1496 3444; x_wconf 89' lang='lat' dir='ltr'><strong>quaest.</strong></span> <span class='ocrx_word' id='word_1_275' title='bbox 1514 3366 1543 3427; x_wconf 88' lang='lat' dir='ltr'><strong>l.</strong></span> 
     </span>
     <span class='ocr_line' id='line_1_29' title="bbox 232 3472 1542 3557; baseline -0.002 -16"><span class='ocrx_word' id='word_1_276' title='bbox 232 3475 432 3542; x_wconf 77' lang='lat' dir='ltr'><strong>Generaliter</strong></span> <span class='ocrx_word' id='word_1_277' title='bbox 442 3473 833 3556; x_wconf 82' lang='lat' dir='ltr'><strong>quoqneeoncubbiatnm</strong></span> <span class='ocrx_word' id='word_1_278' title='bbox 844 3472 1015 3538; x_wconf 80' lang='lat' dir='ltr'><strong>damnavit</strong></span> <span class='ocrx_word' id='word_1_279' title='bbox 1027 3473 1095 3536; x_wconf 89' lang='lat' dir='ltr'><strong>Leo</strong></span> <span class='ocrx_word' id='word_1_280' title='bbox 1108 3473 1325 3557; x_wconf 81' lang='lat' dir='ltr'><strong>Philosophus</strong></span> <span class='ocrx_word' id='word_1_281' title='bbox 1340 3473 1372 3536; x_wconf 92' lang='lat' dir='ltr'><strong>in</strong></span> <span class='ocrx_word' id='word_1_282' title='bbox 1383 3493 1445 3537; x_wconf 88' lang='lat' dir='ltr'><strong>sua</strong></span> <span class='ocrx_word' id='word_1_283' title='bbox 1458 3474 1542 3540; x_wconf 84' lang='lat' dir='ltr'><strong>Nor.</strong></span> 
     </span>
     <span class='ocr_line' id='line_1_30' title="bbox 232 3581 1543 3665; baseline -0.004 -13"><span class='ocrx_word' id='word_1_284' title='bbox 232 3587 285 3652; x_wconf 82' lang='lat' dir='ltr'><strong>et.</strong></span> <span class='ocrx_word' id='word_1_285' title='bbox 329 3583 482 3652; x_wconf 84' lang='lat' dir='ltr'><strong>Tandem</strong></span> <span class='ocrx_word' id='word_1_286' title='bbox 497 3601 530 3649; x_wconf 88' lang='lat' dir='ltr'><strong>re</strong></span> <span class='ocrx_word' id='word_1_287' title='bbox 556 3591 682 3646; x_wconf 87' lang='lat' dir='ltr'><strong>mature</strong></span> <span class='ocrx_word' id='word_1_288' title='bbox 696 3581 853 3660; x_wconf 86' lang='lat' dir='ltr'><strong>discussa,</strong></span> <span class='ocrx_word' id='word_1_289' title='bbox 879 3600 956 3646; x_wconf 91' lang='lat' dir='ltr'><strong>cunr</strong></span> <span class='ocrx_word' id='word_1_290' title='bbox 971 3599 1013 3646; x_wconf 81' lang='lat' dir='ltr'><strong>er</strong></span> <span class='ocrx_word' id='word_1_291' title='bbox 1028 3597 1096 3646; x_wconf 86' lang='lat' dir='ltr'><strong>una</strong></span> <span class='ocrx_word' id='word_1_292' title='bbox 1114 3593 1203 3665; x_wconf 79' lang='lat' dir='ltr'><strong>perte</strong></span> <span class='ocrx_word' id='word_1_293' title='bbox 1220 3598 1276 3665; x_wconf 87' lang='lat' dir='ltr'><strong>per</strong></span> <span class='ocrx_word' id='word_1_294' title='bbox 1290 3583 1543 3648; x_wconf 78' lang='lat' dir='ltr'><strong>concubinatum</strong></span> 
     </span>
     <span class='ocr_line' id='line_1_31' title="bbox 234 3687 1544 3776; baseline -0.002 -19"><span class='ocrx_word' id='word_1_295' title='bbox 234 3693 455 3760; x_wconf 77' lang='lat' dir='ltr'><strong>solemnitates</strong></span> <span class='ocrx_word' id='word_1_296' title='bbox 480 3693 666 3776; x_wconf 86' lang='lat' dir='ltr'><strong>nuptiarum</strong></span> <span class='ocrx_word' id='word_1_297' title='bbox 681 3692 716 3756; x_wconf 89' lang='lat' dir='ltr'><strong>ih</strong></span> <span class='ocrx_word' id='word_1_298' title='bbox 730 3691 880 3756; x_wconf 81' lang='lat' dir='ltr'><strong>Ecclesia</strong></span> <span class='ocrx_word' id='word_1_299' title='bbox 893 3687 1187 3755; x_wconf 72' lang='lat' dir='ltr'><strong>benedicendarum</strong></span> <span class='ocrx_word' id='word_1_300' title='bbox 1213 3687 1331 3774; x_wconf 80' lang='lat' dir='ltr'><strong>negligi</strong></span> <span class='ocrx_word' id='word_1_301' title='bbox 1350 3690 1544 3770; x_wconf 86' lang='lat' dir='ltr'><strong>viderentur,</strong></span> 
     </span>
     <span class='ocr_line' id='line_1_32' title="bbox 234 3799 1542 3885; baseline -0.002 -19"><span class='ocrx_word' id='word_1_302' title='bbox 234 3823 276 3868; x_wconf 86' lang='lat' dir='ltr'><strong>ex</strong></span> <span class='ocrx_word' id='word_1_303' title='bbox 292 3803 392 3868; x_wconf 84' lang='lat' dir='ltr'><strong>altere</strong></span> <span class='ocrx_word' id='word_1_304' title='bbox 405 3811 495 3884; x_wconf 86' lang='lat' dir='ltr'><strong>parte</strong></span> <span class='ocrx_word' id='word_1_305' title='bbox 509 3800 630 3885; x_wconf 83' lang='lat' dir='ltr'><strong>sperari</strong></span> <span class='ocrx_word' id='word_1_306' title='bbox 645 3801 703 3864; x_wconf 75' lang='lat' dir='ltr'><strong>&#39;vix</strong></span> <span class='ocrx_word' id='word_1_307' title='bbox 719 3811 836 3882; x_wconf 82' lang='lat' dir='ltr'><strong>posset,</strong></span> <span class='ocrx_word' id='word_1_308' title='bbox 858 3809 925 3863; x_wconf 83' lang='lat' dir='ltr'><strong>iarn</strong></span> <span class='ocrx_word' id='word_1_309' title='bbox 938 3817 1008 3864; x_wconf 91' lang='lat' dir='ltr'><strong>non</strong></span> <span class='ocrx_word' id='word_1_310' title='bbox 1022 3799 1165 3883; x_wconf 88' lang='lat' dir='ltr'><strong>improbe</strong></span> <span class='ocrx_word' id='word_1_311' title='bbox 1179 3799 1300 3880; x_wconf 87' lang='lat' dir='ltr'><strong>cedere,</strong></span> <span class='ocrx_word' id='word_1_312' title='bbox 1316 3800 1402 3882; x_wconf 89' lang='lat' dir='ltr'><strong>qnod</strong></span> <span class='ocrx_word' id='word_1_313' title='bbox 1419 3801 1542 3882; x_wconf 84' lang='lat' dir='ltr'><strong>passim</strong></span> 
     </span>
     <span class='ocr_line' id='line_1_33' title="bbox 234 3907 1542 3992; baseline -0.003 -18"><span class='ocrx_word' id='word_1_314' title='bbox 234 3913 298 3976; x_wconf 87' lang='lat' dir='ltr'><strong>snb</strong></span> <span class='ocrx_word' id='word_1_315' title='bbox 316 3909 596 3981; x_wconf 85' lang='lat' dir='ltr'><strong>concubinattntm</strong></span> <span class='ocrx_word' id='word_1_316' title='bbox 611 3909 716 3992; x_wconf 89' lang='lat' dir='ltr'><strong>specie</strong></span> <span class='ocrx_word' id='word_1_317' title='bbox 741 3907 937 3972; x_wconf 85' lang='lat' dir='ltr'><strong>violarentur</strong></span> <span class='ocrx_word' id='word_1_318' title='bbox 958 3907 1029 3990; x_wconf 85' lang='lat' dir='ltr'><strong>ipsa</strong></span> <span class='ocrx_word' id='word_1_319' title='bbox 1043 3908 1142 3972; x_wconf 87' lang='lat' dir='ltr'><strong>etiam</strong></span> <span class='ocrx_word' id='word_1_320' title='bbox 1167 3909 1372 3970; x_wconf 86' lang='lat' dir='ltr'><strong>sanctissima</strong></span> <span class='ocrx_word' id='word_1_321' title='bbox 1395 3919 1542 3986; x_wconf 81' lang='lat' dir='ltr'><strong>naturae,</strong></span> 
     </span>
     <span class='ocr_line' id='line_1_34' title="bbox 233 4015 1542 4101; baseline -0.001 -20"><span class='ocrx_word' id='word_1_322' title='bbox 233 4029 332 4100; x_wconf 80' lang='lat' dir='ltr'><strong>atquo</strong></span> <span class='ocrx_word' id='word_1_323' title='bbox 348 4015 522 4099; x_wconf 85' lang='lat' dir='ltr'><strong>Evangelii</strong></span> <span class='ocrx_word' id='word_1_324' title='bbox 546 4019 627 4101; x_wconf 86' lang='lat' dir='ltr'><strong>jura,</strong></span> <span class='ocrx_word' id='word_1_325' title='bbox 643 4017 827 4080; x_wconf 82' lang='lat' dir='ltr'><strong>cavendnm</strong></span> <span class='ocrx_word' id='word_1_326' title='bbox 842 4016 903 4080; x_wconf 88' lang='lat' dir='ltr'><strong>fnit</strong></span> <span class='ocrx_word' id='word_1_327' title='bbox 928 4016 1158 4082; x_wconf 83' lang='lat' dir='ltr'><strong>saluberrimus</strong></span> <span class='ocrx_word' id='word_1_328' title='bbox 1173 4015 1316 4094; x_wconf 79' lang='lat' dir='ltr'><strong>decretis,</strong></span> <span class='ocrx_word' id='word_1_329' title='bbox 1334 4033 1374 4079; x_wconf 91' lang='lat' dir='ltr'><strong>ne</strong></span> <span class='ocrx_word' id='word_1_330' title='bbox 1389 4018 1542 4082; x_wconf 87' lang='lat' dir='ltr'><strong>concubi-</strong></span> 
     </span>
     <span class='ocr_line' id='line_1_35' title="bbox 234 4125 1540 4212; baseline -0.001 -18"><span class='ocrx_word' id='word_1_331' title='bbox 234 4141 330 4194; x_wconf 84' lang='lat' dir='ltr'><strong>natus</strong></span> <span class='ocrx_word' id='word_1_332' title='bbox 343 4129 485 4212; x_wconf 88' lang='lat' dir='ltr'><strong>amplius</strong></span> <span class='ocrx_word' id='word_1_333' title='bbox 511 4147 629 4194; x_wconf 86' lang='lat' dir='ltr'><strong>nomon</strong></span> <span class='ocrx_word' id='word_1_334' title='bbox 645 4129 726 4192; x_wconf 90' lang='lat' dir='ltr'><strong>inter</strong></span> <span class='ocrx_word' id='word_1_335' title='bbox 742 4127 852 4192; x_wconf 84' lang='lat' dir='ltr'><strong>fideles</strong></span> <span class='ocrx_word' id='word_1_336' title='bbox 877 4127 1049 4206; x_wconf 80' lang='lat' dir='ltr'><strong>audiretur,</strong></span> <span class='ocrx_word' id='word_1_337' title='bbox 1060 4126 1196 4190; x_wconf 86' lang='lat' dir='ltr'><strong>inflictis</strong></span> <span class='ocrx_word' id='word_1_338' title='bbox 1216 4125 1373 4190; x_wconf 85' lang='lat' dir='ltr'><strong>adversus</strong></span> <span class='ocrx_word' id='word_1_339' title='bbox 1388 4131 1540 4193; x_wconf 84' lang='lat' dir='ltr'><strong>concubi·</strong></span> 
     </span>
     <span class='ocr_line' id='line_1_36' title="bbox 235 4225 1632 4320; baseline -0.006 -16"><span class='ocrx_word' id='word_1_340' title='bbox 235 4240 341 4304; x_wconf 89' lang='lat' dir='ltr'><strong>narios</strong></span> <span class='ocrx_word' id='word_1_341' title='bbox 356 4257 578 4320; x_wconf 89' lang='lat' dir='ltr'><strong>quoscumque</strong></span> <span class='ocrx_word' id='word_1_342' title='bbox 594 4237 794 4320; x_wconf 82' lang='lat' dir='ltr'><strong>gravissimis</strong></span> <span class='ocrx_word' id='word_1_343' title='bbox 809 4237 929 4318; x_wconf 88' lang='lat' dir='ltr'><strong>poenis,</strong></span> <span class='ocrx_word' id='word_1_344' title='bbox 955 4235 1070 4297; x_wconf 86' lang='lat' dir='ltr'><strong>eadem</strong></span> <span class='ocrx_word' id='word_1_345' title='bbox 1085 4225 1150 4296; x_wconf 85' lang='lat' dir='ltr'><strong>¹sere</strong></span> <span class='ocrx_word' id='word_1_346' title='bbox 1167 4235 1295 4312; x_wconf 78' lang='lat' dir='ltr'><strong>ratione,</strong></span> <span class='ocrx_word' id='word_1_347' title='bbox 1311 4251 1377 4316; x_wconf 89' lang='lat' dir='ltr'><strong>qna</strong></span> <span class='ocrx_word' id='word_1_348' title='bbox 1392 4233 1541 4296; x_wconf 85' lang='lat' dir='ltr'><strong>clandes—</strong></span> <span class='ocrx_word' id='word_1_349' title='bbox 1631 4283 1632 4286; x_wconf 63' lang='lat'><strong>,</strong></span> 
     </span>
     <span class='ocr_line' id='line_1_37' title="bbox 234 4341 1543 4432; baseline -0.004 -22"><span class='ocrx_word' id='word_1_350' title='bbox 234 4349 303 4412; x_wconf 88' lang='lat' dir='ltr'><strong>tina</strong></span> <span class='ocrx_word' id='word_1_351' title='bbox 319 4349 467 4432; x_wconf 84' lang='lat' dir='ltr'><strong>conjugia</strong></span> <span class='ocrx_word' id='word_1_352' title='bbox 481 4348 523 4410; x_wconf 90' lang='lat' dir='ltr'><strong>ob</strong></span> <span class='ocrx_word' id='word_1_353' title='bbox 547 4347 734 4410; x_wconf 85' lang='lat' dir='ltr'><strong>innumeros</strong></span> <span class='ocrx_word' id='word_1_354' title='bbox 760 4341 1000 4428; x_wconf 86' lang='lat' dir='ltr'><strong>propemodum,</strong></span> <span class='ocrx_word' id='word_1_355' title='bbox 1015 4344 1072 4425; x_wconf 90' lang='lat' dir='ltr'><strong>qui</strong></span> <span class='ocrx_word' id='word_1_356' title='bbox 1098 4342 1216 4406; x_wconf 87' lang='lat' dir='ltr'><strong>exinde</strong></span> <span class='ocrx_word' id='word_1_357' title='bbox 1230 4344 1445 4426; x_wconf 83' lang='lat' dir='ltr'><strong>emergebant,</strong></span> <span class='ocrx_word' id='word_1_358' title='bbox 1462 4343 1543 4406; x_wconf 89' lang='lat' dir='ltr'><strong>abn-</strong></span> 
     </span>
     <span class='ocr_line' id='line_1_38' title="bbox 234 4441 1541 4544; baseline -0.005 -18"><span class='ocrx_word' id='word_1_359' title='bbox 234 4479 292 4526; x_wconf 87' lang='lat' dir='ltr'><strong>sns</strong></span> <span class='ocrx_word' id='word_1_360' title='bbox 315 4450 471 4544; x_wconf 84' lang='lat' dir='ltr'><strong>prohiberi</strong></span> <span class='ocrx_word' id='word_1_361' title='bbox 496 4460 606 4544; x_wconf 82' lang='lat' dir='ltr'><strong>penita</strong></span> <span class='ocrx_word' id='word_1_362' title='bbox 622 4456 809 4520; x_wconf 85' lang='lat' dir='ltr'><strong>debuerunt.</strong></span> <span class='ocrx_word' id='word_1_363' title='bbox 847 4455 1001 4519; x_wconf 84' lang='lat' dir='ltr'><strong>Eaedem</strong></span> <span class='ocrx_word' id='word_1_364' title='bbox 1016 4445 1199 4518; x_wconf 68' lang='lat' dir='ltr'><strong>sanctiones</strong></span> <span class='ocrx_word' id='word_1_365' title='bbox 1219 4441 1393 4520; x_wconf 76' lang='lat' dir='ltr'><strong>renovatae</strong></span> <span class='ocrx_word' id='word_1_366' title='bbox 1408 4453 1541 4520; x_wconf 80' lang='lat' dir='ltr'><strong>triennit</strong></span> 
     </span>
    </p>
   </div>
   <div class='ocr_carea' id='block_1_3' title="bbox 0 0 1648 4984">
    <p class='ocr_par' dir='ltr' id='par_1_3' title="bbox 0 0 1648 4984">
     <span class='ocr_line' id='line_1_39' title="bbox 0 0 1648 4984; baseline 0 0"><span class='ocrx_word' id='word_1_367' title='bbox 0 0 1648 4984; x_wconf 95' lang='lat' dir='ltr'><strong> </strong></span> 
     </span>
    </p>
   </div>
  </div>
 </body>
</html>
