3276 4984
179 440 228 516 22
311 451 319 456 ”
634 473 871 517 orsssararro
894 471 1019 516 rarus.

180 581 300 648 delium
327 586 467 668 nuptiae,
493 605 557 669 quo
572 585 806 650 celebrarentur
829 586 1004 662 honestius,
1031 581 1253 645 ecclesiasticis
1279 581 1404 663 legibus
1420 599 1479 665 pro

180 701 360 773 temporum
376 695 611 778 opportunitate
626 695 698 757 latis
714 695 758 778 ita
773 695 910 757 directae
924 691 1061 774 fuerunt,
1077 704 1114 755 ut
1128 691 1207 755 nihil
1236 691 1267 754 irr
1285 691 1347 754 illis
1362 689 1479 754 admit-

180 812 306 882 teretur,
322 803 410 886 quod
436 804 636 868 Sacranrenti
652 803 796 885 religioni
819 803 952 866 minime
967 802 1160 879 conveniret,
1180 801 1275 884 juxta
1289 797 1477 860 facultatem

181 913 348 976 Ecclesiae
364 919 384 978 a
400 911 527 976 Christo
550 931 746 992 concessam,
772 911 981 996 agnitumque
1007 910 1040 972 in
1055 906 1248 972 Tridentino
1273 902 1417 967 Concilio
1442 901 1477 964 in

183 1043 258 1087 sess.
275 1025 325 1088 24.
342 1023 381 1087 de
406 1023 476 1088 Res.
493 1025 630 1087 matrim.
647 1043 718 1088 carr.
743 1024 771 1086 3.
788 1033 819 1085 et
833 1023 862 1086 4.
905 1023 991 1086 Hinc
1007 1041 1101 1104 saepe
1116 1021 1149 1082 in
1164 1015 1388 1082 ecclesiasticis
1403 1033 1479 1077 con·

180 1133 331 1196 ventibus
357 1131 561 1215 generalibus
587 1119 698 1214 aeque,
720 1113 761 1193 'ac
777 1129 994 1214 singularibus
1018 1127 1263 1210 provinciarum,
1288 1124 1340 1186 vel
1356 1123 1479 1184 dioece-

180 1263 266 1320 seon,
283 1241 491 1306 saluberrima
517 1241 621 1306 multa
636 1241 810 1303 constituta
826 1237 954 1319 scimus,
980 1239 1098 1322 quibus
1114 1235 1295 1299 celebrandi
1316 1233 1480 1296 matrimo-

180 1347 225 1410 nii
240 1347 370 1429 sormae,
396 1369 434 1412 ac
449 1349 537 1412 modi
552 1347 672 1428 decore,
683 1424 686 1433 Ι
699 1361 730 1410 et
745 1348 787 1411 ad
803 1369 893 1412 sacra
920 1349 1072 1433 mysteria
1087 1346 1229 1429 apposite
1252 1343 1477 1407 stabilirentur.

179 1451 334 1536 Religiosi
349 1459 446 1519 etiam
473 1437 637 1540 Principes
652 1448 715 1521 non
732 1457 911 1537 defuerunt,
938 1457 995 1540 qui
1010 1457 1147 1539 optimas
1172 1453 1387 1516 contractibus
1402 1469 1479 1514 con-

175 1563 340 1646 jugiontm
355 1565 442 1648 leges
466 1565 616 1645 dicerent,
633 1587 760 1648 easque,
785 1557 996 1649 quibusdum
1012 1565 1053 1628 ad
1068 1564 1195 1629 civilem
1212 1564 1395 1626 societatem
1410 1579 1479 1624 ma-

180 1669 238 1752 gis,
255 1689 424 1754 magisque
448 1673 650 1752 firmandam,
677 1675 718 1737 ad
735 1675 953 1758 promovenda
980 1675 1174 1738 lamiliarum
1189 1673 1312 1750 decora,
1339 1683 1370 1733 et
1384 1689 1481 1732 orna-

179 1789 289 1841 menta
318 1781 504 1862 Oivita'tum,
531 1795 628 1866 atque
643 1783 685 1847 ad
714 1785 967 1867 tranquilitatem
996 1785 1188 1869 reipublicae
1203 1781 1392 1860 curandum,
1408 1799 1480 1843 ma-

179 1885 328 1949 trimonia
341 1887 560 1970 dirigerentur,
576 1909 648 1953 eam
664 1891 800 1954 formam
816 1891 992 1966 induerent,
1023 1909 1088 1972 qua
1104 1891 1270 1954 decentius
1298 1885 1476 1951 consecrari

178 2013 233 2076 per
256 1993 437 2059 Ecclesiam
455 2009 592 2084 possent;
610 1997 697 2061 uude
714 1999 809 2078 fieret,
824 2010 881 2084 ut,
897 1999 1050 2080 quoniam
1066 1997 1187 2079 duplex
1216 2015 1258 2058 ex
1274 1994 1481 2057 matrimonio

178 2103 308 2183 bonum,
325 2107 489 2187 spirituale
504 2109 651 2190 primum,
669 2109 762 2170 civile
778 2105 923 2186 alterum,
941 2107 982 2170 ad
999 2119 1170 2190 utrumque
1185 2105 1367 2169 curandum
1382 2115 1414 2166 et
1428 2103 1476 2164 vi-

178 2215 204 2279 ri
219 2217 433 2296 ecclesiastici,
457 2215 497 2280 et
514 2219 647 2301 piissimi
675 2219 838 2300 Principes
869 2219 901 2280 in
927 2237 1031 2282 unum
1055 2218 1256 2300 conspirasse
1282 2214 1475 2290 viderentur,

174 2323 270 2404 jrurta
284 2322 463 2386 doctrinam
479 2323 510 2388 S.
538 2325 687 2388 'Pbomae
717 2329 891 2407 scribentis,
908 2337 977 2390 tum
1007 2327 1039 2388 in
1054 2326 1084 2389 4.
1100 2326 1170 2388 dist.
1201 2325 1251 2387 34.
1267 2333 1390 2405 quaest.
1421 2339 1476 2383 un.

178 2443 235 2496 art.
253 2435 279 2496 1.
296 2434 337 2496 ad
351 2435 389 2514 4.,
407 2447 477 2498 tum
492 2437 523 2498 iu
541 2437 569 2499 4.
586 2451 696 2500 contra
711 2452 822 2519 gentes
837 2459 905 2521 cap.
927 2441 987 2516 78,
1017 2439 1197 2500 humanam
1227 2437 1477 2518 generationem,

178 2563 318 2626 quaeex
344 2546 547 2607 matrimonio
573 2545 698 2628 pendet,
725 2547 766 2608 ad
783 2549 842 2609 tria
869 2547 1071 2628 potissimum
1096 2545 1243 2622 ordinari,
1265 2543 1419 2604 nimirum
1434 2537 1478 2602 ad

177 2657 421 2738 perpetuitatem
437 2655 561 2738 speciei,
577 2655 619 2719 ad
635 2657 878 2738 perpetuitatem
894 2656 968 2717 boni
984 2655 1112 2738 politici,
1129 2665 1159 2715 et
1175 2652 1216 2714 ad
1231 2651 1477 2734 perpetuitatem

179 2759 356 2845 Ecclesiae,
382 2783 519 2844 eamque
542 2766 673 2844 obrem,
698 2763 974 2854 quemadmodum
1000 2763 1096 2841 iniis,
1123 2763 1240 2843 quibus
1255 2761 1420 2825 ordinatur
1434 2757 1478 2820 ad

180 2873 295 2953 speciei
312 2875 563 2956 perpetuitatem,
590 2874 737 2958 dirigitur
751 2881 771 2939 a
787 2866 902 2937 natura
919 2875 952 2936 in
968 2893 1043 2936 eum
1059 2874 1158 2937 finem
1173 2871 1357 2950 inclinante,
1383 2873 1427 2933 ita
1443 2873 1488 2933 in

179 2982 228 3064 iis,
243 2985 363 3066 quibus
388 2986 553 3049 ordinatur
568 2989 609 3048 ad
635 2987 756 3048 bonum
779 2984 951 3066 politicum,
978 2985 1140 3068 subjacere
1155 2981 1345 3044 ordinationi
1370 2979 1479 3042 civilis

179 3094 268 3176 legis,
284 3107 315 3156 et
330 3097 363 3158 in
379 3097 426 3174 iis,
442 3097 560 3177 quibus
575 3094 739 3158 ordinatur
754 3095 795 3156 ad
814 3095 932 3157 bouum
949 3093 1122 3174 Ecclesiae,
1149 3091 1294 3176 ejusdem
1309 3091 1479 3154 Ecclesiae

178 3205 325 3286 regimini
341 3205 512 3288 subjacere.

221 3311 392 3392 Colligitur
406 3331 447 3374 ex
462 3313 521 3389 his,
538 3309 656 3376 distare
671 3313 848 3396 plurimum
863 3310 1063 3376 matrimonio
1079 3307 1266 3374 Inhdelium
1281 3313 1301 3374 a
1317 3307 1478 3370 matrimo-

178 3421 241 3486 niis
257 3423 513 3487 Ohristianorum
529 3425 639 3487 divino
654 3425 715 3487 ritu
739 3409 918 3487 contractis.
960 3421 1130 3503 Siquidem
1145 3421 1178 3484 in
1200 3419 1276 3500 illis,
1301 3417 1480 3482 dummodo

179 3529 466 3593 saltem'naturalis
481 3531 633 3593 honestas
657 3541 808 3610 servetur,
825 3537 855 3592 et
882 3528 1002 3613 publici
1027 3529 1061 3591 in
1087 3529 1267 3590 humanam
1293 3527 1478 3588 societatem

178 3639 296 3703 exinde
311 3641 527 3722 provenientis
542 3642 618 3704 boni
636 3642 716 3704 ratio
741 3641 907 3718 habeatur,
931 3637 1069 3720 simplex
1092 3645 1274 3698 contractus
1300 3633 1341 3696 ad
1357 3633 1478 3716 publici

171 3748 253 3832 juris
268 3745 403 3811 formam
418 3749 600 3831 exigendus
629 3747 835 3831 dignoscitur,
867 3757 899 3809 et
925 3744 1058 3828 quidem
1082 3743 1169 3806 illius
1194 3742 1330 3824 generis,
1346 3741 1478 3821 qualem

174 3857 316 3920 Romani
331 3869 453 3921 veteres
469 3859 675 3939 definiebant,
692 3859 847 3921 nimirum
863 3858 896 3921 in
912 3876 977 3939 quo
991 3875 1057 3919 uon
1084 3867 1150 3918 tarn
1175 3865 1322 3936 ageretur
1347 3853 1388 3914 de
1402 3871 1481 3915 con·

171 3967 338 4050 junctione
354 3967 422 4046 viri,
437 3977 469 4029 et
483 3969 635 4047 mulieris,
665 3987 764 4050 quam
788 3968 827 4030 de
857 3966 1027 4031 individua
1042 3967 1124 4028 inter
1138 3968 1290 4048 conjuges
1304 3963 1389 4025 uitae
1404 3981 1479 4027 cou-

176 4077 349 4140 suetudine
364 4077 516 4157 ineunda,
531 4079 578 4140 uti
595 4077 724 4140 tradidit
739 4067 943 4141 Justinianus
958 4078 991 4140 in
1009 4079 1029 4144 l.
1047 4079 1074 4138 1.
1102 4077 1235 4138 institut.
1252 4073 1292 4136 de
1308 4073 1409 4154 patria
1424 4093 1490 4166 P0'.

177 4200 300 4269 testate,
316 4201 348 4252 et
362 4208 403 4251 ex
417 4209 455 4252 eo
471 4190 655 4252 Alexander
670 4189 728 4252 Ill.
759 4191 792 4252 in
808 4210 877 4272 cap.
906 4169 955 4251 1'1.
972 4187 1012 4251 de
1037 4185 1360 4270 praesumptionibus
1377 4183 1478 4247 veluti

172 4299 250 4362 olim
264 4298 411 4362 tradebat
426 4299 632 4362 Modestinus
648 4299 681 4360 irr
697 4299 717 4360 l.
735 4300 762 4361 1.
779 4295 811 4360 ff.
828 4297 868 4359 de
890 4297 954 4358 ritu
985 4296 1134 4377 nuptiae,
1159 4293 1199 4354 de
1225 4293 1384 4354 consortio
1412 4305 1479 4351 orn-

173 4407 225 4471 nis
241 4409 333 4486 vitae,
363 4393 396 4470 et
423 4407 535 4488 divini,
566 4407 780 4488 humanique
793 4407 876 4490 juris
906 4404 1207 4484 communicatione3
1235 4403 1269 4465 iu
1299 4403 1367 4464 istis
1393 4415 1478 4478 vero,

172 4537 232 4584 seu
258 4519 468 4604 matrirpon'iis
499 4521 767 4598 Christianorum,
798 4517 923 4599 quoties
952 4535 994 4579 ex
1008 4515 1201 4598 praescripto
1231 4514 1352 4579 Christi
1367 4509 1481 4574 Domi-
