3210 4990
183 419 185 424 Ι
247 329 311 400 18⁸
604 353 848 403 nrssancsrro
868 355 1026 418 susara,
1048 357 1126 406 cae.
1148 333 1204 404 tv.

245 474 374 554 udone,
390 475 424 540 in
437 491 505 558 qua
518 473 603 541 sicut
618 477 767 543 nonnulli
781 491 823 543 ert
848 479 1009 544 veteribus
1023 479 1215 544 hallucinati
1230 477 1406 564 plurimum
1421 477 1534 546 sente

245 601 292 662 eo,
307 583 395 666 quod
410 596 493 650 recte
507 601 573 651 nou
598 597 830 670 computarent,
846 587 892 652 ita
906 587 1088 670 complures
1101 607 1143 652 ex
1163 587 1399 667 immitentes,
1415 589 1537 672 meoju·

159 680 169 698 '
243 691 337 772 dicio,
352 693 447 778 longe
462 693 612 760 aberrant
635 695 811 776 aventem,
827 695 914 779 quod
937 695 1078 777 credant,
1094 697 1128 760 iu
1150 697 1213 760 hoc
1227 709 1418 780 argomento
1428 698 1480 786 jin
1493 715 1536 760 ec·

241 797 460 863 elesiasticum
480 801 545 884 juri
558 802 646 866 civili
672 802 894 868 &manorum
910 803 1081 885 adversari,
1097 815 1195 888 etque
1219 805 1311 870 etim
1325 805 1535 872 Justinieaurs

243 908 493 990 praescripsisse,
520 910 613 974 aliter
633 910 807 974 Pontifices
833 912 1007 992 Maximos,
1031 912 1228 996 proindeque
1251 911 1455 978 Pontificiam
1468 929 1536 974 cum

243 1013 453 1098 Imperatoria
467 1029 623 1100 potestate
647 1023 883 1084 committentes
897 1021 1106 1100 concludunt,
1136 1022 1169 1084 vi
1183 1021 1328 1102 quedam
1341 1019 1428 1086 facta
1436 1022 1488 1104 ius
1501 1017 1537 1082 ci·

244 1123 308 1188 vile
323 1127 411 1188 vinci
436 1129 626 1191 acanonico
652 1129 687 1192 in
701 1130 833 1192 materie
857 1129 1089 1213 conjugiorum,
1113 1129 1268 1192 incolumi
1293 1137 1444 1191 manente
1464 1124 1536 1208 juris

241 1231 347 1294 civilis
362 1232 578 1314 dispositione,
594 1235 719 1315 quoties
734 1235 899 1318 egendum
914 1237 956 1298 sit
970 1235 1147 1328 deotutelis,
1163 1247 1195 1298 et
1209 1236 1359 1318 legitimis
1374 1231 1536 1298 successio·

243 1339 347 1404 nibus.
391 1342 583 1424 Sequemur,
598 1344 656 1425 qui
672 1344 782 1422 velint,
805 1345 892 1408 hene
907 1344 1014 1408 ideam
1035 1347 1156 1428 jurium
1171 1357 1285 1410 mutuo
1301 1365 1370 1408 ssss
1396 1343 1536 1408 colliden-

242 1448 335 1530 tium;
362 1452 524 1533 egoenim
548 1453 798 1518 commodiorem
822 1455 910 1518 viam
934 1455 1073 1533 invenio,
1099 1473 1166 1535 qua
1191 1454 1319 1518 diversa
1345 1455 1451 1536 potius
1474 1467 1535 1514 esse

241 1577 419 1642 agnoscam
453 1563 535 1646 jum,
553 1585 651 1644 (prtem
669 1567 834 1628 contraria.
878 1567 907 1630 A
930 1569 1060 1630 saeculo
1084 1567 1250 1630 Ecclesiae
1274 1566 1447 1630 undecimo
1461 1583 1537 1645 repc-

242 1665 339 1728 tsnda
365 1687 413 1729 res
429 1679 486 1730 est.
530 1671 693 1734 Nimirum
717 1673 779 1736 sub
802 1671 937 1736 Nicolao
961 1673 1001 1736 II.
1033 1673 1190 1737 Pontifice
1214 1675 1362 1738 Maximo
1386 1673 1536 1736 celebrata

240 1773 302 1840 fuit
315 1777 467 1842 Romana
491 1781 646 1863 Synodus
661 1801 748 1846 anno
764 1784 865 1861 1059.,
892 1783 926 1846 in
942 1801 1009 1865 que
1024 1785 1068 1846 ite
1090 1783 1263 1848 definitum
1277 1801 1349 1847 cen.
1368 1785 1418 1848 ll.
1449 1783 1489 1848 Ut
1502 1783 1536 1846 de

239 1893 530 1973 consanguinitate
544 1915 609 1958 sna
622 1896 738 1958 nullus
765 1915 901 1960 tacerem
916 1897 1133 1981 detentusque
1156 1897 1202 1960 cd
1212 1897 1461 1978 generationem
1473 1915 1535 1978 ecp-

240 1999 360 2064 tineam
375 2002 444 2080 dc,
461 2011 558 2085 atque
584 2004 726 2086 idipsum
742 2004 856 2067 iterum
882 2005 1095 2068 constitutum
1109 2017 1158 2068 est
1185 2006 1219 2068 in
1234 2005 1299 2070 alia
1320 2005 1471 2068 Romana
1483 2004 1538 2085 Sy·

239 2103 325 2168 nodo
338 2106 499 2172 celebrata
513 2127 600 2173 anno
616 2111 708 2174 1603.
723 2113 785 2174 sub
807 2109 993 2174 Alexandro
1008 2111 1050 2174 Il.
1065 2131 1136 2174 cen.
1152 2112 1193 2190 9.,
1209 2121 1346 2193 utraque
1359 2124 1469 2176 autem
1482 2111 1537 2192 Sy·

240 2213 345 2276 nodus
360 2215 493 2280 easdem
508 2215 664 2282 formulas
680 2229 901 2302 usurpaverat,
930 2237 1014 2300 quas
1029 2219 1063 2280 in
1077 2217 1145 2280 suis
1160 2217 1406 2301 Cepitularibns
1420 2233 1537 2299 expres·

239 2333 323 2385 seret
338 2325 475 2389 Carolus
501 2327 652 2409 Magnus,
668 2329 748 2392 dum
773 2329 910 2393 vetitum
936 2326 1161 2410 conjugiorum
1185 2327 1229 2390 ad
1244 2326 1417 2408 septimam
1442 2339 1536 2405 usquc

239 2434 477 2512 generationem
499 2435 654 2513 extendit,
677 2446 709 2499 et
723 2455 806 2519 quas
830 2437 924 2518 plura
949 2438 1095 2502 concilia
1111 2449 1223 2502 secute
1250 2435 1390 2515 iuemnt,
1406 2454 1477 2500 can.
1493 2431 1536 2496 ta
1578 2455 1579 2460 ¹

241 2539 298 2619 ta,
315 2552 346 2604 ct
356 2541 408 2605 21.
423 2561 513 2606 caus.
528 2543 578 2606 35.
594 2553 719 2626 quaest.
734 2546 765 2608 2.
809 2545 951 2608 Emersit
964 2545 1041 2610 hinc
1056 2537 1218 2628 repetente
1232 2543 1410 2628 disputatio
1424 2541 1536 2627 gravis·

237 2647 330 2729 eima,
346 2669 413 2732 qua
427 2652 548 2716 ratione
564 2653 761 2734 interpretari
775 2653 914 2734 quisque
928 2651 1057 2716 deberet
1070 2655 1231 2738 septimae
1246 2653 1475 2736 generationis
1488 2665 1537 2712 ne

236 2781 324 2830 men:
340 2764 396 2826 elii
409 2765 496 2828 enim
512 2765 557 2828 ita
582 2763 819 2844 intellexerunt,
835 2775 871 2828 ut
893 2774 1017 2847 septem
1030 2765 1233 2846 cognationis
1244 2762 1364 2844 gradus
1375 2765 1472 2847 juxte
1484 2758 1536 2824 ior·

236 2887 327 2936 mam
338 2871 420 2955 juris
434 2872 539 2936 civilis
564 2883 836 2955 computarentur,
852 2883 951 2954 anpne
972 2871 995 2934 ii
1010 2871 1192 2936 dicerentur
1206 2870 1291 2936 ultra
1304 2871 1478 2953 septimam
1491 2885 1538 2950 ge

235 2981 437 3046 iterationem
461 2981 579 3044 distare
594 2981 650 3056 illi,
675 2999 815 3062 quorum
830 2991 964 3061 uterque
988 2989 1073 3042 esset
1087 2988 1202 3060 quarto
1212 2979 1282 3060 jam
1304 2975 1408 3059 gradu
1424 2981 1444 3042 d
1458 2991 1536 3038 com·

235 3089 331 3154 muni
346 3089 451 3171 stipite
466 3099 616 3152 remotus.
659 3088 725 3152 alii
739 3095 758 3151 e
772 3088 933 3152 contrario
958 3085 1193 3168 duplicandam
1214 3083 1388 3148 voluerunt
1414 3097 1537 3163 compu-

237 3197 392 3260 tationem
406 3214 448 3259 ex
463 3196 562 3259 latere
576 3196 698 3260 scilicet
712 3197 887 3277 utriusque,
904 3195 945 3258 de
959 3213 1097 3276 quorum
1122 3195 1315 3276 cognatione
1329 3203 1534 3274 quaereretur,

236 3305 429 3385 faciendam,
446 3307 491 3370 ita
506 3315 542 3371 ut
557 3317 626 3370 tum
641 3305 776 3370 demum
790 3307 872 3368 inter
885 3323 921 3368 se
940 3305 1078 3386 septime
1092 3303 1299 3388 generatione
1312 3300 1465 3386 disjuncti
1479 3317 1538 3363 crs·

235 3416 396 3495 darentur,
411 3417 466 3497 qui
483 3415 619 3497 septima
634 3415 874 3497 generationes
899 3411 1066 3476 communi
1088 3411 1194 3494 stipite
1209 3411 1372 3476 distarem.
1415 3406 1536 3474 Potissi-

237 3539 330 3586 mum
344 3522 433 3604 apud
447 3523 655 3585 Ravennates
680 3521 867 3606 hujusmodi
881 3519 1134 3584 controversiam
1149 3521 1303 3584 acerrime
1325 3519 1468 3602 viguisse
1482 3515 1537 3580 sci·

238 3643 320 3707 mus,
336 3645 437 3709 quem
462 3629 567 3692 verbis
582 3631 733 3711 primum,
759 3629 876 3693 deinde
891 3629 990 3694 etiam
1017 3627 1114 3692 literis
1128 3645 1330 3711 compescere
1345 3627 1470 3692 studuit
1484 3625 1537 3690 Pe·

237 3748 306 3802 trus
321 3737 484 3822 Demisni
499 3739 777 3823 quemadmodum
791 3750 918 3804 constat
928 3757 970 3804 ex
985 3741 1054 3824 ejus
1070 3739 1149 3803 libro
1159 3740 1200 3804 de
1215 3739 1413 3804 Perennae
1423 3735 1536 3822 grndi-

238 3853 300 3920 dns
314 3852 412 3914 misso
433 3851 475 3915 ed
491 3851 766 3916 archidiaconum
791 3853 1025 3931 &connatam
1042 3861 1074 3914 et
1098 3850 1142 3916 ad
1156 3851 1319 3916 Joenusm
1341 3851 1534 3934 Episcopum

240 3959 454 4022 Caesenatem
480 3959 740 4024 Ravennatcnsis
765 3957 1006 4043 Archicpiseopi
1035 3956 1294 4041 strangensem.
1338 3956 1392 4026 Ad
1414 3969 1538 4020 omnem

237 4065 489 4152 disputationem
503 4065 741 4130 conficiendam
766 4067 948 4132 Concilium
973 4065 1147 4150 celebravit
1161 4083 1248 4128 enno
1264 4065 1355 4130 1065.
1398 4064 1534 4130 Alexan·

236 4181 295 4244 der
308 4180 361 4258 ll.,
377 4191 409 4242 ct
423 4179 551 4242 decreto
564 4178 657 4256 edito,
673 4175 761 4261 quod
776 4177 914 4242 habetur
924 4178 958 4242 in
973 4197 1045 4241 cau.
1060 4177 1090 4241 2.
1106 4195 1194 4239 caus.
1210 4175 1262 4240 35.
1273 4186 1398 4258 quaest
1413 4177 1453 4254 5.,
1468 4189 1537 4236 san·

237 4289 294 4368 xit,
311 4300 347 4352 ut
361 4289 497 4371 septima
512 4289 674 4370 generatio
684 4299 923 4371 computaretur
937 4285 1142 4350 ascendendo
1157 4285 1199 4348 eb
1210 4304 1277 4350 uno
1287 4305 1330 4351 ex
1344 4285 1392 4364 iis,
1408 4285 1449 4348 de
1462 4297 1536 4364 qus

235 4415 311 4464 rum
336 4399 541 4464 matrimonio
556 4399 670 4484 agitur,
697 4415 801 4482 usque
816 4395 860 4462 ad
881 4413 1089 4462 communem
1110 4393 1260 4478 stipitem,
1275 4403 1308 4463 ct
1322 4404 1393 4460 tum
1407 4391 1536 4458 demum
