3210 4990
171 361 233 430 lbi
610 377 855 428 numana-suto
877 379 1027 428 nasute.

167 501 285 583 hendo,
301 511 338 569 ut
351 519 473 582 omnes,
499 499 556 584 qui
582 499 714 584 adsunt,
729 501 900 568 commode
913 501 993 585 quid
1001 501 1223 584 denuntietur,
1235 500 1427 586 intelligam,
1444 511 1479 571 et

168 607 263 692 facile
277 609 408 692 possint,
425 606 556 692 siquod
569 607 676 674 norint
689 609 830 689 subesse,
846 609 988 694 pendere
1009 609 1287 692 impedimentum.

211 715 323 784 Factis
338 713 648 796 denuntiationibus,
662 713 904 800 procedendum
930 735 1001 782 asae
1023 718 1118 812 ajunt
1132 715 1318 782 Tridentini
1334 717 1479 802 Αιιιιιςθι

169 824 215 890 ad
227 826 368 910 conjugii
379 825 635 907 celebrationem,
645 825 735 910 quod
749 827 796 890 ita
805 827 979 910 prudenter
989 827 1237 912 intelligendum
1248 839 1305 912 est,
1321 840 1483 914 utaequa

171 931 282 998 statim
297 942 369 1014 post
383 933 510 996 tertiam
524 930 646 1000 iaemm
660 932 942 1000 denuntiationem
957 934 1029 1000 iniri
1044 936 1235 1022 eonjugium
1247 938 1485 1024 possitneque

172 1042 643 1128 posteanrdemindiuturnius
654 1051 783 1128 tempas
797 1042 926 1108 ‹lifferri
969 1043 1072 1114 Quod
1086 1047 1482 1130 tempusexspaetapdum

172 1149 222 1229 sit,
239 1167 345 1230 neque
360 1149 395 1217 in
408 1148 630 1230 Lateranenai,
657 1169 763 1234 neque
787 1150 822 1216 in
848 1150 1042 1217 Tridentino
1067 1152 1212 1232 Concilio
1231 1153 1409 1234 ¹delinitum
1421 1167 1484 1222 est:

173 1257 272 1342 igitur
286 1258 345 1322 erit
359 1256 528 1342 prudentia
544 1259 751 1339 viriarbitrio
772 1265 796 1326 a
816 1260 966 1326 Peroobo
987 1260 1220 1342 definiendum,
1242 1263 1397 1338 nimirum
1413 1277 1484 1330 tan-

172 1383 254 1450 tum,
284 1381 445 1452 quantum
472 1371 610 1439 sufioars
638 1369 767 1436 videtin
795 1371 838 1434 ed
866 1371 938 1452 boc,
968 1383 1015 1452 ut,
1043 1371 1101 1455 qui
1135 1373 1404 1442 denuntiationes·
1427 1395 1485 1444 ex·

126 1527 130 1538 .
173 1491 337 1565 oeperunt,
368 1482 501 1564 possint,
528 1481 557 1546 ai
581 1500 667 1563 quae
696 1481 830 1546 subesse
860 1491 1029 1562 noverunt,
1065 1481 1298 1564 impedimenta
1331 1483 1482 1568 prosena

175 1591 394 1676 quamobrem,
409 1591 535 1672 quoties
557 1588 800 1672 dispensatione
825 1589 989 1664 ordinarii
1001 1589 1168 1670 contingit,
1195 1601 1231 1656 ut
1256 1607 1323 1660 non
1347 1601 1411 1661 tres
1424 1591 1482 1656 sed

177 1717 243 1764 une
259 1707 388 1760 tantum
403 1697 474 1763 viee
489 1699 639 1765 omnium
652 1696 713 1762 fiat
726 1696 936 1776 denuntiatio,
961 1697 1210 1780 prudentissime
1235 1709 1320 1782 aget,
1345 1703 1403 1782 qui
1418 1700 1485 1767 lon·

176 1810 251 1893 gius
271 1807 441 1894 ¹quoddam
464 1818 600 1892 tempus,
627 1827 678 1882 en
703 1828 748 1891 pr.
776 1809 874 1872 trium
897 1809 1013 1875 saitem
1037 1819 1094 1872 aut
1108 1819 1247 1890 quatuor
1262 1809 1397 1890 dierum,
1411 1787 1512 1877 ests·⁸

177 1917 375 2001 metandum
403 1915 530 1980 ιιιιοιοι.
575 1915 682 2000 Vulgo
713 1916 856 1996 traditur,
893 1916 1084 1999 generaliter
1112 1919 1169 1984 ubi
1205 1929 1268 1996 tres
1304 1917 1409 1991 iactae
1432 1919 1488 1984 de·

178 2027 397 2092 nuntiationes
420 2035 655 2108 proponuntur,
680 2025 939 2108 exspectandum
965 2045 1045 2105 esse,
1067 2026 1169 2092 donee
1181 2027 1296 2094 saitem
1317 2029 1432 2112 lapsus
1445 2031 1488 2096 sit

178 2139 256 2217 dies,
271 2153 337 2219 quo
353 2147 517 2220 postrema
531 2135 735 2206 denuntiatio
760 2137 847 2204 teca
860 2148 918 2202 est.
962 2136 1001 2202 Id
1027 2138 1150 2220 passim
1175 2140 1211 2204 in
1234 2139 1377 2222 Synodis
1392 2142 1488 2224 Epis-

178 2265 334 2330 soporum
346 2246 553 2320 determinari
568 2246 659 2326 solet,
674 2247 709 2312 in
723 2265 863 2329 quarum
877 2245 1041 2327 aliquibus
1053 2246 1253 2328 reprobatam
1267 2248 1343 2312 novi
1358 2247 1491 2322 iliorum

180 2361 394 2444 disciplinam,
409 2359 470 2442 qni
483 2360 545 2424 sub
560 2377 712 2442 vesperes
741 2357 806 2424 diei
831 2367 1012 2440 postremae
1027 2355 1281 2425 denuntiationis
1296 2377 1430 2440 sponsos
1445 2357 1487 2424 ad

179 2467 635 2556 mnnahmdomedrottume
653 2466 690 2532 in
700 2465 868 2547 alianbus
882 2475 1042 2548 receptam
1057 2465 1252 2548 simpliciter,
1272 2467 1308 2532 in
1323 2465 1490 2548 aliquibus

180 2587 341 2659 receptam
351 2570 718 2654 andemunqemde
727 2571 824 2646 instet
835 2569 904 2634 dies
919 2570 1187 2650 olotrdendarum,
1198 2581 1234 2636 ut
1249 2572 1349 2654 ajunt,
1362 2574 1493 2656 nuptia·

181 2705 262 2765 nrm,
272 2695 304 2748 et
317 2683 399 2751 aliua
414 2683 543 2766 sponsis
554 2681 756 2758 solemnitate
765 2679 907 2766 conjugii
918 2680 1172 2760 intereederetur,
1182 2681 1212 2744 ai
1227 2681 1261 2746 in
1270 2681 1400 2765 longius
1411 2693 1495 2754 tem·

180 2812 244 2876 pus
257 2791 391 2876 nuptiae
412 2789 622 2857 differrentur.
666 2789 890 2866 eramobrern
915 2807 980 2864 non
996 2789 1180 2865 dubitatum
1196 2801 1253 2868 est,
1270 2792 1350 2871 quin
1368 2793 1403 2857 in
1424 2791 1490 2860 bae

179 2915 269 2988 parte
283 2903 437 2979 standum
451 2903 495 2967 sit
507 2901 642 2984 naoeptis
657 2901 691 2966 in
704 2919 900 2981 uneqrraque
915 2899 1054 2975 dioeeesi
1070 2901 1220 2978 moribus,
1236 2909 1269 2963 et
1282 2899 1490 2992 disoiplinae.

182 3015 275 3080 Idem
297 3011 474 3082 dieeudnm
488 3009 601 3078 eritde
612 3008 865 3092 temperantias
877 3007 967 3090 quod
981 3019 1053 3091 post
1067 3007 1327 3074 denuntiationes
1341 3011 1496 3094 eoangH,

181 3119 351 3192 eelebrado
365 3133 432 3182 non
445 3116 624 3184 differatur:
643 3117 887 3196 etenimneque
902 3116 964 3182 hoe
987 3117 1046 3180 abs
1067 3117 1145 3200 jura
1167 3114 1418 3183 determinatum
1444 3133 1496 3188 est

182 3229 240 3292 sed
256 3228 370 3311 potins,
386 3245 445 3308 pro
469 3225 659 3295 dioeeeseon
684 3223 871 3300 diversitate
893 3223 928 3288 in
952 3223 1096 3306 spondis
1121 3215 1369 3307 pertinuistibns
1389 3227 1499 3294 diras

182 3353 220 3400 aa
235 3337 356 3403 ratione
371 3333 512 3413 finitum,
527 3335 656 3412 nlinrrbi,
677 3343 713 3399 et
735 3343 771 3399 ut
796 3332 976 3416 plurimum
999 3331 1085 3398 intra
1110 3332 1260 3401 bimestre
1282 3345 1499 3415 tesselatum,

182 3443 272 3527 quod
286 3455 442 3510 consonat
458 3442 577 3526 regulis
591 3442 731 3509 Rotnani
746 3441 949 3514 Rituelistit
961 3441 1002 3504 de
1016 3441 1229 3509 Sacramenta
1240 3443 1447 3525 matrimonii,
1459 3445 1495 3511 in

182 3569 247 3633 quo
257 3551 302 3622 ira
311 3550 435 3632 legitun
457 3548 583 3616 Sinera
598 3549 691 3614 intro
701 3549 784 3614 daton
793 3568 923 3614 ennaea
931 3549 1132 3631 postfacto-s
1143 3546 1411 3615 daruntmtioneo
1424 3569 1497 3614 mo·

182 3664 378 3730 innuentem
390 3683 457 3725 non
466 3661 689 3738 contrabatur,
701 3660 1179 3742 meermannianam,
1191 3660 1260 3723 nisi
1273 3661 1372 3724 aliter
1389 3660 1496 3744 Epis.

120 3767 124 3782 '
183 3771 434 3856 rependantur,
444 3768 564 3832 alicubi
574 3767 1078 3850 adquadrimsstriprorogatnm,
1092 3767 1141 3830 uti
1151 3778 1286 3830 testatur
1301 3768 1498 3835 Barbosade

180 3879 261 3961 odie.
279 3889 312 3958 et
324 3891 388 3964 pot.
398 3857 511 3963 Epire.
526 3877 655 3959 allegat.
670 3877 721 3940 32.
731 3895 821 3941 num
837 3876 898 3954 55,
914 3894 981 3957 quo
993 3875 1104 3958 elapso
1119 3876 1263 3954 termino,
1280 3877 1309 3940 si
1322 3876 1436 3957 sponsi
1452 3877 1498 3942 de

181 3989 326 4057 ineundo
340 3989 547 4054 matrimonio
571 3987 727 4069 negitent,¹
739 4005 806 4051 nnn
820 3995 918 4051 eruat
930 3983 1072 4066 amplius
1086 3983 1321 4080 admittendis
1340 3985 1498 4082 Parosta,

183 4095 248 4162 nisi
262 4097 378 4176 itermn
388 4093 436 4161 ‚ad
451 4113 553 4159 novas
575 4093 836 4163 denuntiationes
852 4092 1053 4171 deveniatur,
1066 4103 1125 4156 aut
1139 4094 1203 4156 nisi
1218 4112 1315 4174 super
1330 4093 1429 4158 novis
1441 4095 1499 4158 de·

181 4200 441 4270 nuntiationibus
470 4179 629 4274 iaciendis
642 4200 740 4267 fuerit
753 4203 796 4268 ob
811 4201 983 4266 Ordinatio
997 4199 1235 4284 dispensatum
1261 4203 1390 4269 eremrs
1404 4204 1501 4270 enim

181 4317 294 4390 poton,
303 4317 339 4370 ut
352 4307 438 4375 intra
445 4307 528 4375 iilud
537 4310 896 4394 tempnaqnedapouai
905 4311 1100 4393 praeteristi
1109 4309 1290 4392 voluerunt,
1299 4329 1386 4388 nove
1395 4327 1497 4394 qnae·

183 4415 261 4481 dam
274 4418 462 4500 emerserint
471 4418 710 4504 impedimenta,
723 4420 850 4503 quibus
864 4419 1107 4487 matrimonium
1118 4419 1267 4493 contrahi
1277 4419 1498 4503 probibentur·
