3120 4980
179 431 227 484 ns
241 402 365 496 moute,
377 431 513 491 sumus
528 432 692 490 curtius
707 435 750 482 ru
763 433 937 500 conterunt
954 437 1212 500 catanenses.
1307 419 1351 491 ὅ

68 547 135 624 num
147 559 294 627 aboleuit.
337 539 509 625 Oeotcrttm
523 557 643 640 quibus
658 559 856 644 temporibus
875 559 1040 640 accusatio
1053 559 1089 626 in
1100 558 1234 646 judiciis
1246 561 1351 646 publi·

67 669 141 732 cirin
155 687 216 732 usn
231 677 307 746 mot
334 677 505 734 creseunt
529 667 710 750 singulares
725 685 831 750 casus,
857 668 1025 751 inquibus
1050 671 1215 734 recusatio
1232 683 1300 734 erat
1314 671 1364 741 in.

68 775 248 858 obligatione.
293 775 420 840 Primus
435 785 512 856 erat,
527 793 603 846 cum
619 777 693 858 quis
702 777 773 860 jam
782 775 944 862 judicium
958 777 1157 858 instituisset,
1172 789 1206 845 et
1219 797 1349 862 mesto·

69 883 165 948 ciendo
177 895 319 950 caeteros
343 883 384 948 de
398 880 517 968 populo
532 885 575 948 ab
586 884 807 948 -nccusatioue
832 884 1034 968 exclusisseq
1051 886 1104 950 vel
1117 887 1205 952 enirn
1227 887 1348 959 tabum

69 1000 120 1052 ctat
139 991 267 1068 crimen,
292 989 380 1072 quod
393 991 598 1076 objicebann,
627 1001 698 1056 tum
713 1009 788 1054 vero
814 1008 936 1072 aequm
960 1009 1028 1056 nott
1053 1003 1130 1073 erut,
1149 995 1349 1060 contumelia

70 1100 196 1178 affatum
210 1102 349 1186 relinqui
363 1113 562 1182 accusatum,
585 1111 683 1182 etque
697 1111 917 1172 secutorem
931 1102 1117 1171 calumniae
1139 1124 1229 1172 teum
1244 1125 1350 1192 pocus

71 1225 186 1276 tuuum
199 1208 242 1274 ab
250 1208 378 1292 judicio
390 1207 549 1272 secedere.
590 1206 651 1270 Vel
665 1225 777 1272 rerum
792 1217 860 1272 erat
875 1209 1035 1294 objectum
1048 1211 1182 1294 crimeu3
1210 1223 1280 1276 tum
1294 1231 1350 1278 ve-

68 1335 93 1380 n
104 1318 241 1380 intererat
267 1317 462 1400 reipublicae
475 1316 725 1382 controversiam
750 1313 885 1395 deliniri,
900 1328 933 1380 et
947 1319 1033 1386 sumi
1056 1319 1097 1382 de
1111 1332 1264 1386 accusato
1278 1322 1349 1386 vin-

66 1426 175 1508 dictam
190 1427 274 1490 alias
288 1427 375 1496 enim
390 1446 432 1490 ex
456 1425 624 1489 voluntate
639 1424 763 1508 privati,
778 1425 836 1506 qui
855 1438 998 1490 caeteros
1020 1427 1062 1490 ab
1076 1429 1281 1492 accusatione
1294 1447 1349 1494 ex·

64 1532 141 1596 clusit
153 1531 398 1615 praeveniendo,
425 1531 560 1614 publiea
572 1531 701 1594 sublate
727 1529 841 1600 fuisset
857 1532 991 1614 utilitate
1017 1533 1118 1598 itntuo
1133 1547 1165 1598 et
1178 1534 1348 1600 srattdibus

64 1638 136 1704 locus
148 1642 215 1706 steri
241 1642 404 1724 potuisset,
433 1640 566 1723 quande
581 1651 750 1704 accusator
775 1638 869 1702 facile
884 1639 1065 1722 collusisset
1090 1660 1166 1706 cum
1181 1659 1242 1720 reo,
1259 1642 1348 1707 insti·

62 1748 160 1812 tuendo
168 1749 330 1833 judicium
356 1748 399 1815 ad
415 1747 637 1813 excludendos
653 1760 814 1824 caeteros,
830 1761 1046 1830 coeptumque
1068 1749 1228 1834 judicium
1244 1750 1286 1812 ed
1302 1751 1348 1814 rei

64 1855 250 1919 commodum
264 1854 449 1918 deserendo.
492 1855 666 1920 Secundus
681 1875 778 1920 casus
793 1869 869 1936 erat,
895 1877 972 1920 cum
987 1857 1060 1938 quis
1082 1877 1231 1940 supr-esso
1248 1860 1348 1922 norni-

63 1979 95 2024 ue
105 1982 157 2026 suo
171 1963 293 2027 crimen
316 1964 454 2048 alicujus
469 1964 580 2048 pelam
604 1963 773 2046 vulgasset
788 1963 829 2028 ad
843 1964 1035 2028 intuendam
1057 1985 1109 2028 reo
1125 1965 1277 2032 infamiae
1293 1985 1348 2032 no·

62 2069 318 2148 tan3t1mcenim
340 2073 368 2132 si
383 2071 493 2152 palem
505 2090 541 2132 se
567 2070 768 2153 prodidisset,
791 2083 824 2134 et
838 2074 1080 2139 accusationem
1096 2075 1130 2138 in
1140 2074 1265 2158 judicio
1280 2096 1346 2145 nou
1365 2117 1373 2128 .

63 2171 242 2253 instituisset,
256 2175 460 2258 gravissimis
475 2177 586 2257 poenis
601 2177 817 2258 coercebatur,
835 2192 992 2262 tanquam
1015 2183 1151 2266 insignis
1164 2185 1351 2256 calumniae

61 2294 125 2354 reus,
139 2298 209 2343 can.
226 2279 311 2362 lqet
324 2281 354 2342 2.
370 2300 459 2345 caus.
475 2285 504 2346 5.
520 2296 644 2366 quaest.
662 2287 691 2348 1.
728 2287 781 2350 Ad
798 2287 926 2352 tertium
941 2309 1056 2356 cusum
1071 2304 1195 2374 spectat
1209 2295 1347 2369 salubris

60 2381 217 2468 disciplina,
243 2407 310 2470 qua
324 2388 468 2468 traditur,
493 2391 567 2456 licet
581 2405 723 2476 potestas
750 2398 927 2480 uccttsaudi
949 2400 984 2465 iu
999 2401 1166 2468 arbitrium
1188 2407 1347 2492 cujusque

59 2492 156 2560 colluto
170 2497 339 2578 videretur,
364 2518 428 2562 non
446 2511 553 2564 temen
576 2504 720 2584 potuisse
735 2525 821 2586 euru,
847 2510 904 2589 qui
920 2509 1016 2574 telem
1044 2511 1235 2578 facultatem
1250 2517 1348 2582 habe·

58 2614 101 2676 ret‚
114 2617 242 2686 accepto
257 2607 395 2690 pecunia
410 2608 541 2690 pacisci,
558 2628 598 2672 ne
613 2624 788 2690 accusaret,
805 2633 873 2698 cap.
893 2615 942 2680 14.
958 2619 998 2680 de
1013 2619 1161 2686 simonia.
1205 2624 1244 2688 Id
1258 2628 1348 2692 enim

57 2709 195 2792 imprimis
210 2726 354 2798 vergeret
370 2715 403 2778 iu
419 2715 611 2797 reipublicae
626 2717 864 2802 detrimentum,
881 2725 959 2805 quia
973 2723 1069 2790 facile
1084 2728 1130 2792 rei
1147 2730 1346 2814 quicumque

55 2815 195 2882 scelerum
209 2819 426 2886 admissorum
440 2843 561 2906 poenas
583 2832 721 2908 pecunia
736 2827 814 2894 data
830 2832 1031 2917 redimerent;
1046 2836 1167 2904 delude
1188 2857 1255 2905 non
1271 2841 1346 2906 licet

54 2916 137 2985 elicui
152 2924 278 3006 privata
292 2927 438 3006 pactione
454 2933 637 2998 renuntiare
652 2937 700 3014 iis,
716 2956 801 3020 quae
815 2953 1003 3024 competunt
1019 2945 1195 3029 uuicuique
1215 2967 1280 3014 non
1299 2950 1345 3014 uti

52 3025 170 3110 priuato,
185 3029 245 3094 sed
261 3033 306 3095 uti
321 3033 377 3096 uni
391 3033 431 3098 de
446 3037 574 3119 populo,
590 3041 685 3123 quasi
700 3046 867 3126 agendum
882 3048 1031 3132 publicae
1045 3051 1156 3134 electo,
1173 3075 1344 3144 argumen-

52 3141 78 3194 to
89 3153 155 3222 cap.
173 3140 221 3204 ta
238 3139 279 3222 de
294 3139 361 3206 soro
375 3148 578 3228 competenti.

85 3245 193 3329 ltaque
208 3250 347 3316 dabutur
372 3253 548 3338 unicuique
564 3241 604 3321 de
629 3261 748 3344 populo
764 3275 834 3328 reos
858 3269 1035 3336 accusandi
1057 3269 1205 3358 facultas,
1224 3278 1288 3342 nisi
1302 3278 1344 3343 de

50 3365 83 3410 eo
94 3369 245 3440 ageretur,
261 3357 317 3440 qui
334 3357 383 3422 rel
399 3359 478 3442 lege,
496 3361 547 3424 vel
563 3365 704 3430 moribus
720 3370 762 3432 ab
777 3374 964 3448 accusando
979 3379 1192 3462 repelleretur.
1235 3383 1345 3450 Habet

50 3452 121 3520 haec
135 3461 280 3543 exceptio
305 3461 469 3548 duplicent
483 3467 750 3538 observationem.
782 3473 893 3544 Prima
907 3493 956 3544 est
970 3497 1117 3568 respectu
1142 3506 1262 3571 eorum,
1285 3484 1344 3574 qui

49 3571 226 3648 generaliter
250 3573 284 3638 in
293 3575 425 3658 judiciis
441 3577 577 3666 publicis
603 3571 757 3649 accusare
772 3605 838 3654 uon
863 3603 1019 3676 poterant,
1046 3596 1092 3660 ita
1117 3600 1340 3683 praecipiente,

48 3690 98 3742 sut
111 3683 261 3764 probante
271 3685 343 3768 jure
358 3687 456 3752 etiam
473 3692 690 3758 vetustissimo
704 3695 937 3768 Romanorum.
980 3707 1134 3774 Secunda
1149 3723 1197 3776 est
1218 3735 1341 3800 respec-

49 3793 78 3874 tu
91 3803 206 3868 eorum,
232 3791 289 3872 qui
304 3792 459 3876 singulari
469 3797 542 3878 jure
567 3798 602 3862 in
619 3800 776 3885 Ecclesia,
802 3809 854 3872 vel
868 3811 911 3874 ab
925 3813 1076 3883 Ecclesia
1096 3820 1138 3884 ub
1152 3805 1338 3890 accusando

48 3887 126 3958 fuere
139 3900 261 3962 remoti
296 3899 316 3965 J
320 3919 357 3964 us
371 3901 466 3965 civile
481 3916 646 3972 vetustum
659 3909 882 3982 Romanorum
896 3923 917 3982 u
932 3923 1026 4006 cujus
1039 3923 1210 4012 disciplina
1224 3933 1259 3996 in
1273 3933 1337 3998 heo

48 4013 126 4078 purte
140 4005 202 4070 sere
228 4026 389 4072 recessum
416 4011 559 4076 nonfuit
583 4015 617 4078 itt
633 4015 791 4099 Ecclesia,
817 4023 998 4090 excluserat
1012 4030 1054 4092 ab
1079 4037 1265 4100 accusando
1279 4055 1335 4100 eos

46 4109 147 4186 quide
162 4113 289 4198 publico
303 4117 437 4180 crimine
451 4121 594 4184 accusati
606 4136 689 4204 stunt,
705 4125 865 4208 pendente
874 4131 1005 4216 judicio,
1021 4136 1074 4200 ‚vel
1089 4139 1145 4221 qui
1156 4139 1197 4203 de
1211 4142 1334 4208 calum·

45 4214 95 4278 uie
107 4223 242 4288 convicti
256 4223 338 4286 alius
351 4223 486 4314 fuerant,
513 4225 607 4292 facilc
622 4230 792 4316 litigantes,
818 4249 849 4302 et
863 4241 1166 4330 quomodocumque
1180 4253 1331 4335 suspecti,

41 4337 168 4404 quocun
181 4351 318 4398 numero
341 4337 496 4400 recenseri
506 4339 578 4422 jure
593 4356 735 4424 possunt,
762 4349 819 4428 qni
832 4369 948 4434 graves
963 4373 1040 4421 euru
1057 4371 1208 4423 accusato
1222 4363 1329 4432 iuimi-

38 4429 120 4498 tities
133 4439 258 4524 gerunt,
281 4440 420 4525 denique
434 4461 547 4508 omues
563 4443 709 4536 iniameq
736 4453 824 4536 quod
839 4466 936 4603 ct'trem
950 4457 1124 4612 fupvsmgis
1145 4467 1327 4538 caecubae

236 4551 238 4556 ,
902 4559 960 4604 otu.
1032 4592 1040 4610 .
1105 4593 1113 4614 .
