3120 4980
232 434 277 480 oa
292 414 535 492 couneuue'r,
551 431 620 478 vsa
643 427 822 491 essonae,
837 429 907 476 van
921 427 1073 476 euacua.
1091 427 1196 475 asoa.
1322 403 1368 474 63

90 557 246 641 apocupba
259 557 395 641 epistola
410 567 467 636 est,
495 555 552 618 sed
567 565 599 620 et
614 553 800 638 apocrypha
822 563 899 618 sunt
914 564 986 616 acta
1009 553 1134 635 integra
1148 551 1237 616 illius
1252 551 1367 617 Conci·

90 667 115 732 lii
127 668 195 732 adeo
207 659 347 747 barbara,
363 679 395 732 et
408 667 580 749 squallida,
605 677 641 731 ut
655 667 861 740 stomachum
878 665 995 748 legenti
1023 665 1118 730 facile
1133 676 1286 730 moveant
1306 667 1371 728 mi·-

89 779 158 844 uimo
171 799 243 843 sane
257 777 483 842 convenientia
499 777 660 860 adjunctis
675 777 780 860 quinti
797 776 918 840 saeculi
933 775 1151 856 ecclesiastici,
1168 777 1260 860 cujus
1275 775 1366 838 initio

87 889 180 954 dirtos
193 892 293 954 tenuit
314 889 555 955 Pontificatum.
599 889 685 952 Hinc
702 907 830 970 quoque
846 889 997 952 salsitatis
1020 887 1221 972 redarguitur
1235 888 1367 970 inscrip-

88 995 121 1060 tio
132 1001 254 1061 canonis
270 999 321 1060 12.
338 1016 425 1060 caus.
441 999 471 1058 2.
487 1005 612 1078 qrraest.
629 997 670 1072 5,
685 997 741 1078 qui
758 997 905 1058 tribuitur
919 995 1100 1076 Agathensi
1116 993 1260 1058 Concilio
1276 1007 1367 1058 sexto

85 1103 194 1166 noculo
206 1085 385 1182 celebrato,
399 1114 431 1164 et
446 1103 479 1164 in
496 1121 560 1183 quo
586 1102 623 1165 fir
638 1103 759 1166 mentio
787 1103 986 1185 purgationis
1001 1103 1184 1166 Sacerdotis
1206 1121 1281 1166 cum
1298 1123 1366 1186 sep

86 1219 143 1290 tem,
159 1209 292 1275 Diaconi
306 1231 383 1278 cum
399 1212 499 1274 tribus
514 1211 565 1274 sui
580 1209 713 1274 Ordinis
734 1211 829 1276 sociis
845 1211 1021 1276 faciendae.
1066 1213 1193 1276 Primus
1210 1214 1369 1278 Burchar·

83 1317 132 1382 dus
147 1341 214 1384 eam
229 1322 424 1384 sententiam
439 1321 549 1384 tribuit
572 1321 754 1402 Agathensi
770 1323 923 1400 Concilio,
950 1343 1050 1404 quam
1066 1325 1310 1388 elucubraverat
1325 1347 1367 1390 ex

83 1431 163 1493 uariis
178 1431 394 1494 monumentis
410 1429 647 1512 capitularium
665 1431 873 1510 Francorum,
890 1443 920 1492 et
932 1434 1027 1515 juxta
1041 1451 1143 1494 mores
1159 1453 1238 1495 suae
1253 1435 1368 1498 aetatis

82 1539 221 1603 edendam
237 1541 374 1619 curavit,
401 1541 602 1622 quodetiam
627 1539 798 1603 observavi
823 1541 855 1602 in
879 1541 960 1602 meis
983 1517 1319 1606 animadversionibus
1335 1547 1367 1610 iu

83 1649 266 1718 Gratianum.
290 1651 377 1716 Hinc
391 1653 532 1734 deniquo
545 1651 694 1714 salsitatis
707 1651 910 1734 redarguitur
920 1672 1023 1716 canon
1037 1653 1084 1731 13.
1098 1673 1187 1716 caus.
1199 1655 1228 1718 2.
1244 1667 1367 1738 quaest.

81 1760 110 1837 t,
124 1761 254 1826 tributus
271 1761 417 1825 Concilio
432 1759 586 1823 ilerdensi
603 1769 660 1823 aut
676 1779 762 1822 armo
777 1760 859 1838 5211,
876 1771 932 1824 aut
944 1781 1030 1823 auno
1045 1761 1116 1824 546.
1129 1761 1295 1840 celebrato,
1311 1765 1388 1846 qui·

78 1871 166 1950 potius
181 1869 366 1934 reserandus
382 1879 431 1932 est
456 1868 497 1930 ad
513 1869 714 1950 Capitularia
730 1869 940 1946 Francorum,
970 1867 1246 1949 quemadmodum
1263 1880 1294 1931 ot
1309 1889 1368 1953 ego

79 1978 185 2042 ostendi
201 1981 233 2042 in
252 1978 393 2041 laudatis
409 1977 745 2040 animadversionibus
761 1978 794 2038 in
812 1973 1015 2038 Gratianum.
1052 1975 1165 2056 ltaque
1182 1976 1319 2058 primum
1334 1977 1367 2040 iu

77 2081 304 2166 capitularibus
319 2086 519 2150 Francorum
546 2084 662 2147 tradita
677 2095 725 2146 est
741 2086 808 2167 ejus
824 2085 1023 2166 purgationis
1038 2071 1148 2162 forma,
1169 2084 1201 2146 in
1225 2103 1291 2165 qua
1307 2094 1368 2146 sta·

77 2189 123 2252 tinr
138 2211 198 2256 uon
214 2205 321 2256 certus
338 2209 493 2255 numerus
509 2191 747 2274 conjuratorum
763 2191 958 2254 constitutus
973 2201 1030 2262 est,
1047 2189 1103 2252 sed
1119 2193 1169 2254 vel
1184 2194 1297 2268 trima,
1318 2193 1370 2256 vei

75 2304 210 2387 quinque,
227 2305 280 2368 uel
294 2311 426 2386 septem,
453 2303 600 2385 eaemplo
617 2301 741 2364 Leonis
766 2301 895 2384 Papae,
923 2301 981 2385 qui
995 2301 1166 2364 duodecim
1182 2301 1369 2387 Episcopus

74 2405 103 2468 iu
115 2427 172 2472 arro
184 2411 392 2494 purgatione
406 2409 531 2488 lradrrit,
549 2409 594 2470 uti
612 2408 728 2490 legitur
743 2409 775 2470 in
792 2409 877 2471 dicto
892 2427 962 2471 can.
982 2409 1029 2471 19.
1046 2427 1134 2474 caus.
1150 2411 1179 2473 2.
1195 2424 1318 2492 quaest.
1335 2414 1363 2475 5.

73 2512 147 2579 Eam
160 2519 200 2581 ob
217 2537 285 2580 tem
311 2519 345 2579 in
360 2517 488 2580 arbitrio
503 2527 571 2578 crat
587 2513 831 2600 Episcopornm,
859 2515 955 2578 modo
971 2517 1131 2599 majorem,
1153 2515 1249 2578 modo
1264 2522 1365 2580 mino·

71 2641 126 2688 rem
141 2629 379 2712 conjurantium
407 2645 579 2690 numerum
595 2627 772 2709 designare,
790 2645 846 2708 pro
861 2625 1061 2708 suspicionis,
1090 2637 1125 2687 ut
1141 2627 1279 2704 arbitror,
1297 2647 1365 2710 gra-

71 2733 164 2797 vitate.
210 2739 354 2800 Factum
369 2736 444 2799 inde
471 2735 538 2812 suit,
566 2745 601 2797 ut
619 2736 650 2798 iu
666 2735 939 2817 subsequentibus
963 2735 1116 2799 conciliis
1139 2735 1235 2798 modo
1257 2739 1364 2822 major,

69 2843 153 2906 modo
168 2847 275 2909 minor
292 2864 446 2908 numerus
462 2845 691 2926 designaretur,
709 2844 804 2906 modo
816 2846 912 2907 etiam
925 2845 1114 2926 generaliter
1129 2845 1286 2908 diceretur
1297 2865 1366 2908 sus-

68 2961 185 3028 pectum
200 2973 275 3014 esse
286 2955 494 3037 jurejurando
509 2953 724 3036 purgandum,
740 2955 819 3036 qnia
835 2953 876 3014 dc
888 2973 1022 3017 numero
1037 2956 1228 3020 contestium
1245 2959 1366 3021 mentio

67 3051 153 3135 fieret,
172 3060 217 3122 uti
236 3059 353 3140 legitur
368 3061 564 3140 in‚Coucilio
580 3063 783 3126 Triburiensi
809 3081 879 3126 can.
896 3063 946 3126 22.
964 3065 1017 3126 ibi:
1035 3065 1076 3128 st
1090 3067 1236 3152 quis...
1255 3069 1365 3154 aliquo

66 3163 200 3243 crimine,
230 3175 293 3230 aut
308 3170 454 3250 bgfamia
479 3170 667 3253 dcprrtotur,
694 3171 906 3254 ratatrrrjare,
926 3174 1120 3255 juramento
1141 3197 1175 3238 se
1199 3197 1363 3240 eacusare.

64 3271 99 3336 Si
113 3297 186 3340 vero
202 3287 307 3355 lauto,
336 3278 460 3362 talique
475 3279 612 3341 crimine
630 3279 833 3362 publicatur,
849 3289 886 3343 at
902 3282 1101 3345 criminosus
1123 3293 1142 3346 a
1155 3283 1281 3367 populo
1295 3305 1366 3346 stes·

59 3380 190 3463 piretur,
219 3407 261 3448 ac
284 3394 461 3468 propterea
486 3387 726 3470 superjuretur,
753 3397 812 3451 aret
835 3389 1035 3470 carpiteatur,
1062 3399 1091 3453 el
1104 3393 1278 3474 poeniteat,
1306 3403 1366 3458 out

63 3485 236 3574 Episcopo,
266 3491 316 3555 ool
332 3491 439 3554 Misso
464 3515 524 3558 suo
549 3495 750 3574 disorttierrte,
774 3499 966 3581 perignem
992 3499 1247 3584 cartdeutiferro
1273 3513 1367 3568 carate

60 3599 276 3664 examinetur.
322 3601 486 3684 Descripsi
501 3604 636 3666 canonis
652 3606 757 3684 verba,
774 3617 810 3670 ut
824 3621 1019 3689 agnoscatur
1035 3609 1199 3692 mendum,
1220 3614 1306 3695 quod
1324 3635 1365 3678 ex

60 3703 247 3771 collectione
263 3709 443 3772 Bruchardi
459 3711 617 3775 derivavit
632 3701 753 3779 in'can.
771 3716 818 3804 ib.
835 3734 924 3777 caus.
941 3715 969 3795 2,
986 3729 1109 3798 quaest.
1125 3721 1164 3797 5.,
1182 3719 1236 3782 ubi
1257 3741 1366 3804 perpe·

60 3829 121 3877 rarn
139 3815 270 3900 legitur,
287 3817 470 3884 faciendam
486 3838 556 3882 esse
572 3841 646 3886 cam
661 3823 832 3887 drto'decr‘m
855 3825 1013 3907 ingenuis
1028 3826 1261 3908 purgationem.
1306 3827 1366 3888 Ge-

59 3920 205 3985 ncraliter
221 3943 352 4008 quoque
372 3925 405 3988 in
420 3945 546 3990 canone
564 3929 611 3991 16.
628 3944 718 3994 caus.
733 3933 764 3994 2.
781 3941 903 4014 quaest.
920 3935 948 3996 5.
966 3933 1027 3996 sub
1043 3935 1172 3998 nomine
1185 3935 1364 4014 Hiacmari,
1439 3995 1443 4002 .

57 4019 254 4091 Rhomensis
270 4028 408 4112 legimus
431 4035 652 4114 coustitutum,
673 4047 714 4101 'ut
730 4050 825 4102 testes
851 4041 1045 4124 recipiantur
1066 4041 1108 4105 ad
1133 4043 1363 4125 purgationem,

56 4145 90 4194 oo
104 4133 234 4221 adjecto
253 4137 286 4202 in
302 4139 433 4222 integris
459 4135 807 4228 capitulis'Hincmari,
831 4162 867 4214 ut
884 4163 945 4214 tros
960 4151 1075 4216 saltem
1100 4165 1260 4216 contestes
1275 4154 1364 4219 adhi-

57 4239 199 4326 beantur,
219 4247 267 4312 uti
284 4249 503 4316 demonstravi
527 4254 560 4316 in
577 4255 657 4318 meis
672 4255 936 4324 adnotationibus
952 4261 985 4324 in
1001 4261 1205 4324 Gratianum.
1222 4261 1364 4327 Alexan·

53 4351 106 4424 der
120 4357 162 4424 ΙΙ.
181 4360 217 4422 in
235 4361 327 4443 epist.
343 4362 385 4425 ad
400 4363 603 4429 Ramaldum
629 4367 817 4434 Cumanum
834 4371 1043 4458 Episcopum,
1070 4375 1162 4458 cujus
1182 4371 1366 4456 fragmenta·

55 4481 128 4532 tuat
142 4471 179 4535 iu
195 4490 264 4536 can
282 4471 347 4557 ll.,'
363 4484 396 4539 et
410 4475 439 4539 t.
455 4495 536 4541 vers.
564 4477 812 4566 Pargatioaem
825 4501 915 4548 caus
932 4483 971 4562 Ι2.
986 4495 1111 4570 qrraost.
1127 4487 1167 4568 5,
1193 4495 1363 4552 contentus
