3276 4984
142 549 1372 808 ¹aeassuendasaunitas

536 890 1048 1022 ΤΒΑΟΤΑΤΙΟ,

360 1181 437 1254 ΑΙ)
459 1160 626 1266 QUAM
647 1177 919 1252 connoaA
941 1175 1210 1249 Messana

255 1423 424 1474 Quassus
441 1423 615 1468 ennoean
633 1423 684 1466 IX·
709 1421 970 1468 mammaea
987 1419 1100 1463 Lem
1117 1420 1308 1466 eximius.

143 1679 229 1804 01²
236 1737 372 1804 TAND
381 1734 458 1802 ΠΜ
467 1737 616 1822 squidem
630 1746 677 1800 est
692 1737 863 1821 ingeniosa
878 1738 957 1812 vira,
980 1719 1202 1821 egrigiaeque
1213 1738 1357 1822 aiicujus
1372 1739 1438 1802 dis-

136 1851 264 1935 ciptina
276 1849 403 1928 oscitari,
419 1849 532 1926 atilli,
550 1847 607 1932 qui
617 1849 798 1932 praecipue
823 1869 940 1910 namen
966 1847 1100 1926 dederit,
1116 1847 1284 1912 doetrinae
1297 1851 1435 1911 nonnat-

135 1959 188 2022 ias
202 1959 304 2023 ianas
316 1967 404 2021 artes
418 1958 565 2042 adjiciat,
582 1965 619 2020 nt
633 1979 668 2020 eo
682 1959 747 2020 sibi
762 1958 888 2036 cultior,
915 1979 953 2022 aa
968 1961 1017 2020 rei
1027 1959 1181 2042 publicae
1195 1958 1310 2020 utilior
1325 1959 1435 2021 videa-

136 2075 200 2144 tur,
217 2087 280 2150 qao
293 2065 397 2150 plara
409 2064 475 2128 sibi
488 2063 604 2128 deeora
616 2065 872 2148 comparaverit·
886 2071 924 2127 at
940 2073 1051 2126 tamen
1065 2065 1103 2126 te
1116 2087 1155 2126 ea
1170 2073 1240 2127 eata
1262 2065 1368 2148 piene,
1384 2087 1436 2130 ea-

135 2177 324 2260 mutateque
338 2175 549 2259 adsequatur,
566 2182 625 2237 eut
640 2193 718 2236 rare
733 2177 846 2254 evenit,
870 2181 930 2236 ant
952 2195 1142 2258 numquam,
1159 2183 1334 2258 propterea
1350 2177 1436 2259 quad

135 2299 166 2353 et
179 2289 324 2352 humani
336 2285 469 2370 ingenii
481 2286 670 2370 infirmitas,
686 2295 717 2348 et
741 2287 831 2350 varii
852 2286 1018 2350 numanae
1030 2287 1125 2348 uitae
1141 2289 1299 2368 angustis
1305 2286 1436 2369 finibus

134 2399 404 2482 circumscriptae
428 2417 533 2476 carue,
558 2405 589 2460 et
613 2395 874 2480 uniuscnjusque
899 2375 1057 2458 scientiae
1082 2395 1148 2458 late
1173 2395 1299 2477 diffissa
1314 2399 1435 2482 ampti-

134 2507 223 2585 tuda,
240 2505 403 2568 neminem
408 2507 486 2588 sere
500 2506 550 2566 ita
571 2505 728 2588 patiatur
753 2505 876 2582 ornari,
892 2506 950 2568 eia
966 2505 1144 2588 qaisquam
1156 2513 1233 2587 past
1247 2507 1363 2588 tangas
1377 2529 1436 2571 nea

134 2615 343 2678 intermissas
367 2615 500 2692 iabores,
526 2613 728 2698 vigiliasque
754 2614 791 2676 in
816 2635 887 2676 ana
900 2616 1067 2698 perfectas
1082 2635 1151 2676 esse
1165 2616 1304 2677 seientia
1317 2619 1434 2700 pessit.

136 2723 318 2789 Caeterum
331 2722 496 2808 quaedam
519 2723 710 2786 idemtidem
734 2731 908 2785 oeutrrnnt
934 2733 1145 2804 argumenta,
1172 2726 1209 2786 in
1235 2726 1354 2808 quibus
1378 2735 1434 2805 tat,

133 2839 313 2915 tantaeque
326 2839 407 2893 aurit
421 2839 482 2894 aut
495 2831 706 2908 necessarias,
722 2839 783 2894 ant
798 2839 979 2914 oportunae
1001 2831 1303 2896 animadversiones
1317 2835 1436 2900 haben·

134 2939 204 3018 tae,
220 2949 261 3004 ut
275 2940 354 3002 belle
367 2961 433 3002 non
456 2939 523 3002 nisi
538 2937 577 3002 ab
604 2960 638 3002 ea
661 2942 800 3002 tractari
824 2949 951 3024 queant,
969 2942 1026 3024 qai
1040 2943 1227 3004 mattarum
1241 2943 1435 3028 disciptina-

134 3072 212 3116 rum
233 3051 410 3137 principia
433 3051 545 3114 sedata
562 3052 675 3132 faerit
700 3052 887 3129 meditatus,
914 3051 1089 3138 eademqne
1104 3056 1258 3137 apprime
1272 3058 1433 3121 eattaerit.

134 3164 251 3248 Hujus
264 3183 345 3227 sane
356 3162 493 3245 generis
518 3169 757 3244 aegrine-nean
779 3171 834 3239 est,
862 3165 949 3248 quad
963 3165 1176 3230 tractandam
1190 3169 1433 3252 inpraesentia

132 3274 289 3358 mespicia,
312 3273 352 3336 de
366 3272 504 3356 juribus
533 3271 789 3358 Ganjugioraen:
812 3274 975 3338 nimirum
999 3276 1035 3338 in
1057 3295 1092 3337 ea
1118 3275 1225 3339 satida
1249 3278 1434 3342 altissimae

136 3380 297 3444 Etleniees
308 3387 494 3464 praecepta,
511 3381 630 3463 quibus
644 3382 809 3446 naturalis
825 3383 977 3446 honestas
995 3384 1228 3467 investigatur,
1240 3409 1278 3451 aa
1287 3387 1434 3452 demons-

133 3495 256 3564 tratur,
269 3487 468 3570 explicanda
478 3495 571 3566 snnt;
583 3489 699 3551 deinde
710 3489 858 3552 hrzbenda
865 3491 1047 3574 perspicae
1062 3494 1333 3574 tractandarum,
1350 3519 1434 3581 qaae

134 3597 170 3659 in
182 3595 292 3660 saeris
307 3595 434 3660 Litoris
449 3603 521 3660 tum
542 3598 668 3672 veteris,
695 3605 768 3661 tum
793 3601 869 3662 navi
891 3600 1095 3664 Testamenti
1119 3601 1190 3666 Deo
1206 3613 1337 3668 auctare
1351 3623 1430 3670 earu

134 3709 230 3786 edita,
242 3707 380 3791 adjectis
395 3706 448 3786 iis,
464 3729 548 3793 qnae
562 3709 669 3772 saneti
685 3709 854 3773 Ecclesiae
869 3711 992 3776 Patres
1001 3713 1121 3776 traditi
1135 3715 1243 3780 diuidi
1257 3720 1347 3782 verbi
1362 3743 1433 3784 ens·

134 3819 221 3880 tedes
234 3817 432 3895 docuerunt·
445 3827 619 3902 propterea
629 3819 725 3902 juris
740 3821 846 3883 ciuilis
865 3821 1017 3900 Romani,
1036 3845 1074 3886 ae
1087 3835 1251 3908 pestremo
1267 3830 1433 3894 eeclesias-

133 3925 273 3992 tievrum
291 3925 466 3992 Canennne
476 3949 542 3992 nan
567 3929 775 4011 ignorantiae
800 3938 878 3994 sunt
903 3930 1122 4013 definitionem
1136 3937 1306 4023 andefiat,
1323 3950 1359 4002 ut
1375 3953 1434 4024 qni

133 4035 259 4101 athene
275 4055 345 4100 rem
354 4057 489 4120 operam
497 4037 542 4100 sit
553 4037 742 4114 collaturus,
756 4047 786 4099 et
798 4040 834 4100 in
846 4041 996 4104 naturali
1008 4041 1235 4128 Philosophia,
1253 4055 1284 4108 et
1298 4049 1335 4108 in
1350 4049 1434 4110 divi·

131 4163 253 4234 aarum
268 4165 383 4210 rerum
396 4143 565 4228 sapientia
579 4145 674 4208 valde
686 4149 871 4230 profecerit,
888 4169 958 4212 nna
974 4159 1085 4214 autem
1110 4161 1141 4216 et
1147 4153 1241 4238 juris
1259 4157 1436 4240 utriusque

129 4255 350 4338 prudentiam
364 4257 463 4339 terega
478 4257 588 4320 stadia
610 4258 816 4342 profiteatur.
862 4259 994 4324 Revera
1009 4265 1183 4348 inprimis
1198 4269 1435 4350 nataraejmn

129 4363 320 4450 diligenter,
346 4367 533 4450 curioseque
561 4375 640 4428 stent
661 4367 907 4450 investiganda,
935 4371 1065 4454 qnando
1091 4372 1211 4435 nonde
1229 4371 1434 4438 Christiana

127 4491 208 4538 rum
222 4481 365 4553 tardum,
379 4473 436 4556 qai
450 4471 580 4558 tegibus
594 4473 720 4541 divinis
749 4483 781 4538 et
795 4475 1020 4540 ecelesiasticis
1034 4477 1163 4541 subesse
1184 4499 1219 4543 se
1230 4481 1347 4564 petam
1359 4481 1433 4566 glo·
