3210 4990
188 377 253 446 bib
567 405 813 454 nrasaarauro
834 407 991 473 coruus,
1014 412 1093 460 cre.
1114 393 1139 460 1.

183 541 260 590 rum
273 525 514 609 conjunctiones
537 527 646 592 irritae
660 540 764 612 eruut,
788 530 884 596 firma
899 543 1027 600 tautum
1048 541 1204 600 manente
1217 535 1329 620 prima,
1343 536 1433 621 quod
1446 557 1499 604 se·

184 640 312 706 eundae
327 643 437 707 uxoris
451 644 694 727 superinductio
708 645 894 712 foeditatem
908 651 1058 734 conjugio
1073 649 1187 716 intima
1201 652 1424 718 inhaerentem
1438 671 1498 718 ex·

184 748 302 832 hibeuq
327 751 507 834 eademque
532 753 757 818 ratioue‘irrita
778 755 930 839 conjugia
944 767 1038 820 eruut
1063 758 1145 822 iuter
1159 777 1214 822 eoa
1242 769 1416 840 contracta,
1431 758 1494 841 qui

183 855 227 920 ob
240 857 455 922 arctissimam
468 858 749 941 necessitudinem,
765 872 846 945 pata
865 865 1039 947 sauguinis
1051 866 1230 947 vinculum,
1244 869 1497 951 conjungantur,

185 968 233 1034 uti
249 979 325 1032 aunt
339 979 475 1052 pater-et
488 969 565 1048 filia,
580 981 683 1034 mater
696 983 728 1034 et
743 971 838 1054 iilius,
854 984 887 1036 et
915 993 1070 1056 personae
1085 975 1252 1058 proximae
1267 975 1309 1040 ad
1325 977 1389 1040 iras
1402 995 1499 1040 aece-

179 1079 307 1146 dentes.
352 1081 438 1144 Cum
452 1080 593 1162 denique
608 1082 707 1146 vetita
721 1095 798 1146 sunt
812 1083 963 1166 postremi
985 1086 1119 1167 generis,
1137 1085 1294 1150 nimirum
1304 1085 1392 1168 quod
1406 1093 1495 1152 certa

184 1190 337 1274 conjugia
351 1190 386 1254 in
411 1189 573 1272 generalia
587 1189 747 1272 quaedam
773 1191 931 1274 principia
944 1191 1126 1275 impingant
1155 1203 1250 1266 extra
1259 1191 1403 1274 conjugii
1416 1207 1497 1252 eau-

180 1317 266 1374 sam,
282 1300 351 1362 sive
364 1297 452 1380 quod
477 1298 665 1382 conjugium
678 1299 788 1364 minua
813 1300 987 1366 honestum
1002 1300 1138 1366 reddant
1153 1321 1195 1366 ex
1209 1300 1379 1380 accidenti,
1394 1309 1495 1382 etque

184 1423 228 1470 ex
242 1404 402 1488 adjunctis
430 1405 580 1488 conjugio
589 1405 656 1487 ipsi
670 1389 807 1487 prorsus
817 1407 994 1488 exuaneiq
1021 1405 1087 1470 alia
1101 1407 1215 1489 raguta
1228 1405 1388 1470 tradenda
1403 1405 1494 1472 vide·

185 1523 245 1593 tur,
260 1514 323 1576 hoo
336 1524 393 1592 est,
409 1513 560 1597 conjugia
574 1512 690 1590 eadem
702 1513 815 1579 illicita
828 1513 907 1593 fieri,
922 1515 1009 1597 quod
1024 1533 1090 1579 nou
1104 1516 1331 1600 undecumque
1346 1535 1494 1599 praecep

185 1625 228 1688 tia
242 1625 392 1690 omuibus
406 1623 612 1703 conveniant,
638 1643 705 1690 ooo
719 1637 830 1688 autern
844 1627 940 1704 irrita,
965 1626 1055 1709 quod
1069 1627 1139 1710 ipsa
1148 1647 1210 1709 per
1223 1647 1260 1690 se
1274 1625 1384 1691 adhuc
1398 1627 1494 1692 firma

181 1734 251 1797 aiut
259 1733 551 1818 juatasiuguiaroa
566 1744 702 1796 naturae
715 1734 938 1818 conjugiorum
964 1734 1062 1818 leges3
1079 1739 1287 1817 nequeenim
1303 1735 1387 1798 adeo
1399 1747 1496 1800 uatu-

182 1861 222 1910 ra
237 1845 371 1928 negligit
394 1847 505 1908 omnia
518 1843 661 1929 coniugii
685 1863 740 1926 per
753 1859 789 1906 se
814 1843 940 1908 honesti
956 1845 1048 1924 bona,
1074 1855 1110 1908 ut
1124 1863 1163 1907 ea
1188 1845 1320 1927 iusuper
1340 1845 1494 1910 habenda

183 1955 367 2038 praecipiat,
393 1965 661 2036 quotiescumque
685 1951 850 2034 quaedem
873 1951 1007 2018 aliunde
1035 1963 1201 2035 emergant
1228 1965 1321 2018 extra
1349 1955 1494 2038 conjugii

180 2081 321 2126 causam
335 2063 556 2146 improbanda.
598 2062 686 2126 Hinc
700 2073 756 2141 est,
775 2073 810 2124 ut
834 2061 907 2124 iicet
920 2079 1090 2143 perperam
1113 2075 1190 2146 agat
1203 2061 1437 2127 filiusfamiiiaa
1450 2064 1495 2128 si·

181 2193 228 2238 ne
242 2191 403 2237 consensu
425 2183 596 2256 parantum
615 2171 802 2256 conjugium
826 2169 1030 2250 conuahaue,
1056 2181 1115 2234 aut
1138 2173 1195 2254 qui
1211 2172 1300 2234 vovit
1325 2171 1494 2236 ocutioetrs

185 2285 265 2348 tiam
280 2283 522 2348 matrimonium
535 2281 710 2360 celebrans,
726 2279 939 2343 nihilominus
961 2291 1072 2355 tamen
1087 2280 1219 2354 firmum
1232 2281 1421 2366 eonjugium
1434 2281 1493 2344 ha

182 2394 307 2474 beator,
334 2393 413 2474 quia
427 2391 492 2456 duo
518 2389 576 2454 iiia
597 2399 766 2473 praecepta
790 2387 954 2470 generalia
976 2400 1061 2468 aunt,
1077 2407 1143 2453 uon
1164 2407 1268 2454 unam
1295 2389 1493 2456 matrimonii

183 2521 321 2568 oausam
347 2511 502 2586 spectauq
518 2511 550 2562 at
574 2499 715 2582 primum
729 2514 769 2559 ea
783 2495 911 2578 respicit
939 2495 1106 2577 uuiversap
1115 2497 1149 2559 iu
1164 2497 1284 2578 quibua
1297 2496 1493 2576 obsequium
1543 2523 1549 2532 ·

181 2627 263 2693 arga
277 2619 424 2690 parentes
438 2604 661 2670 exhibendum
676 2605 727 2684 sit,
741 2603 879 2668 altorum
893 2620 932 2666 ea
947 2605 1065 2683 omnia,
1092 2604 1126 2668 in
1141 2603 1260 2687 quibus
1274 2602 1351 2670 data
1367 2604 1493 2682 Decii·
1598 2673 1599 2678 ἵ

180 2716 244 2800 das
257 2732 422 2798 nusquam
437 2711 648 2777 rescindatur.
1598 2781 1599 2788 ἵ

225 2825 329 2896 Quod
353 2826 381 2887 si
404 2823 446 2886 ds
468 2822 582 2886 diuino
599 2822 670 2904 jure
695 2839 800 2884 sermo
824 2821 1019 2901 insumatur,
1046 2821 1117 2884 sire
1137 2819 1225 2886 iliud·
1242 2820 1276 2884 iu
1292 2829 1405 2900 vetere,
1419 2819 1493 2884 sive
1598 2855 1599 2884 ;

182 2933 267 3002 titud
282 2935 416 2998 innovo
438 2941 632 2996 manento
653 2930 865 2994 constitutum
891 2930 1242 3013 proponatur,·tripiioia
1257 2929 1384 3012 generis
1398 2945 1491 3012 prae

181 3055 278 3128 cepta
292 3041 489 3108 secernenda
502 3051 590 3124 suut3
607 3039 673 3104 aiis
686 3041 775 3104 euim
797 3039 945 3102 naturaie
953 3041 1013 3123 jus
1031 3051 1089 3102 aut
1102 3039 1224 3102 clarium
1236 3035 1495 3121 explicaverunt,

180 3165 245 3218 aut
272 3153 371 3236 paulo
400 3153 497 3215 iatius
527 3149 757 3234 produxeram
782 3147 848 3210 alia
870 3145 914 3210 ad
938 3149 1127 3230 erigendam
1149 3149 1354 3212 sanctitatem
1379 3149 1492 3231 conjit-

182 3261 230 3346 gii
245 3261 412 3344 pertineot3
438 3258 502 3322 elia
527 3255 668 3338 denique
691 3253 855 3337 generacio
878 3263 964 3334 suot,
990 3273 1050 3318 nea
1064 3253 1122 3318 ad
1147 3254 1355 3318 matrimonia
1379 3255 1492 3337 siugu-

182 3371 244 3435 iari
262 3369 327 3453 juri
351 3366 538 3446 referuntur,
565 3365 685 3446 quibus
710 3372 876 3445 propterea
898 3379 965 3426 non
990 3360 1081 3426 aliter
1105 3361 1311 3426 matrimonio
1340 3359 1394 3424 lex
1423 3360 1491 3426 dici

185 3479 265 3558 risa,
288 3487 344 3556 est,
367 3493 469 3558 quam
491 3475 570 3557 quia
593 3470 836 3538 matrimonium
858 3470 924 3535 aab
948 3481 1034 3534 certo
1062 3489 1178 3553 gauere
1198 3469 1411 3534 contineatur.
1452 3469 1491 3536 Si

183 3583 297 3647 diviua
321 3594 492 3665 praecepta
514 3591 650 3669 naturae
679 3579 897 3642 institutiones
920 3578 1040 3643 clarius
1065 3578 1219 3660 pandant,
1243 3595 1321 3642 cum
1346 3577 1492 3661 regiain-

181 3693 366 3774 tarpretatio
394 3709 470 3772 pars
494 3689 574 3772 legis
603 3689 652 3767 rit,
682 3686 769 3750 idern
798 3685 840 3750 de
868 3685 989 3752 divinis
1020 3685 1276 3752 institutionibus
1312 3684 1491 3753 dicendum
1598 3687 1599 3690 ’

183 3815 239 3885 est,
269 3802 356 3885 quod
383 3803 426 3869 de
452 3799 658 3864 naturalibus
686 3796 784 3860 modo
812 3796 972 3876 dicebam,
1000 3797 1049 3860 nti
1078 3796 1188 3860 statim
1213 3794 1315 3875 liquet
1342 3793 1491 3858 conside

182 3917 276 3995 tanti,
294 3915 327 3976 iu
342 3911 465 3974 eisdem
490 3909 608 3973 divinis
634 3907 890 3972 institutionibus
917 3923 981 3970 nou
1007 3923 1131 3968 nouum
1155 3903 1490 3984 quaternitatem

182 4027 297 4108 potius,
313 4022 401 4105 quod
423 4018 742 4102 naturapraestituit,
764 4013 963 4080 luculentius
978 4011 1122 4091 indicari,
1134 4023 1193 4077 aut
1205 4013 1305 4079 etiam
1317 4012 1490 4076 confirma»

182 4135 218 4198 ri.
262 4132 365 4214 quue
391 4133 498 4214 ipsum
523 4127 699 4192 dicendum
723 4135 780 4204 aet,
808 4123 864 4186 ubi
889 4121 1000 4186 divino
1020 4122 1092 4203 jure
1118 4120 1300 4201 quidquam
1325 4121 1489 4204 adjectum

180 4239 243 4302 soit
257 4239 301 4302 ad
319 4235 527 4302 extendenda
551 4247 685 4300 naturae
710 4237 890 4317 praecepta;
917 4230 946 4292 si
970 4230 1058 4296 euim
1083 4247 1133 4292 ex.
1161 4245 1205 4310 gr.
1231 4230 1331 4310 diosa
1358 4233 1391 4294 iu
1415 4251 1487 4315 cap.

180 4349 242 4428 18„
257 4359 288 4410 et
302 4349 354 4410 20.
397 4346 533 4410 Levitioi
548 4345 659 4408 diuino
670 4345 742 4427 juro
757 4342 894 4427 pqsitivo
909 4351 1081 4404 extensum
1096 4357 1166 4402 esse
1188 4340 1491 4422 oorrjugtiiuteutic

179 4465 251 4522 tum
265 4453 308 4516 ad
323 4471 394 4518 eam
407 4454 565 4536 speciem
593 4473 660 4538 qua
683 4452 888 4536 prohibeatur
913 4450 1036 4528 marito,
1061 4467 1104 4512 ne
1127 4463 1261 4518 ιιιιοιιιιιι
1287 4448 1387 4514 ducat
1398 4469 1486 4536 soro·
