3210 4990
151 423 199 466 tn
215 423 385 468 VALEANT
401 407 598 468 SPONSALIA
614 419 829 468 CON'PRACTA
847 424 963 472 INTER
986 425 1291 476 CONSANGUlNEOS.
1354 415 1398 485 93

94 545 195 626 sponsi
211 545 273 628 ipsi
296 546 415 608 arctius
431 547 544 628 urgeri,
571 553 668 624 abque
683 546 834 611 omnibns
849 546 954 612 modis
969 547 1055 634 atligi
1071 549 1209 616 debeant
1224 553 1267 620 ad
1281 557 1391 631 matri-

96 653 235 716 monium
254 655 286 715 in
313 664 485 734 conspeetu
504 651 670 716 Ecclesiae
696 653 964 732 contrahendum,
991 674 1033 718 ne
1049 651 1127 722 sorte
1142 658 1260 735 exinde
1283 663 1397 744 gravia

94 763 122 826 in
138 762 373 844 rempublicam
398 759 604 824 incommoda
618 761 769 827 oriantur,
813 763 931 826 Statim
946 784 985 826 ao
1000 765 1087 828 cuim
1104 769 1212 852 sponsi
1228 769 1395 838 voluntate

92 893 155 950 sua,
170 872 253 936 dum
270 872 435 954 sponsalia
451 871 685 951 contraherent,
701 873 734 936 in
751 874 992 939 matrimonium
1017 891 1258 960 consenserunt,
1286 884 1394 948 statim

91 999 124 1044 ac
138 980 259 1044 deinde
282 981 484 1046 voluntatem
501 979 606 1062 ipsam
621 999 686 1046 non
703 981 844 1064 amplius
860 983 892 1046 in
913 983 1059 1052 futurum
1073 975 1268 1074 suspendere
1284 1003 1395 1061 secuta

91 1088 202 1172 copula
229 1088 504 1167 demonstrarunt,
526 1108 601 1152 cum
617 1087 778 1172 perfectus
799 1087 1029 1174 undecumque
1054 1093 1202 1163 videatur
1216 1112 1395 1186 consensu⁸

90 1199 224 1278 illorum,
240 1199 312 1263 sine
326 1198 394 1262 nlla
409 1208 486 1262 sunt
500 1198 720 1280 excusatione,
734 1197 762 1260 si
778 1209 947 1280 praetextu
961 1218 1026 1264 non
1041 1201 1229 1268 observatae
1245 1182 1394 1272 stilemni·

90 1306 158 1368 tatis
173 1303 415 1368 ecclesiasticae
432 1303 631 1366 voluntatem
654 1322 749 1368 suam
764 1323 831 1370 non
846 1305 908 1367 nisi
924 1325 979 1388 per
994 1303 1115 1388 dolum,
1139 1320 1170 1372 et
1184 1307 1333 1378 fraudem
1348 1336 1395 1380 re·

90 1421 212 1490 rocent;
240 1429 343 1492 quarn
358 1410 466 1492 potins
481 1407 637 1490 fraudem,
660 1409 836 1494 dolumque
850 1429 980 1496 quoquo
996 1415 1091 1478 modo
1106 1394 1287 1504 purgarent,
1313 1424 1340 1488 si
1355 1444 1394 1488 co

91 1537 188 1602 usque
205 1533 299 1602 gesta
314 1517 348 1582 in
363 1533 537 1602 conspectu
553 1517 721 1582 Ecclesiae
736 1529 806 1584 rata
820 1519 984 1586 haberent.

593 1765 829 1838 annuento
852 1769 893 1832 ΙΙ.

93 1993 140 2054 Aa
153 1993 421 2070 matrimonium,
438 1993 498 2056 oni
511 1993 744 2077 omissisjaria
757 1995 1028 2078 amoenitatibus,
1044 2005 1104 2062 out
1117 1999 1256 2085 insuper
1269 2003 1394 2070 talam

124 2129 215 2212 juris
226 2129 358 2211 regulis
369 2133 665 2209 cotrtroctumpuia
676 2125 850 2190 bod-iasine
860 2129 1052 2210 praesentio
1062 2127 1217 2211 Pcroclti,
1232 2134 1350 2198 satiem

507 2261 625 2326 babeat
649 2263 720 2326 aim
735 2261 972 2348 Sprortsclium?
1005 2332 1010 2340 ,

91 2489 347 2700 inmensus
363 2629 425 2693 hcc
448 2629 482 2696 iu
497 2631 567 2694 loco
582 2631 614 2696 in
631 2631 814 2714 generalem
838 2628 1088 2712 disputationem
1102 2630 1144 2694 de
1159 2633 1192 2696 vi
1206 2635 1390 2700 conventio·

90 2760 172 2820 num,
201 2751 304 2821 atque
330 2749 506 2820 pactorum,
532 2757 758 2822 quorumcum
783 2739 850 2804 sint
864 2735 991 2800 diversa
1015 2756 1140 2822 genere,
1167 2739 1195 2800 si
1208 2749 1340 2822 pactum
1355 2739 1392 2832 in

88 2869 147 2914 noo
162 2867 286 2933 genere
309 2866 374 2910 non
389 2849 543 2928 consistit,
569 2848 663 2930 quasi
677 2845 813 2912 errando
828 2847 862 2910 in
877 2845 968 2908 aliud
992 2845 1136 2924 transire,
1162 2845 1265 2910 donec
1279 2847 1391 2914 sedem

88 2959 238 3038 inveniat
255 2956 408 3021 nonnulli
433 2957 602 3037 affirmant,
624 2955 771 3020 nonnulli
785 2956 885 3019 etiarn
899 2953 941 3016 dc
954 2972 1042 3018 more
1054 2954 1327 3021 Scholasticorum
1344 2958 1390 3042 in·

87 3067 245 3132 liciantur.
293 3065 376 3130 Mihi
392 3067 497 3148 placet
511 3064 670 3148 imprimis
694 3083 858 3140 secernere
872 3063 1110 3142 conventiones,
1136 3085 1220 3156 quae
1237 3067 1390 3156 ineuntur

86 3176 123 3240 ad
137 3174 376 3240 rescindendas
391 3175 514 3257 pridem
529 3181 709 3252 connectas
722 3171 945 3254 obligationes,
968 3178 989 3238 a
1003 3173 1280 3257 conventionibus,
1305 3195 1391 3258 quaa

87 3289 237 3356 ineuntur
265 3286 309 3350 ad
334 3282 563 3367 obligationem
589 3282 818 3348 inducendam.
862 3285 1001 3356 Quoties
1027 3287 1197 3363 conventio
1222 3288 1321 3352 initur
1346 3288 1391 3354 ad

87 3395 316 3464 mmmdendas
335 3396 665 3478 pridemconttuctas
689 3391 922 3478 obligationes,¹
935 3390 1063 3457 facilius
1088 3384 1309 3478 recipiendam
1332 3405 1390 3478 est,

87 3515 236 3582 stactus,
263 3502 292 3564 si
307 3520 372 3564 non
386 3501 420 3566 in
435 3512 524 3566 certa
547 3499 653 3582 specie
666 3500 841 3566 consistere
856 3499 971 3580 valeat,
995 3500 1095 3566 aliam
1109 3502 1250 3584 speciem
1264 3503 1387 3586 induat,

87 3609 230 3690 etprosit¹
252 3607 299 3669 od
316 3606 527 3686 liberandum,
556 3607 730 3690 quiscum
753 3598 948 3672 debitoribus
974 3608 1088 3688 lenius,
1115 3627 1155 3674 ao
1169 3610 1282 3676 mitius
1302 3612 1392 3696 leges

89 3733 192 3800 egunt,
211 3719 231 3782 l.
249 3715 301 3782 47.
317 3717 350 3781 ff.
367 3715 407 3780 da
422 3716 550 3798 obligat,
578 3725 610 3778 et
624 3716 741 3778 aetion.
756 3716 966 3800 quamobrem
981 3716 1181 3800 acceptilatio
1196 3719 1327 3801 inutilis,
1343 3724 1389 3786 ni·

89 3825 289 3890 ricontraria
314 3822 464 3886 rideatur
478 3839 571 3887 mens
584 3821 852 3902 contrahentium,
873 3822 957 3884 vires
972 3821 1070 3886 habet
1084 3823 1177 3904 pacti,
1202 3835 1235 3888 et
1249 3825 1291 3890 ad
1306 3827 1391 3890 exci-

90 3936 237 4016 piendum
255 3933 433 4016 plurimum
452 3928 640 4013 prodenti.
657 3929 713 3992 27..
736 3931 757 3998 i.
774 3931 806 3994 6.
830 3929 863 3992 ff.
879 3928 920 4011 de
935 3930 1046 4012 pactis,
1068 3928 1093 3992 .l.
1109 3930 1149 4008 8,
1175 3931 1271 4013 etii.
1299 3931 1332 3994 ff.
1347 3930 1392 3995 da

89 4045 337 4129 acceptilatione,
355 4041 373 4102 l
390 4042 418 4104 ὅ.
445 4039 486 4102 dr
502 4037 637 4102 rescind.
653 4037 774 4102 rendit
817 4035 963 4106 erando
978 4048 1088 4104 autem
1103 4038 1274 4102 conventio
1290 4039 1389 4124 initur

90 4149 125 4210 ad
139 4147 364 4214 inducendam
390 4144 628 4228 obligationem,
654 4145 735 4210 mihi
751 4163 876 4228 semper
900 4146 1023 4228 placuit
1047 4145 1177 4212 illorum
1191 4149 1306 4230 opinio,
1331 4147 1393 4230 qui,

89 4255 287 4320 tradiderunt
311 4263 443 4334 certam,
468 4253 582 4318 initam
604 4263 790 4321 contr-aetus
813 4254 957 4336 speciem
982 4272 1046 4320 uon
1076 4253 1169 4321 facile
1195 4257 1328 4349 transire
1353 4257 1392 4331 in

90 4360 190 4442 aiam,
217 4361 245 4424 si
261 4358 342 4424 forts
368 4360 652 4446 inca,consistere
676 4371 825 4447 nequeat,
850 4359 890 4424 de
904 4379 972 4446 qua
993 4363 1219 4429 contrahentes
1242 4363 1284 4426 ab
1298 4364 1389 4432 initio

9 4457 10 4512 3
90 4472 301 4564 tranaverint
345 4468 518 4554 Quidquid
533 4469 798 4578 wimillt’iwut
812 4469 890 4556 inl,
908 4472 935 4536 l.
953 4472 975 4538 t.
990 4469 1020 4536 t.
1045 4470 1077 4534 n
1093 4469 1134 4539 de
1149 4473 1322 4574 constituta
1336 4493 1393 4580 pq
