3276 4984
185 435 331 482 QUINAM
356 434 403 478 AD
426 433 699 479 CONTRAHENDA
722 435 919 478 SPONSALIA
943 433 1069 478 tuerent
1095 435 1328 478 HABEANTUR.
1386 415 1429 481 67

126 557 204 620 salia
219 557 459 635 contrahentur,
486 555 665 620 dummodo
688 557 744 638 qui
767 556 972 634 contrahunt,
998 555 1032 618 in
1058 556 1168 618 animo
1182 557 1247 618 sint
1261 555 1429 620 differendi

126 669 264 750 conjugii
280 669 314 732 in
331 679 457 750 tempus
483 667 573 746 illud,
598 687 666 750 quo,
689 667 894 730 interdictum
918 667 1066 748 exspiret
1110 667 1148 730 Id
1173 669 1283 729 evenit
1307 689 1357 730 ex.
1374 688 1429 750 ga,

126 795 228 857 quum
255 787 313 838 aut
337 779 512 859 qnisquam
538 787 651 839 votum
678 777 816 858 simplex
841 777 1059 839 continentiae
1085 779 1267 861 temporale,
1293 791 1372 859 puta
1387 779 1430 840 ad

126 901 252 944 annum
268 883 383 961 emisit,
399 893 457 945 aut
483 893 625 964 tempora
649 883 705 945 illa
730 883 940 961 celebrantur,
968 903 1052 965 quaa
1079 895 1156 947 snut
1180 885 1373 968 aconjngiis
1389 883 1432 946 ie-

126 991 214 1070 riata,
232 991 498 1073 putaadveutns,
523 991 799 1074 quadragesimae.
844 991 937 1061 urrid
963 995 1050 1055 enim
1076 995 1201 1056 obstare
1228 993 1354 1056 videtur
1378 1013 1432 1054 vo-

127 1099 246 1164 luntati
261 1119 463 1182 sponsorum,
479 1099 610 1181 quando
625 1100 685 1180 ipsi
701 1099 742 1161 de
757 1119 789 1161 re
805 1099 892 1163 licita
908 1121 967 1164 suo
992 1113 1131 1184 ternpore
1157 1103 1349 1166 celebranda
1363 1104 1434 1166 siue

128 1208 241 1291 legum
265 1211 382 1294 inJ'uria
407 1211 621 1292 paciscuntur,
647 1218 679 1271 et
701 1205 835 1289 qnando
861 1211 1024 1290 sponsalia
1048 1232 1103 1294 por
1128 1232 1162 1273 se
1186 1232 1252 1276 nou
1275 1223 1435 1295 repugnat

127 1333 250 1378 causae
265 1316 323 1394 illi,
339 1327 579 1399 propterquam
601 1315 750 1396 conjugio
777 1315 982 1378 interdictum
1007 1319 1070 1380 estl
1115 1319 1263 1401 Denique
1290 1321 1345 1384 nbi
1360 1340 1436 1384 cau·

129 1425 311 1488 savetandi
327 1422 599 1508 conjugiicollata
620 1433 669 1486 est
693 1423 727 1485 in
752 1433 879 1506 tempus
905 1425 1071 1503 incertum,
1097 1425 1148 1488 vol
1174 1437 1337 1504 eventum,
1363 1445 1436 1488 ceu·

129 1553 192 1612 seo,
209 1536 335 1598 interea
349 1537 457 1598 illicite
471 1533 636 1616 sponsalia
650 1533 806 1610 contrahi,
823 1545 986 1615 propterea
1010 1533 1097 1615 quod
1121 1537 1286 1598 avertendi
1301 1537 1366 1600 sint
1381 1537 1435 1598 ho-

130 1652 260 1712 minum
275 1650 377 1712 animi
390 1655 410 1711 a
424 1647 634 1710 determinata
651 1645 817 1708 voluntate
832 1646 901 1728 ejus
927 1645 970 1706 rei
997 1647 1207 1726 peragendae,
1231 1667 1332 1727 quam
1358 1649 1437 1710 inte-

134 1777 186 1820 rea
202 1777 355 1840 peragere
371 1775 435 1820 non
452 1756 566 1833 liceret,
582 1765 613 1816 et
635 1773 736 1834 quam
761 1753 899 1816 dubium
922 1763 979 1829 est,
996 1772 1037 1814 an
1065 1752 1157 1814 liceat
1184 1755 1359 1834 aliqnando
1386 1757 1436 1817 vel

133 1867 253 1930 minus.
299 1865 337 1928 ld
351 1865 508 1945 contingit
524 1863 576 1926 vel
591 1882 667 1926 utrm
682 1861 757 1936 utris
773 1861 955 1944 religiosam
970 1861 1072 1926 vitam
1089 1859 1385 1946 professusallegat,
1401 1865 1440 1927 it·-

133 1974 230 2038 ritam
246 1973 475 2057 professionem
501 1970 610 2050 luisse,
634 1981 667 2032 et
688 1970 809 2032 interea
824 1983 899 2034 ante
914 1972 1082 2052 probatam
1098 1971 1280 2035 nullitatem
1296 1974 1440 2055 prohibe·

135 2095 195 2164 tur,
211 2103 255 2146 ne
270 2079 652 2166 conjugiumcontrahaq
680 2080 732 2142 vel
757 2097 834 2142 cnm
859 2079 934 2160 quis
959 2091 1121 2142 contracto
1148 2082 1442 2146 matrimonioalle·

137 2205 199 2276 gat,
216 2195 341 2257 irritum
356 2191 438 2255 illud
452 2211 522 2254 esse
538 2191 640 2252 donec
666 2189 883 2252 controversia
898 2188 1023 2271 pendet,
1040 2190 1234 2271 prohibetur,
1250 2211 1291 2265 ue
1303 2191 1344 2254 ad
1360 2191 1443 2254 alias

138 2305 271 2384 nuptias
282 2301 443 2383 deveniat3
460 2302 511 2364 vel
538 2319 614 2364 cum
640 2299 715 2381 quis
740 2317 816 2362 oum
842 2299 1002 2360 haeretico
1025 2300 1191 2381 sponsalia
1211 2301 1378 2380 contrahit,
1394 2301 1443 2363 su-

138 2421 249 2474 turum
265 2428 405 2490 sperans,
423 2419 459 2472 ut
472 2408 654 2470 haereticus
670 2404 846 2487 aliquando
861 2405 903 2466 ad
931 2403 1115 2469 Ecclesiam
1139 2419 1353 2471 convertatur.
1397 2409 1446 2472 Si-

139 2518 274 2602 quidem
289 2516 379 2595 haec,
405 2527 436 2579 et
461 2513 581 2578 similia
606 2514 783 2590 interdicta,
808 2531 875 2576 nou
898 2511 1005 2576 solum
1030 2514 1180 2596 conjugia
1206 2513 1275 2595 ipsa
1291 2513 1447 2593 afficiunt,

139 2625 197 2692 sed
211 2624 314 2688 etiam
328 2639 572 2706 quamcumque
592 2618 803 2686 contrahendi
828 2619 970 2703 conjugii
996 2617 1207 2699 voluntatem,
1230 2630 1340 2702 utpote
1363 2639 1448 2702 (pum

139 2755 268 2818 semper
298 2732 428 2811 lubrica,
457 2739 490 2794 et
517 2729 668 2814 periculis
696 2729 911 2811 circumsepta
939 2726 1067 2790 videtur
1091 2745 1262 2808 quousque
1288 2728 1448 2792 incertum

138 2845 222 2910 illud
238 2855 367 2926 tempus
383 2839 635 2923 praeterlapsurn
649 2847 786 2915 nonest,
802 2847 860 2900 aut
870 2854 971 2904 cansa
986 2835 1146 2900 interdicti
1161 2835 1302 2900 necdum
1320 2835 1450 2900 sublata

141 2956 340 3041 proponitur.
364 2949 587 3033 Excipiendae
602 2955 711 3012 tamen
726 2957 803 3010 sunt
817 2947 892 3010 illae
906 2961 1027 3012 carrsae
1036 2948 1224 3030 singulares,
1233 2969 1318 3031 quae
1334 2967 1401 3014 non
1416 2953 1450 3014 iu

141 3065 334 3150 conjugium
349 3059 468 3125 directo
481 3059 627 3137 tendunt,
644 3055 703 3162 sed
717 3066 863 3139 spectant
873 3057 1013 3141 conjugii
1029 3056 1258 3138 solemnitates
1275 3058 1302 3121 si
1317 3057 1450 3140 quidem

142 3177 225 3241 istae
242 3183 370 3236 nutum
385 3172 428 3233 ad
442 3167 630 3252 conjugium
644 3173 838 3244 coercentur,
854 3183 921 3230 non
936 3167 1139 3230 voluntatem
1150 3167 1361 3232 contrahendi
1376 3187 1453 3232 cou-

139 3283 224 3368 jugii
238 3279 397 3344 afliciunt.
440 3277 527 3341 Hine
541 3295 593 3339 ex.
610 3295 657 3358 gr.
672 3274 746 3338 lieet
770 3276 844 3357 quis
870 3285 1017 3340 arceatur
1039 3279 1224 3361 aconjugio
1249 3291 1325 3343 ante
1347 3280 1454 3346 factas

85 3429 93 3452 .
142 3391 420 3466 denuntiationes,
435 3407 500 3452 non
515 3398 624 3450 tamen
642 3393 800 3452 ereatura
821 3387 1053 3452 contrahendis
1067 3390 1280 3472 sponsalibus.
1325 3392 1454 3478 Eodem

143 3503 245 3570 modo
270 3503 344 3566 lieet
371 3500 446 3582 quis
471 3497 631 3562 arcendus
657 3497 698 3561 sit
722 3503 745 3563 a
769 3497 929 3582 conjugio,
955 3517 1125 3582 quousque
1148 3500 1353 3568 Christianae
1377 3505 1455 3572 fidei

144 3613 388 3703 praeceptiones
402 3629 468 3674 non
482 3607 637 3686 calluerit,
654 3625 719 3672 non
734 3607 811 3673 inde
825 3620 935 3674 tamen
950 3611 1176 3692 prohibebitur,
1189 3631 1231 3678 ne
1245 3615 1345 3682 fidem
1360 3641 1455 3704 spon-

145 3731 267 3795 salium
282 3729 472 3808 interponat,
489 3719 768 3804 quemadmodum
791 3721 891 3785 etiam
915 3721 1030 3800 licebit,
1058 3703 1223 3806 sponsalia
1245 3741 1335 3793 extra
1357 3731 1457 3796 Paro·

145 3841 242 3906 chiee
257 3837 341 3903 fines
355 3835 522 3914 celebrare,
545 3849 747 3916 quamquam
774 3831 858 3896 intra
876 3831 1007 3898 eosdem
1033 3831 1124 3917 fines,
1151 3849 1184 3902 et
1205 3858 1314 3905 coram
1329 3844 1456 3926 proprio

145 3948 297 4018 Parocho
311 3943 498 4030 conjugium
513 3941 555 4006 sit
569 3941 666 4005 hodie
679 3941 920 4009 celebrandum.
1466 4007 1469 4012 .

190 4057 304 4123 Altera
317 4055 476 4139 praejacta
493 4051 603 4134 regula
617 4051 718 4132 docet,
734 4069 799 4116 non
815 4072 869 4116 eos
883 4071 997 4118 omnes
1010 4061 1031 4121 a
1046 4057 1250 4140 sponsalibus
1265 4063 1459 4130 contrahen-

150 4167 201 4232 dis
216 4165 385 4250 prohiberi,
399 4163 457 4246 qui
479 4161 723 4225 matrimonium
744 4161 932 4226 contrahere
947 4177 1121 4246 nequeunt.
1164 4167 1329 4234 Nimirum
1345 4173 1408 4236 hac
1424 4177 1461 4240 in

147 4289 181 4336 ra
194 4267 434 4354 dispiciendum
456 4277 514 4346 est,
538 4285 618 4330 num
646 4265 853 4332 matrimonio
867 4267 1039 4351 aliquibus,
1055 4283 1112 4336 aut
1126 4272 1223 4339 alicui
1243 4295 1456 4358 personarum

149 4379 259 4463 generi
273 4382 307 4442 in
323 4385 514 4459 perpetuum
538 4373 755 4454 interdicatur,
779 4393 823 4440 an
848 4395 924 4440 vero
950 4377 1124 4447 dumtaxat
1147 4384 1190 4448 ad
1215 4395 1352 4468 tempus.
1391 4388 1458 4454 Ubi

149 4481 529 4568 maimauiiprolaibitio
543 4493 699 4568 perpetua
723 4493 780 4567 est,
805 4483 891 4551 irrita
915 4504 1169 4570 protruserunt
1193 4493 1369 4583 sponsalia;
1386 4503 1462 4587 quis
