3168 4982
149 341 194 386 ns:
217 341 409 404 conruens,
432 343 564 392 oureus
584 343 721 390 onsvan
745 308 993 390 uncassrnuno
1015 341 1283 390 cuousmorvnu.
1340 317 1410 384 203

108 460 175 525 dem
189 461 418 544 similitudinis,
433 465 565 531 excudi
591 486 657 530 non
672 487 774 550 posse,
800 488 899 552 quam
915 466 1035 547 quibus
1052 467 1085 528 in
1097 465 1170 548 jura
1184 481 1336 546 expresse
1351 449 1408 545 po'

107 573 160 636 sita
181 571 252 636 fuit.
297 573 450 638 Secunda
466 586 529 656 est,
558 577 646 640 hanc
671 577 943 667 necessitudinem
973 577 1136 638 invectam
1160 591 1231 636 esse
1256 572 1410 654 exempla

105 684 300 766 cognationis
324 685 488 766 naturalis,
516 697 548 750 et
575 687 708 770 quando
734 699 810 752 ante
835 689 939 772 legem
965 685 1233 752 Theodosianam
1259 683 1408 766 superins

104 793 295 876 explicatam
310 795 459 878 cognatio
475 797 631 860 naturalis
646 797 730 860 intra
745 808 849 872 arctos
865 797 947 859 fines
973 793 1205 870 continebatur,
1220 790 1266 852 ita
1278 807 1346 852 ¹uon
1362 786 1413 852 ul·

104 914 146 970 tra
159 901 293 968 eosdem
308 904 391 973 fines
406 907 644 974 extendebatur
653 910 804 992 coguatio
816 889 939 992 legalis,
955 909 1055 971 immo
1071 923 1111 968 ne
1126 913 1262 966 extensa
1275 899 1409 985 quidem
1432 919 1439 998 j

102 1007 158 1072 luit
171 1019 245 1092 post
258 1009 366 1094 legem
391 1011 670 1094 Theodosianam,
686 1023 758 1079 tum
781 1035 840 1077 nec
858 1015 928 1097 lege
954 1009 1272 1087 'theodosianam
1286 1005 1353 1068 alia
1368 1003 1412 1072 le
1425 1013 1439 1044 ·“

102 1135 136 1199 ga
149 1129 223 1216 post
238 1117 516 1203 Theodosianam,
531 1122 713 1206 quidquam
739 1123 894 1214 amplius
897 1122 938 1186 de
962 1120 1155 1202 cognatione
1170 1115 1268 1199 legali
1283 1131 1410 1198 expres·

102 1243 131 1288 se
144 1210 243 1290 suerit
252 1227 472 1310 constitutum,
488 1229 588 1314 immo
602 1242 634 1294 et
649 1249 691 1294 ex
707 1231 769 1294 boc
784 1231 940 1314 principio
960 1227 1180 1312 proficiscitur,
1206 1221 1296 1308 quod
1310 1239 1415 1306 nuper

101 1333 220 1400 dictum
235 1347 293 1416 est,
320 1335 526 1421 adoptionem
551 1340 835 1424 supervenientem
861 1337 1104 1402 matrimonium
1129 1353 1195 1398 non
1226 1325 1421 1412 dissolvere·

100 1443 172 1527 quia
186 1445 344 1510 nimirum
373 1465 546 1530 nunquam
559 1467 656 1512 casus
681 1447 761 1530 fingi
777 1457 890 1532 potest,
905 1465 972 1530 quo
986 1445 1136 1529 cognatio
1165 1441 1326 1508 natrrralis
1339 1457 1415 1506 con·

95 1553 182 1638 J'ngio
197 1555 415 1636 superveniat,
427 1557 681 1640 conjugiumque
696 1557 865 1621 dissolvar.

136 1667 213 1731 Non
229 1666 339 1731 solum
353 1668 458 1732 civilis
483 1669 685 1752 cognationis
707 1669 859 1753 exemplo
887 1667 1022 1732 inducta
1037 1677 1086 1732 est
1111 1665 1177 1732 alia
1199 1649 1414 1741 necessitudo,

98 1793 179 1858 qnae
205 1775 384 1858 spiritualis
398 1779 548 1861 cognatio
574 1777 698 1858 dicitnr,
714 1797 830 1842 verum
853 1779 952 1840 etiem
982 1776 1102 1860 ipsein
1129 1773 1323 1857 cognatione
1337 1769 1415 1834 civi-

11 1888 12 1919 ³
98 1883 250 1948 libaboit
272 1884 414 1968 primum
439 1887 581 1968 positum
603 1883 865 1951 fundamentum.
910 1886 1017 1951 Refert
1045 1885 1221 1968 Procopius
1238 1883 1272 1946 iu
1298 1881 1367 1946 libr.
1385 1881 1415 1949 l.

97 1992 258 2058 Historiae
272 2013 420 2074 arcanae,
435 1993 514 2058 olim
528 1994 563 2058 in
577 2013 666 2058 more
680 1993 781 2058 luisse
800 1996 1071 2074 Christianorum,
1088 2005 1126 2057 nt
1140 1993 1225 2077 filios
1240 1991 1302 2055 sibi
1317 1989 1414 2073 adop

96 2107 201 2162 urent
214 2117 281 2180 eos,
297 2115 381 2182 quos
406 2099 449 2162 ad
464 2101 623 2166 Sanctam
651 2103 835 2167 Ecclesiam
862 2123 963 2168 cause
989 2101 1188 2188 suscipiendi
1206 2099 1425 2186 ,baptismatis

95 2207 307 2272 adducerent.
351 2207 503 2292 Vulgaris
528 2209 687 2294 lmuendi
714 2211 862 2292 formula,
878 2231 945 2296 qua
962 2213 1060 2296 juxta
1074 2211 1298 2296 Evangelium
1313 2209 1415 2293 bapti-

96 2318 157 2382 sati
172 2317 369 2382 dicebantur
381 2319 568 2401 regenerati,
584 2321 653 2383 sive
668 2320 847 2384 secundam
874 2321 1013 2385 subiisse
1029 2317 1241 2397 nativitatem,
1256 2301 1416 2382 accessio·

96 2445 171 2490 nem
188 2425 363 2508 praebebat
388 2426 591 2517 invehendae
607 2427 806 2512 disciplinae,
836 2451 905 2513 qua
920 2429 1018 2510 fieret,
1034 2439 1071 2494 'ut
1081 2429 1142 2494 filii
1156 2418 1417 2516 ABthniconrm,

94 2544 125 2597 et
138 2531 344 2597 ludaeorum
358 2533 543 2598 recederent
557 2539 577 2599 a
593 2536 697 2617 patria
723 2547 889 2618 potestate,
906 2549 938 2600 et
953 2537 1133 2604 inciderent
1147 2553 1207 2618 ope
1232 2533 1416 2615 adoptionis

95 2643 128 2710 in
141 2651 339 2727 pomatatem
353 2642 450 2723 illius,
461 2645 555 2728 cujus
570 2663 672 2708 manu
698 2645 740 2708 ad
757 2645 955 2727 baptismum
986 2629 1242 2768 adducebantur,
1257 2651 1290 2706 et
1303 2649 1323 2706 e
1337 2643 1415 2724 bap·

95 2751 216 2816 fismali
243 2751 332 2815 fonte
355 2737 623 2836 suscipiebantur,
645 2773 688 2816 ex
713 2773 751 2816 eo
775 2765 939 2836 praeterea
964 2754 1080 2836 quod
1078 2753 1135 2836 qui
1159 2751 1342 2830 adduceret,
1358 2769 1415 2832 pro

95 2859 270 2942 baptizatis
297 2857 501 2941 sponderent,
531 2857 686 2940 futurum,
710 2871 747 2923 ut
775 2879 948 2942 nunquam
974 2860 1168 2962 baptismate
1198 2860 1415 2938 abuterentur,

95 2985 154 3032 nec
168 2965 358 3032 recederent
380 2967 422 3030 ab
437 2964 595 3046 Ecclesia,
613 2953 700 3031 unde
724 2981 926 3052 susceptores
956 2973 1081 3053 passim
1105 2990 1280 3056 sponsores
1306 2967 1414 3051 appel·

96 3075 257 3154 labantur,
273 3075 361 3158 quod
385 3096 464 3140 sane
480 3075 563 3143 lieri
574 3077 707 3142 omnino
722 3097 787 3142 non
816 3088 948 3162 poterat,
964 3081 1027 3142 nisi
1047 3076 1250 3160 quemdam
1242 3087 1343 3140 instar
1358 3093 1414 3157 pa·
1444 3057 1447 3064 ⁴

94 3195 206 3248 urnae
222 3194 415 3268 potestatem
430 3185 464 3250 in
479 3184 659 3266 baptizatos
681 3197 875 3251 exercerent.
909 3189 1012 3252 Haec
1030 3187 1127 3268 plane
1142 3182 1334 3268 parentasia
1349 3199 1413 3248 usu

95 3313 165 3359 esse
181 3294 288 3374 desiit,
314 3303 488 3376 postquam
504 3293 691 3358 Christiana
717 3293 799 3358 fides
814 3297 951 3378 amplior
962 3293 1096 3358 'reddita
1122 3293 1192 3372 luit,
1209 3303 1241 3356 et
1256 3290 1413 3354 latissime

95 3413 283 3488 propagata,
299 3403 387 3468 unde
412 3405 534 3487 passim
550 3405 811 3469 Christianorum
837 3407 897 3469 lilii
912 3405 956 3468 ad
971 3405 1134 3487 baptisma
1156 3402 1411 3478 adducebantur,

94 3531 223 3596 perraro
249 3512 498 3578 AEthnicornm
524 3527 582 3580 aut
596 3514 804 3596 Judaeorum;
832 3533 938 3596 neque
962 3515 1051 3578 enim
1067 3523 1148 3576 ‘tum
1174 3517 1246 3576 visa
1271 3509 1414 3594 amplius

95 3621 156 3687 fuit
172 3623 356 3686 noeessa'ria
370 3631 598 3688 extraneorum
614 3633 756 3705 potestas
781 3624 814 3685 in
831 3616 1019 3704 baptizatos.
1063 3619 1286 3685 Nihilominus
1302 3627 1412 3680 tamen

96 3725 170 3792 licet
186 3728 222 3790 in
237 3747 385 3791 nsuesse
409 3729 567 3793 desineret
597 3731 735 3814 adoptio,
763 3729 1061 3796 adhue-videbatur
1085 3727 1250 3811 quaedam
1264 3721 1411 3790 contrahi

95 3835 304 3900 necessitudo
316 3837 399 3900 inter
425 3837 632 3920 baptizatum,
660 3849 691 3902 et
717 3851 935 3922 susceptorem
960 3839 1123 3922 baptizati.
1167 3837 1243 3908 Nou
1268 3849 1412 3906 mcmOJO

10 3930 15 4031 ᾗ
97 3941 157 4006 boc
172 3945 207 4006 in
224 3941 295 4006 loco
309 3963 348 4006 ea
364 3957 584 4024 monumenta,
600 3967 687 4029 quae
711 3947 812 4010 edidit
823 3977 826 3983 ·
837 3947 982 4011 Isidonts
997 3947 1165 4026 Mercator,
1181 3957 1213 4010 et
1228 3965 1312 4026 quae
1327 3941 1412 4006 falso

10 4038 16 4123 Ι
98 4052 206 4116 tribuit
223 4053 450 4117 vetustissimis
466 4051 687 4136 Pontificibus,
704 4067 860 4138 tanquam
878 4075 926 4136 ea,
942 4055 1063 4130 ouibus
1075 4054 1167 4118 nulla
1182 4051 1272 4129 fides,
1289 4060 1321 4112 et
1335 4065 1410 4112 auo·

98 4162 208 4224 toritas
222 4163 316 4228 inest
360 4163 478 4248 Dicam
492 4166 643 4248 primum,
660 4167 747 4228 hano
762 4163 1034 4230 necessitudinem
1049 4175 1122 4246 post
1136 4161 1296 4226 exoletam
1313 4155 1410 4238 adop

99 4271 189 4336 andi
203 4271 420 4358 disciplinam,
436 4274 573 4358 positam
588 4275 690 4338 fuisse
704 4275 763 4339 abs
777 4269 963 4340 Jnstiniano
978 4273 1173 4355 Imperatore
1188 4269 1221 4332 iu
1238 4267 1257 4328 l.
1273 4265 1324 4328 26.
1337 4263 1409 4328 cod.
1512 4291 1516 4298 ·

99 4377 138 4445 de
152 4381 284 4466 nuptiis,
300 4383 343 4448 ub
367 4401 440 4448 earo
454 4401 599 4468 causum,
615 4407 692 4455 cnm
714 4385 802 4456 nibil
816 4385 913 4456 aliud
925 4385 975 4450 rio
997 4382 1153 4456 inclusere
1164 4383 1273 4470 potest
1299 4379 1411 4466 poter-

9 4546 17 4773 l
