3168 4982
187 339 253 408 234
547 367 789 425 nrsssuanrro
812 373 969 435 ausuri,
991 357 1068 420 ule.
1093 352 1130 422 V.

187 497 351 552 eontracta
384 495 487 590 pege
512 490 656 554 dissolvi.
700 493 851 560 Tandem
876 496 965 558 initio
988 497 1108 592 saeculi
1138 497 1322 562 duodecimi
1346 511 1501 580 supremt

187 610 308 658 manus
330 595 479 678 adposita
499 594 561 660 snit
584 599 659 662 huic
690 600 890 682 discipliuae,
914 616 945 668 et
967 605 1029 668 sub
1062 605 1191 668 Calixto
1213 605 1254 670 ll.
1286 606 1317 668 in
1352 607 1501 672 Concilio

191 703 400 770 Laterunensi
424 709 500 772 anni
528 711 617 774 1123.
642 731 712 774 can.
735 713 787 776 21.
810 726 968 787 statutum
990 729 1046 794 est,
1072 729 1107 780 ut
1128 717 1216 782 irrita
1239 719 1371 781 omnino
1393 716 1501 784 forent

186 838 226 882 ea
249 822 413 903 conjugia,-
433 842 505 884 can,
528 823 557 886 8.
581 824 653 888 dist.
677 825 737 904 27.¹
762 828 817 891 nbi
845 839 967 908 praeter
1001 849 1140 910 poenam
1170 830 1202 892 in
1239 847 1390 908 personas
1423 829 1500 896 illas

186 929 375 1011 conjugium
390 931 616 994 contrahentes
632 933 765 1012 illatam,
781 935 906 1014 dicitur,
923 945 1091 1002 contractu
1117 957 1243 1022 qrreque
1256 938 1415 1020 conjugia
1429 938 1499 1000 dis

186 1040 298 1122 iungi,
315 1040 521 1120 quaerente,
540 1051 648 1121 utpote
664 1043 696 1104 in
712 1045 900 1126 conjugium
924 1045 1031 1127 ipsum
1055 1043 1182 1120 collata,
1207 1047 1274 1106 vim
1295 1043 1413 1110 decreti
1431 1042 1501 1107 irri-

187 1145 287 1216 t'antis
303 1150 531 1233 praeseferunt.
573 1151 724 1235 idipsum
741 1155 838 1236 paulo
855 1167 973 1237 postea,
990 1175 1047 1220 seu
1069 1175 1168 1224 annu¹
1184 1153 1275 1224 1139.
1290 1153 1501 1216 confirmavit

186 1261 223 1326 iu
247 1261 460 1328 Lateranensi
487 1263 633 1326 Concilio
657 1264 868 1328 Innocentius
883 1265 924 1328 ll.
944 1265 976 1328 in
1000 1283 1071 1328 can.
1088 1263 1138 1328 40.
1154 1283 1242 1326 caus.
1258 1263 1310 1328 27.
1325 1272 1449 1344 quaest.
1469 1264 1501 1326 l.

186 1370 233 1434 ita
246 1371 416 1434 definiens:
432 1372 1150 1459 Hujusmodicoprrlutionemmotrinmnium
1159 1391 1224 1436 non
1235 1393 1303 1436 esee
1314 1392 1502 1450 cernentum

156 1467 158 1473 ¹
185 1495 287 1561 atqne
302 1479 335 1542 id
349 1499 501 1563 expresse
516 1479 557 1544 ad
574 1468 838 1546 Sanctimonialis
865 1479 1002 1547 semines
1028 1480 1183 1544 extendit.
1227 1480 1273 1544 Et
1286 1479 1418 1561 quidem
1433 1497 1501 1562 ego

186 1601 273 1674 puto,
290 1609 356 1654 non
371 1609 492 1656 novam
507 1591 639 1674 quidem
654 1591 861 1674 disciplinam
876 1593 968 1656 exitu
984 1593 1128 1676 inspecto
1143 1593 1197 1656 his
1211 1593 1501 1656 constitutionibus

185 1701 288 1766 fuisse
302 1702 480 1782 inductam,
508 1707 628 1768 etenim
653 1715 689 1768 ut
703 1705 839 1788 ajebam,
856 1717 931 1770 aute
946 1707 1007 1769 hos
1023 1705 1210 1769 Pontificics
1224 1723 1367 1772 canones
1381 1725 1502 1770 mona·

182 1811 241 1874 chi
257 1821 327 1892 post
342 1811 458 1874 initum
473 1813 664 1894 conjugium
689 1812 731 1875 ad
759 1812 953 1876 Monastcriu
969 1813 1111 1876 revocati
1126 1813 1172 1876 ita
1183 1813 1397 1887 habebantur,
1414 1833 1453 1876 ac
1469 1813 1502 1876 si

185 1917 284 1980 soluti
299 1923 442 1982 essenta
465 1918 597 1982 viuculo
625 1919 777 2002 conjugii:
808 1929 934 1982 tautum
951 1939 1033 2005 opus
1058 1918 1119 1982 fuit
1135 1919 1227 1982 novis
1256 1920 1438 1984 canonibus
1452 1917 1498 1981 ad

186 2043 233 2090 co*
251 2027 399 2090 tinendos
415 2027 593 2092 monachos
608 2028 641 2090 in
658 2027 771 2106 officio,
788 2028 865 2109 qnia
895 2028 1026 2090 saeculo
1042 2027 1214 2092 undecimo
1229 2038 1376 2110 coeperat
1393 2026 1499 2092 recedi

184 2149 209 2209 a
223 2144 393 2226 disciplina
419 2145 603 2224 Justinioni,
620 2163 680 2208 nec
697 2156 802 2208 tutum
818 2156 886 2206 erat
900 2143 1015 2220 dicare,
1032 2163 1087 2225 per
1103 2143 1315 2206 monasticam
1330 2140 1502 2224 professio·

186 2269 265 2315 uem
280 2252 485 2315 matrimonia
500 2271 594 2334 posse
609 2251 752 2318 dissolvi.
797 2251 841 2316 Et
854 2252 990 2334 quidam
1005 2271 1101 2316 nemo
1128 2251 1247 2316 exinde
1271 2269 1336 2315 non
1363 2250 1500 2332 colligit,

187 2357 377 2440 potissiman
401 2360 598 2423 matrimonii
624 2359 824 2424 dissolvendi
849 2379 984 2424 causam
1009 2359 1213 2424 incoluisse
1241 2361 1390 2442 positam,
1405 2361 1500 2442 qnod

187 2479 340 2550 perpetuo
356 2469 537 2532 monachus
552 2469 585 2532 in
611 2469 806 2538 Monusteric
821 2472 996 2534 consistere
1011 2470 1149 2548 deberet,
1164 2490 1204 2534 eo
1218 2471 1317 2534 etiarn
1341 2469 1502 2536 reducen.

185 2578 258 2657 clus,
275 2579 300 2642 si
317 2579 513 2662 quandoque
528 2581 720 2660 recessisset,
737 2599 802 2644 non
816 2581 1007 2664 sinpliciter
1021 2601 1063 2646 ex
1078 2583 1197 2644 emisso
1211 2583 1427 2646 continentiae
1442 2601 1503 2646 ro·
1576 2583 1577 2630 ἱ

186 2698 229 2768 to,
245 2692 431 2772 praesertim
446 2689 533 2772 quod
549 2689 627 2754 olim
643 2690 793 2754 monachi
809 2710 875 2754 non
899 2709 1051 2773 expresse
1070 2692 1301 2756 continentiam
1317 2691 1389 2755 Deo
1402 2709 1502 2775 spon-
1576 2667 1577 2694 i

187 2797 307 2878 durent,
324 2799 382 2862 sed
397 2801 492 2864 tacite
502 2810 639 2879 tautum,
652 2799 805 2863 nimirum
815 2802 1006 2882 generaliter
1017 2801 1213 2884 pollicentes,
1226 2821 1260 2864 sc
1273 2803 1419 2884 regulam
1431 2823 1500 2867 ser-

187 2915 328 2984 vaturos,
344 2907 423 2970 etin
448 2909 517 2990 ejus
542 2908 765 2972 observatione
790 2911 1051 2972 constantissime
1078 2912 1273 2993 persrirnros.
1319 2912 1448 2976 Primus
1462 2915 1501 2980 S.

189 3014 384 3080 Franciscus
400 3017 540 3080 Assisiae
558 3017 668 3098 voluit,
685 3029 721 3080 ut
735 3037 794 3082 sno
810 3019 924 3084 Ordiui
940 3019 1142 3086 adscribendi
1163 3041 1314 3106 expresse
1329 3021 1505 3086 continen-

187 3121 268 3189 tiam
284 3122 513 3204 profiterentur,
528 3143 594 3205 quo
620 3125 739 3188 clarius
764 3125 979 3208 intelligerent
994 3127 1048 3203 illi,
1066 3146 1101 3188 se
1128 3145 1259 3190 omnem
1275 3130 1408 3192 omniuo
1420 3149 1501 3193 cou-

188 3228 338 3292 traheudi
353 3230 493 3313 conjugii
509 3249 601 3314 spem
615 3232 778 3315 abjecisse,
795 3235 888 3316 cujus
905 3233 1145 3296 Franciscanae
1161 3233 1291 3316 regulae
1306 3237 1501 3317 exemplum

185 3349 221 3402 et
235 3338 343 3421 plures
359 3340 413 3402 alii
430 3341 667 3406 Monachorum
683 3341 822 3404 Ordines
837 3342 939 3406 secuti
954 3339 1093 3404 suerunt.
1144 3343 1231 3406 Hinc
1246 3343 1435 3416 reddituoso
1446 3365 1503 3428 ge-

187 3453 307 3518 neralis
322 3450 494 3532 disciplina
509 3451 551 3514 ad
567 3463 676 3516 nostra
692 3471 796 3533 usque
812 3463 955 3532 tempora
971 3449 1127 3528 traducta,
1143 3461 1176 3512 et
1190 3451 1287 3513 hodie
1298 3453 1418 3534 vigens,
1430 3473 1502 3535 qua

187 3573 312 3628 certum
336 3573 393 3642 est,
409 3571 439 3626 et
469 3561 707 3628 Monachornm
736 3573 767 3625 et
793 3559 1100 3626 sanctimonialium
1115 3561 1267 3644 conjugia
1281 3581 1352 3624 esse
1368 3565 1502 3644 penitus

189 3673 287 3750 irritu,
303 3671 482 3736 dummodo
497 3692 537 3734 ea
561 3671 768 3750 intercedant,
784 3689 868 3753 quae
894 3672 1041 3754 superius
1066 3670 1134 3734 dixi
1161 3671 1338 3734 constituta
1360 3669 1501 3738 suissed

189 3785 357 3850 Bonisacio
383 3787 471 3850 Vlll.
488 3786 521 3848 in
536 3803 607 3866 cap.
634 3803 687 3846 nn.
704 3784 745 3847 de
760 3795 835 3846 voto
850 3784 883 3846 in
910 3784 949 3860 6.,
966 3784 1008 3846 ab
1033 3783 1160 3846 Joanne
1186 3783 1300 3847 XXll.
1324 3785 1358 3848 iu
1373 3797 1500 3850 extrav.

191 3917 246 3964 un.
263 3901 331 3966 eod.
348 3899 405 3978 tit,
416 3899 529 3983 juncto
544 3916 615 3960 can.
631 3898 661 3960 9.
693 3881 829 3960 Concilil
859 3894 1044 3960 Tridentini
1060 3896 1092 3960 in
1120 3913 1197 3958 sess.
1214 3895 1263 3957 24.
1288 3894 1329 3957 de
1344 3894 1415 3958 Rus.
1433 3915 1502 3962 ma-

193 4008 322 4070 trimon.

236 4117 409 4182 Difficilius
424 4128 473 4180 est
487 4115 680 4197 investigare
696 4113 896 4177 clericorum
920 4111 1129 4194 disciplinam
1144 4111 1186 4173 ab
1210 4109 1403 4192 Apostolicis
1419 4119 1502 4174 tem·

125 4247 127 4252 ·
173 4225 322 4308 'poribus
338 4224 377 4288 ad
395 4243 454 4286 nos
470 4241 575 4303 usque
590 4221 781 4285 traductam.
826 4221 948 4285 Divino
958 4223 1031 4304 jure
1058 4220 1190 4284 Clericis
1215 4218 1370 4281 indictam
1397 4217 1502 4282 fuisse

191 4331 410 4394 continentiae
440 4331 554 4412 legem,
582 4329 625 4392 ita
642 4341 676 4390 ut
703 4349 763 4392 nec
779 4347 896 4393 uxores
911 4327 1036 4402 ducere,
1052 4345 1112 4390 nec
1127 4325 1234 4388 ductis
1249 4326 1296 4387 uti
1311 4326 1427 4407 posint,
1443 4327 1502 4388 ed,

192 4441 315 4517 firmari
330 4449 398 4506 tntu
415 4459 478 4507 uun
494 4449 605 4524 potest,
622 4437 753 4533 quando
778 4437 961 4511 Concilium
977 4437 1208 4502 Tridentiuum
1222 4446 1320 4500 caute
1332 4435 1366 4500 in
1381 4454 1456 4500 can.
1468 4437 1500 4511 9.
