3168 4982
188 279 266 362 v'bid
540 313 784 364 mserrrrrrro
805 315 962 380 curere,
984 313 1135 366 entur.
1155 293 1184 364 Ι.

199 435 241 506 de
255 433 395 502 Reform.
411 437 549 506 matrim.
565 457 636 522 esp.
654 441 682 504 l.
727 439 864 524 Insuper
877 457 1041 504 recensere
1054 437 1244 504 debuissent
1257 435 1409 522 conjugit
1423 437 1508 507 iuter

194 549 409 630 Ghristianos,
435 562 468 616 et
480 549 667 616 Haeretieos
681 561 854 631 contrecta,
881 549 915 614 iu
931 551 971 614 iis
985 549 1115 616 ossibus
1138 549 1326 632 improbata,
1352 567 1438 632 quos
1452 567 1507 614 su·

196 655 307 742 petius
321 657 542 740 observabam,
568 656 847 739 quemadmodum
861 666 894 720 et
916 655 1068 740 conjugis
1082 665 1247 718 conuecta
1271 659 1293 720 d
1307 651 1416 718 viduis
1434 669 1508 718 mu·

183 761 328 828 rlienibus
344 763 451 828 luctus
476 775 626 847 tempore,
653 783 720 846 que
733 761 850 827 saltem
873 763 907 828 in
932 763 1039 848 specis
1063 763 1186 828 ineerta
1208 761 1312 845 proles
1335 761 1507 830 nescitura

192 881 289 954 ossen
306 867 411 954 risque
422 869 601 934 omittenda
612 870 763 956 conjugia
777 877 799 935 d
813 867 952 954 publicis
966 869 1202 954 poenitentibus
1216 865 1387 932 celebrate.
1401 865 1506 936 Quod

193 979 236 1046 de
250 982 482 1066 impedimento
496 967 684 1046 catechismi
700 976 846 1060 traditur,
860 959 958 1044 hodie
971 971 1252 1062 supervacaneum
1265 973 1415 1044 nonnulli
1429 995 1506 1040 cen-

193 1102 337 1172 suerunt,
354 1093 448 1176 quasi
463 1090 648 1158 Concilium
663 1089 907 1168 Tridentium,
927 1086 1058 1174 siquod
1072 1095 1170 1152 untes
1184 1084 1291 1165 fuerit,
1314 1082 1504 1168 hujusmodi

193 1196 465 1289 impedimentum
485 1179 619 1272 omuino
642 1199 816 1268 sustulerit.
858 1198 1054 1271 duodicem
1075 1195 1192 1262 dieitur
1214 1195 1259 1260 de
1281 1205 1365 1275 roto,
1390 1195 1504 1260 admo

82 1350 86 1358 ·
193 1313 276 1396 dum
290 1312 484 1394 ambiguum
497 1322 556 1392 est,
578 1321 676 1393 atque
690 1308 814 1392 indiget
827 1296 1054 1392 explicatione,
1072 1326 1150 1372 cum
1163 1323 1275 1372 rursus
1289 1313 1405 1370 totum
1418 1305 1504 1370 luter

193 1419 427 1504 impedimenta
452 1418 636 1484 dirimentis
651 1427 865 1482 recenseatur.
907 1415 1073 1500 Equidem
1087 1416 1308 1482 distinxerunt
1330 1413 1374 1480 ud
1388 1415 1435 1480 rei
1447 1432 1505 1478 ex·

124 1543 129 1558 ’
191 1531 403 1619 plicationem
417 1540 531 1598 votnm
543 1528 686 1614 simplex
700 1535 722 1594 e
736 1538 811 1592 roto
824 1527 973 1610 solemni,
986 1539 1024 1592 ut
1038 1527 1122 1594 illud
1135 1525 1396 1612 impedientibuu
1412 1525 1502 1593 istud

191 1630 416 1708 dirimentibus
433 1621 672 1724 impedimentis
687 1636 907 1702 adcesserunt.
943 1637 1064 1702 Verum
1078 1638 1247 1704 undenum
1259 1635 1322 1702 iste
1335 1635 1504 1702 distinctio

191 1747 388 1834 processerit,
404 1748 477 1832 jum
498 1745 647 1830 superius
661 1743 787 1825 tradidi,
813 1745 868 1812 ubi
885 1743 1093 1826 eduotabum,
1119 1755 1232 1810 votum
1258 1755 1329 1810 utut
1354 1743 1502 1812 soletum

191 1873 258 1922 rron
275 1873 331 1938 per
344 1873 388 1934 se,
417 1871 476 1920 seu
490 1855 613 1920 ratione
635 1853 858 1932 solemnitatis,
886 1853 944 1950 sed
957 1871 1061 1918 ceusu
1085 1851 1234 1936 publicae
1249 1850 1502 1920 Ecclesiasticus

193 1963 283 2050 legis,
309 1965 486 2050 aliquando
509 1966 753 2032 matrimonium
779 1965 936 2030 dirimere.
979 1960 1081 2036 Quod
1095 1965 1123 2028 si
1137 1963 1181 2030 sd
1206 1961 1447 2048 impedimenta,
1464 1975 1503 2030 nt

191 2079 322 2150 nocem,
351 2069 535 2152 dirimentis
562 2072 702 2158 mmum
728 2073 897 2170 iaciemus,
927 2073 1010 2138 iuter
1037 2073 1110 2156 ipra
1136 2081 1320 2143 recensetur
1346 2071 1503 2154 conditio,

192 2181 329 2266 quaudo
342 2191 451 2248 tamen
465 2203 508 2248 ex
522 2201 625 2250 eausa
643 2183 838 2250 conditionis
852 2185 978 2250 sentis
991 2183 1142 2268 conjugia
1155 2201 1223 2266 uon
1243 2183 1417 2266 irritentur,
1434 2185 1502 2250 nisi

190 2297 264 2358 tum
278 2289 421 2372 demum,
442 2309 521 2356 cnm
535 2291 570 2356 in
584 2291 699 2358 eudem
714 2291 898 2358 conditione
919 2303 1050 2374 erratur,
1064 2291 1364 2375 quaemadmodum
1372 2275 1502 2376 piutm

189 2401 307 2466 omnes
321 2400 578 2484 interpretantem
605 2399 694 2484 quod
707 2419 786 2466 cum
799 2402 845 2466 itu
859 2401 908 2481 sit,
934 2419 992 2466 cur
1009 2399 1278 2485 impedimentum
1302 2399 1502 2468 conditionis

191 2509 237 2573 ab
260 2507 491 2592 impedimento
515 2509 628 2574 erroris
650 2507 873 2592 distinguitur?
917 2509 1000 2576 Item
1025 2527 1144 2576 nomen
1158 2495 1319 2592 'genuus
1343 2511 1504 2579 umero
1554 2527 1559 2536 ·

186 2617 310 2686 stttstra
335 2639 392 2704 pro
406 2619 638 2704 impedimento
661 2618 832 2684 dirimente
854 2618 1038 2700 collocatur,
1061 2639 1139 2686 cum
1152 2619 1187 2686 id
1200 2621 1236 2686 iu
1259 2631 1347 2688 esna
1366 2630 1502 2688 tentum

189 2733 335 2801 criminis
349 2733 455 2818 speeie
470 2732 579 2798 locum
592 2731 722 2810 babeat,
737 2731 784 2794 uti
795 2749 858 2794 suo
871 2730 941 2794 loco
955 2731 1109 2798 creditum
1123 2733 1271 2815 superius
1284 2743 1344 2798 est
1376 2732 1502 2798 Melius

188 2846 266 2917 eret,
292 2839 320 2902 si
334 2838 478 2902 criminis
502 2855 623 2902 nomen
645 2838 728 2902 iuter
752 2837 984 2921 impedimenta
1008 2838 1217 2920 impedientia
1240 2839 1501 2924 descripsissem,

188 2945 331 3030 quando,
347 2945 395 3008 uti
410 2946 508 3010 etiem
533 2945 681 3028 superius
696 2944 893 3026 dictumest,
908 2947 1013 3012 muto
1034 2947 1293 3032 designebnntur
1305 2948 1396 3034 apud
1410 2961 1501 3016 vete
1575 3007 1576 3010 ,

190 3071 242 3120 res
257 3053 370 3136 gravis
384 3053 527 3140 erimine,
553 3071 692 3136 quorum
707 3073 781 3120 reus
806 3054 954 3137 publiese
969 3055 1184 3138 poenitentias
1207 3054 1429 3136 educebatur,
1456 3075 1501 3122 uc
1575 3039 1576 3078 ³

190 3161 361 3246 proindee
385 3157 613 3226 contrahendis
637 3163 797 3246 conjugiis
819 3163 997 3243 eroobstun
1021 3163 1136 3228 eodem
1160 3163 1266 3244 modo,
1286 3183 1353 3246 quo
1377 3175 1499 3234 votnm

189 3259 320 3356 utrique
345 3271 648 3356 impedimentorum
672 3273 782 3356 generi
807 3271 1007 3356 adscriptum
1031 3284 1089 3352 est,
1114 3271 1203 3355 quod
1226 3271 1390 3355 quaedam
1416 3287 1500 3340 vote

190 3383 322 3470 irritent,
351 3381 514 3465 quaedum
547 3399 614 3446 non
642 3383 766 3446 irritent
787 3381 1004 3446 matrimonia.
1048 3382 1230 3466 Dispsriter
1257 3381 1378 3462 cultus,
1407 3401 1501 3466 quae

188 3493 274 3560 inter
301 3491 533 3577 impedimento
561 3493 747 3558 dirimentis
773 3505 972 3573 moeusetur,
999 3511 1103 3576 aeque
1133 3503 1256 3576 poterut
1283 3495 1366 3560 iuter
1393 3493 1499 3578 impe-

188 3604 312 3670 dientia
332 3604 493 3687 collocari3
520 3621 586 3670 nen
615 3606 644 3668 ti
668 3604 712 3670 ed
740 3604 891 3684 suum,
920 3605 972 3670 rol
997 3604 1150 3670 Gentiles
1171 3603 1333 3687 ruderum,
1362 3605 1499 3676 nullutn

188 3707 301 3778 reddet
324 3711 577 3791 matrimonium,
603 3711 632 3777 si
656 3713 700 3778 ed
720 3712 911 3793 hsemttoor,
939 3733 982 3778 ex
1011 3713 1184 3778 recentiore
1207 3712 1378 3797 discipline
1400 3733 1499 3801 regu·
1574 3705 1575 3720 ¹

188 3819 296 3884 lariter
319 3829 447 3886 tentum
472 3819 632 3886 illinitum.
675 3819 758 3886 illibi
783 3834 913 3905 quoque
927 3823 1053 3906 plaeere
1073 3833 1265 3907 conpotem,
1290 3823 1379 3906 qnod
1393 3824 1498 3908 idum,

94 3929 97 3934 '
186 3943 358 4012 unumque
382 3928 651 4013 impedimentum
673 3929 774 3996 semel
789 3930 979 4012 indicatum,
1004 3933 1120 3998 itemm
1136 3931 1210 3999 ulb's
1235 3931 1424 4001 nominibus
1447 3937 1498 4009 irt-

179 4035 345 4112 ¹sinuetur.
387 4037 443 4104 Sic
457 4049 631 4122 postquem
655 4039 698 4104 de
711 4049 786 4104 voto
809 4039 897 4104 iaetu
920 4037 983 4106 luit
1006 4039 1136 4122 mentio,
1161 4039 1280 4108 deiude
1296 4058 1499 4126 nequeoou·

188 4137 280 4211 tinuo
294 4142 332 4208 lit
346 4145 467 4209 mentio
480 4145 522 4209 de
542 4145 664 4210 ordine
706 4145 743 4211 ut
757 4165 903 4230 quaeras,
929 4165 988 4212 cur
1001 4145 1117 4212 eudem
1138 4147 1262 4214 radens
1285 4147 1498 4240 demligioss
1573 4231 1574 4234 Ἴ

183 4249 382 4336 professione
396 4271 463 4318 uon
477 4251 690 4335 meminerint,
712 4253 830 4333 neseio,
851 4253 932 4338 quid
944 4263 1041 4320 eruut
1060 4254 1265 4337 responsuri·
1295 4251 1380 4322 lte!
1393 4255 1430 4322 in
1444 4275 1499 4322 se·

182 4355 297 4438 ,ctrndo
310 4359 469 4425 versiculo
493 4359 534 4424 de
549 4361 583 4426 vi
597 4361 796 4430 mentionem
819 4361 974 4445 leserunt,
998 4361 1118 4432 temus
1131 4361 1167 4432 in
1190 4373 1310 4448 omno
1329 4363 1372 4436 ts
1385 4377 1497 4452 nptu,
