3210 4990
143 405 355 452 asumma
377 405 424 450 nn
446 405 599 451 caereus
621 407 742 452 ceant
764 405 937 454 enumera
961 405 1265 454 rnraoaannrnns.
1337 389 1398 456 145
1465 465 1467 470 ,
1584 411 1586 422 ⁴

12 553 13 604 3
101 529 151 593 sei
172 516 360 594 'Prodierat
384 528 473 612 apud
487 529 507 592 J
510 527 629 592 udeeos
651 527 763 594 divina
777 529 840 610 lex,
856 549 897 594 ne
909 529 1028 596 iudaei
1042 529 1135 594 facile
1150 533 1300 614 gentibus
1314 551 1399 598 com·

12 637 13 670 ³
103 639 319 703 miscerentur.
363 637 497 702 Addidit
512 637 603 702 Deua
629 640 804 722 speciatam
818 639 922 724 legem
937 640 977 704 de
993 661 1057 704 non
1072 642 1231 708 ducendis
1244 643 1399 728 alieniga-

103 749 151 811 ais
166 748 332 812 uxoribus.
376 747 462 812 Hinc
486 747 650 840 ordinario¹
666 750 739 832 jure
752 749 953 832 alienigenae
975 748 1093 814 ditatae
1107 771 1224 814 uxores
1238 753 1401 836 expellen-

99 857 160 920 dae
174 856 315 937 suerum,
341 858 491 943 conjugio
517 859 644 940 penitus
669 858 798 922 irritato.
843 857 954 923 Etiam
978 860 1013 924 in
1036 853 1218 942 Evangelio
1244 863 1297 924 lex
1311 861 1399 926 edita

98 961 167 1044 tuit,
183 983 251 1028 non
275 963 535 1030 conservandum
560 984 638 1030 cum
662 965 856 1046 infidelibus,
881 967 1065 1050 praesertim
1090 968 1132 1032 ab
1154 969 1202 1047 iis,
1217 967 1274 1050 qui
1288 987 1399 1034 reeens

100 1073 252 1156 baptizati
272 1059 421 1137 fuissent.
463 1073 597 1158 Adjecta
622 1071 683 1138 ιιιιι
708 1073 853 1138 tradente
877 1075 980 1140 Paulo
1004 1077 1157 1160 Apostolo
1182 1078 1329 1160 specialis
1344 1079 1399 1144 lex

100 1179 345 1258 connubiorum,
361 1199 428 1262 qua
450 1191 586 1244 cautum
612 1191 669 1258 est,
693 1182 865 1265 conjugem
889 1182 1088 1266 baptizatum
1109 1203 1202 1268 posse
1217 1185 1399 1254 recederee

98 1289 237 1372 conjuge
251 1287 383 1370 infideli,
398 1289 522 1371 quoties
547 1291 667 1373 conjux
689 1287 830 1352 infidelis
859 1289 1002 1354 habitare
1027 1309 1104 1354 oum
1127 1290 1214 1356 fideii
1236 1292 1316 1356 nolit
1329 1295 1398 1358 sine

101 1399 215 1482 injuria
226 1398 413 1461 conditoris.
456 1397 542 1462 Hinc
568 1395 744 1480 profectum
768 1408 825 1478 est,
852 1397 935 1462 utin
951 1398 1014 1462 hac
1029 1398 1133 1482 speeie
1148 1399 1398 1480 matrimonium,

98 1505 186 1588 quod
200 1506 285 1570 alias
300 1505 430 1570 firmum
444 1518 536 1586 esset,
552 1503 665 1570 irritari
680 1504 775 1570 facile
790 1504 899 1589 possit.

140 1615 240 1678 Nunc
255 1613 359 1700 adjus
374 1615 548 1698 positivum
563 1603 748 1678 humanum
772 1615 841 1678 sive
865 1615 1121 1680 ecclesiasticum
1146 1615 1196 1695 sit,
1211 1615 1280 1680 sive
1293 1617 1398 1698 civile,

97 1733 306 1787 convertatur
330 1723 437 1786 oratio.
482 1722 645 1804 Equidem
671 1741 732 1806 ego
754 1741 817 1786 non
845 1723 966 1804 dubito,
992 1725 1071 1806 quin
1086 1725 1245 1810 potuerint
1259 1721 1399 1810 Legum·

103 1835 215 1900 latores
229 1833 397 1918 prohibere
421 1846 508 1898 certa
533 1833 692 1916 conjugia,
717 1831 813 1896 modo
838 1845 965 1899 tantum
988 1836 1041 1916 ita,
1066 1845 1103 1902 ut
1115 1837 1303 1921 conjugium
1318 1840 1400 1904 alias

12 1953 13 1960 ’
97 1953 302 2008 contractum
331 1941 478 2007 illicitum
507 1941 685 2022 haberetur,
714 1941 811 2006 modo
839 1942 937 2006 etiam
965 1943 1025 2022 ita,
1055 1953 1091 2006 ιιι
1120 1943 1243 2010 irritum
1271 1945 1399 2028 penitus

100 2051 195 2118 ficret.
241 2052 330 2116 Tota
343 2047 488 2136 quaestio
504 2051 538 2114 in
552 2049 719 2114 voluntate
734 2049 1001 2132 Legumiatorum
1012 2051 1073 2116 rita
1097 2061 1153 2114 est.
1197 2049 1243 2114 Et
1267 2051 1399 2134 quando
1418 2097 1423 2108 ·

96 2171 339 2226 consueverunt
366 2155 621 2242 negumrarores,
653 2159 707 2222 nbi
736 2157 938 2224 voluntatem
963 2157 1116 2220 haberent
1144 2157 1331 2241 conjugium
1359 2158 1398 2220 ir·

99 2269 226 2351 ritandi,
243 2269 422 2354 prohibenti
450 2265 503 2330 vel
526 2265 732 2350 praecipienti
755 2265 820 2349 legi
843 2283 922 2330 suae
947 2264 1074 2328 irritans
1098 2261 1262 2328 decretum
1285 2261 1400 2345 adjice-

12 2381 13 2416 ³
100 2399 139 2462 re,
154 2379 251 2463 cepio
273 2376 392 2440 exinde
417 2376 641 2459 gratissimam
666 2361 892 2458 conjectruam,
916 2391 983 2456 qna
1008 2370 1226 2452 conciudatur,
1249 2370 1398 2455 conjugia

12 2467 13 2470 ι
96 2501 208 2554 contra
223 2487 311 2569 leges
334 2496 404 2550 tum
429 2485 564 2550 demum
587 2485 675 2548 irrita
699 2503 778 2564 esse,
801 2501 906 2566 quum
931 2482 995 2564 legi
1017 2481 1079 2566 ipsi
1092 2481 1256 2547 decretum
1271 2483 1398 2548 irritans

98 2597 261 2683 adjectum
283 2607 340 2676 est,
364 2607 396 2658 et
417 2601 438 2659 e
461 2593 618 2658 contrario
640 2591 789 2656 illicitum
813 2601 940 2654 tantum
962 2609 1051 2654 essse
1075 2585 1270 2674 conjugium,
1296 2609 1420 2674 quana·
1444 2677 1446 2684 y

13 2695 14 2756 l
96 2709 138 2773 do
162 2707 217 2772 iex
247 2706 374 2768 decreto
402 2704 544 2768 irritante
570 2704 700 2782 mnnita
728 2718 793 2764 non
823 2699 964 2781 adparet
1007 2697 1158 2776 Unicum,
1189 2707 1220 2759 et
1248 2696 1398 2778 gravissi-

13 2879 14 2883 ,
98 2835 189 2882 mum
202 2816 304 2899 hujus
325 2813 369 2877 rei
393 2811 581 2895 exemplum
599 2807 722 2893 profero
745 2805 834 2892 apud
859 2807 1026 2872 Antistites
1051 2805 1236 2870 Tridentini
1251 2805 1395 2885 Concilii,

95 2920 311 3005 quintalna
335 2919 555 2998 observabam,
581 2919 616 2983 in
640 2935 711 3000 cap.
737 2918 765 2980 1.
792 2935 869 2980 sess
893 2915 944 2980 24.
969 2915 1010 2979 de
1032 2913 1172 2980 Reform
1200 2907 1336 2983 matrim.
1339 2915 1397 3014 le·

95 3049 168 3113 gem
193 3027 369 3107 sanciente,
394 3045 461 3112 qua
484 3027 690 3090 matrimonia
714 3025 783 3090 sine
805 3017 1112 3106 denuntiationibus,
1142 3044 1181 3089 ao
1209 3025 1279 3090 sine
1303 2997 1397 3114 prae'·

95 3139 198 3206 senna
228 3135 373 3216 Parochi,
401 3145 451 3204 et
460 3129 592 3198 testidm
616 3134 910 3224 improbarentur,
901 3153 936 3198 ιιι
960 3134 1062 3216 prima
1087 3143 1183 3217 perte,
1208 3135 1242 3199 in
1263 3139 1331 3219 qua
1353 3136 1395 3202 de
1459 3213 1462 3220 Ι
1591 3133 1592 3226 i

96 3247 394 3314 denuntiationibus
429 3245 543 3329 agitur,
580 3243 744 3309 decretum
772 3244 899 3308 irritans
934 3263 1000 3310 non
1035 3243 1235 3327 adjeceruntJ
1268 3245 1395 3344 adjece-

96 3375 164 3422 ιιιιιι
178 3363 293 3419 autem
307 3353 342 3417 in
356 3353 456 3416 altera
471 3363 568 3434 perte,
584 3354 618 3415 ιιι
632 3371 700 3434 qua
724 3371 766 3434 ag
768 3352 830 3414 itur
847 3351 888 3414 de
912 3351 1093 3434 praeseutia
1118 3350 1291 3446 Perochi,
1287 3364 1320 3422 et
1333 3363 1393 3418 tee-

94 3467 181 3548 tinm;
208 3463 420 3548 quamobrem
447 3462 543 3545 recipi
565 3461 683 3540 debuit,
709 3459 909 3548 negligentes
935 3458 1162 3524 Tridentinam
1191 3461 1392 3574 sanctionem
1420 3465 1426 3480 '

95 3575 198 3657 quoad
229 3571 499 3649 denuntiationes,
529 3571 645 3636 adhuc
674 3570 863 3654 conjugium
892 3588 1001 3634 revera
1029 3569 1223 3652 contrahere,
1254 3583 1327 3636 utut
1352 3575 1394 3638 iia.
1413 3631 1416 3636 .

91 3681 181 3766 briter,
197 3693 234 3747 at
259 3679 460 3764 mpiigentes
483 3679 712 3746 Tridentinam
736 3681 937 3744 sanctionem
959 3677 1067 3762 quoad
1090 3681 1304 3762 praesentiam
1330 3681 1390 3746 Pa'·

93 3793 176 3858 mcbi
199 3803 234 3856 et
256 3791 397 3870 testium,
423 3809 464 3854 ne
486 3787 595 3852 valide
623 3787 757 3872 quidem
784 3790 981 3854 contrahere.
1023 3789 1089 3863 Res
1114 3789 1213 3873 plana
1240 3789 1328 3871 foret,
1358 3793 1393 3856 si

92 3899 175 3984 teges
197 3903 366 3966 humanae
395 3911 547 3984 perpetuo
575 3911 633 3965 aut
660 3899 825 3964 decretum
852 3899 980 3963 irritans
1008 3899 1201 3984 adjecissent
1228 3877 1387 3983 expresse,
1434 3902 1436 3906 ’

92 4023 148 4074 aut
168 4013 212 4076 ab
236 4011 326 4076 omni
353 4009 491 4074 formula
515 4009 755 4090 abstinuissent,
779 4028 864 4092 quae
886 4009 971 4074 vires
992 4008 1110 4074 decreti
1126 4009 1278 4074 irritantis
1292 4009 1401 4100 habe-¹

95 4143 127 4188 re
140 4126 294 4190 rideatur.
337 4124 561 4196 Quamobrem
575 4124 649 4188 hnic
662 4125 803 4208 aperitur
817 4123 975 4188 latissima
999 4121 1187 4207 disputandi
1215 4110 1389 4204 viaquoati

94 4233 262 4320 tornales,
291 4218 419 4318 quibus
438 4234 604 4298 decretum
632 4233 759 4298 irritans
786 4233 980 4314 continetur.
1023 4229 1252 4342 Neque'enim
1282 4245 1396 4294 neema

96 4341 211 4406 sarirnn
236 4351 293 4422 est,
319 4351 355 4404 ιιι
372 4336 561 4425 Legiaiator
583 4357 734 4424 expresse
758 4338 854 4430 dicat,
880 4357 914 4402 ae
936 4337 1124 4422 conjugium
1146 4329 1257 4400 contra
1283 4333 1387 4418 iegenr

96 4459 289 4512 mnuaetnm
314 4445 444 4532 irritaret
467 4447 586 4532 quippe
611 4457 688 4526 suut
706 4443 873 4540 quaedam
896 4425 1026 4596 ierqqq
1017 4443 1194 4592 aqum-ripas
1219 4453 1277 4508 aut
1290 4443 1392 4510 aaut
