3250 4976
336 472 393 563 ⁴pa
412 473 472 551 trs,
488 473 551 522 aur
570 473 727 520 rossana
742 471 921 546 censeare
935 471 1126 550 connotent.
1270 531 1273 538 Ι
1324 453 1389 542 31ιὸ

80 593 166 660 mine
191 596 546 690 excommnnicatipnis,
561 615 603 684 err
618 615 665 674 so,
679 594 768 680 qaod
783 595 956 678 suspensio
978 607 1065 660 certa
1078 591 1319 661 communionis
1334 613 1388 670 ec·

82 703 280 770 clesiasticae
301 707 375 790 jura
389 705 535 783 auferret,
561 715 593 770 et
608 705 756 788 generale
770 706 1119 771 excommunicationis
1139 723 1258 780 nomen
1280 723 1388 786 saepe,
1509 757 1512 764 ,

81 830 119 874 ac
134 811 265 892 saepius
281 809 323 874 ad
349 811 437 890 alias.
447 815 630 900 singulares
644 831 800 896 censuras
815 813 989 890 referretur,
1013 815 1060 880 uti
1075 815 1223 896 superius
1237 813 1386 876 obserua-

80 930 149 987 tum
165 931 221 998 est,
247 931 280 981 ct
295 917 427 986 inferius
450 920 559 1012 adbuc
574 919 854 987 demonstrabitur.
899 921 992 986 thil
1007 920 1104 1003 igitur
1118 921 1246 994 mirum,
1273 920 1299 982 si
1316 937 1387 986 sua·
1415 927 1419 932 '

79 1047 182 1112 pansa
207 1026 359 1112 Capitale
384 1029 480 1110 qtrasi
505 1030 850 1099 excommunicatione.
866 1041 978 1094 nauta
1003 1025 1182 1110 aliquando
1211 1028 1387 1094 Pontifices

80 1137 217 1202 Maximi
244 1131 489 1222 appellaverint.
532 1136 647 1218 neque
661 1137 743 1228 baec
766 1139 986 1222 interpretatio
1010 1149 1169 1220 repugnat
1195 1137 1301 1200 verbis
1318 1136 1399 1205 lau-¹

79 1245 152 1313 dati
173 1248 324 1334 rescripti·
369 1245 467 1322 Quod
490 1246 578 1312 enim
602 1225 720 1312 dieitur
741 1247 778 1316 in
794 1247 879 1319 dicto
903 1265 975 1330 cap.
993 1249 1042 1310 ll.
1066 1257 1177 1310 contra
1203 1245 1387 1329 Collegium

79 1353 320 1439 Ganotticorum
344 1357 542 1442 propositam¹
554 1337 661 1420 irrisae
670 1359 895 1440 exceptionem
910 1353 1265 1432 excommunicationis,
1294 1373 1336 1420 ne
1350 1355 1386 1436 in

72 1463 202 1552 judicio
214 1464 440 1549 appellationis
463 1476 583 1550 ageret,
596 1461 765 1532 commode
791 1463 927 1546 intelligi
942 1474 1045 1546 potast
1058 1461 1101 1526 de
1118 1461 1329 1546 suspensione
1344 1459 1390 1526 ab

76 1575 359 1640 administratione
383 1573 570 1644 reddituum
595 1574 841 1660 Oapitularium,
864 1571 906 1636 da
930 1591 998 1656 qna
1019 1571 1159 1636 dubitari
1184 1581 1317 1656 poterat,
1342 1589 1387 1660 sn

78 1679 271 1764 Capitulum
294 1681 479 1765 abagendo
503 1681 653 1768 ch'iceret
697 1683 827 1750 crenus
842 1679 1095 1760 adamiticam,
1123 1678 1386 1746 excommunica·

78 1791 179 1856 donis
193 1791 302 1876 plures
323 1793 457 1858 effectus
472 1785 553 1888 asse3
581 1794 739 1879 imprimis
753 1795 842 1858 enim
857 1793 879 1858 ii
894 1803 981 1872 stant,
1006 1793 1066 1875 qui
1075 1808 1109 1857 ct
1123 1791 1339 1875 suspensioni,
1354 1801 1388 1858 et

77 1903 250 1970 interdicto
263 1923 453 1972 communes
468 1907 639 1990 babenton
665 1909 744 1972 item
757 1917 807 1970 cst
821 1906 920 1970 etiam
933 1904 1108 1994 denegatio
1120 1905 1304 1970 corttmunis
1318 1921 1387 1970 ora·

79 2013 190 2095 tionis,
202 2031 334 2098 precam
358 2017 572 2101 publicarum,
598 2025 632 2082 et
645 2016 852 2083 salutationis
873 2015 1048 2098 fficiosam
1073 2025 1122 2080 est
1138 2014 1279 2099 denique
1296 2013 1387 2082 dam·

77 2123 171 2188 natio
184 2125 378 2192 animarum.
402 2127 528 2192 Priores
541 2125 675 2212 quidem
688 2125 825 2202 effectus
840 2145 955 2212 omnes
968 2135 1071 2210 potest
1086 2126 1119 2190 in
1134 2125 1288 2209 Collegae
1299 2143 1388 2192 exet·

77 2254 153 2301 cera
167 2239 475 2316 excommunicatio,
488 2256 554 2300 non
569 2249 777 2322 postremum.
820 2217 1025 2320 Proindaqne
1039 2237 1192 2302 concludi
1206 2249 1317 2319 potest,
1333 2253 1389 2324 va·

76 2345 181 2411 luisse
195 2345 274 2412 ottm
288 2345 399 2412 induci
415 2340 448 2412 in
464 2345 611 2428 collegia
625 2342 1005 2422 excommunicationem,
1019 2343 1108 2428 qrrod
1118 2345 1235 2408 attinet
1248 2345 1290 2410 ad
1307 2345 1388 2428 prio·

76 2474 127 2520 res
143 2453 289 2536 effaetus
315 2473 381 2520 uon
396 2433 484 2540 duod
499 2465 623 2538 spectat
639 2453 893 2518 damnationem
905 2453 1098 2533 animarum,
1121 2453 1203 2520 baec
1217 2455 1305 2520 enim
1320 2473 1387 2523 nou

76 2564 265 2650 cottsgturu
279 2565 395 2650 ipsum,
421 2564 479 2629 sed
494 2556 676 2650 singulares
700 2567 807 2654 potius
822 2581 978 2646 personas
1001 2561 1151 2628 afficeret.
1195 2564 1239 2629 At
1259 2583 1389 2632 emam·

76 2674 264 2751 manicatio
288 2674 445 2758 prioribus
460 2674 627 2740 effectibus
650 2683 754 2752 tenus,
779 2671 860 2756 quid
875 2671 967 2738 aliud
981 2681 1074 2750 esset,
1102 2689 1202 2754 qnam
1217 2671 1389 2756 suspensio

75 2781 360 2868 ecapitulsribus
372 2783 499 2848 officia
514 2785 547 2848 in
568 2783 737 2847 communi
752 2781 959 2848 exercendis?
997 2781 1101 2854 Quod
1115 2781 1142 2844 si
1165 2780 1388 2848 excommuni-

73 2893 165 2958 catio
191 2892 355 2976 appellata
369 2905 425 2974 est,
450 2893 484 2958 id
501 2891 708 2958 tribuendam
722 2893 820 2956 aetati
846 2889 984 2974 illique
1006 2906 1120 2956 omncs
1144 2909 1301 2956 censurae
1325 2891 1389 2958 sub

74 3003 428 3068 excommnuicationis
453 3001 584 3068 nomine
613 3001 915 3086 pronuntiabantur.
957 2997 1072 3064 Simile
1097 2997 1196 3082 bojas
1224 3001 1269 3061 rai
1294 3015 1389 3080 argu·

73 3123 229 3184 mentum
254 3111 393 3178 habetur
417 3111 554 3196 apnd‘S.
580 3109 804 3193 Augustiuum
831 3109 863 3172 in
879 3127 952 3172 can.
978 3109 1008 3172 8.
1025 3125 1114 3172 cans.
1132 3107 1181 3170 tr.
1207 3117 1332 3192 quaest
1348 3105 1389 3191 4.,

75 3223 133 3290 ubi
150 3222 195 3285 ob
208 3221 327 3286 delicta
341 3219 582 3305 patrisfamilias
604 3219 709 3304 ipsam
724 3217 884 3285 familiam
897 3215 1207 3296 exomnmnnricatiu
1229 3225 1262 3276 et
1275 3231 1389 3296 qustu-

72 3345 183 3414 quam
199 3328 285 3408 alibi,
301 3329 455 3394 nimirum
478 3328 511 3392 in
526 3327 613 3390 dicto
627 3343 699 3388 can.
716 3327 745 3388 l.
759 3343 851 3388 cans.
865 3322 917 3386 24.
932 3335 1058 3405 quaest.
1072 3321 1113 3400 3.,
1132 3322 1267 3400 monuit,
1287 3339 1330 3385 ne
1345 3331 1389 3384 to·

72 3445 108 3500 ta
123 3433 255 3500 familia
278 3453 321 3498 cx
336 3434 455 3498 delicto
469 3435 570 3518 patris
593 3433 939 3509 excommunicaretur,
955 3431 1022 3496 illic
1036 3443 1154 3510 tamen,
1181 3449 1240 3494 seu
1254 3431 1288 3494 in
1303 3430 1391 3495 drcto

71 3558 151 3608 can.
169 3539 200 3604 8
216 3540 304 3636 quod
328 3541 444 3606 attinet
457 3541 500 3606 ad
515 3551 619 3608 certos
633 3541 777 3622 effectus,
803 3537 837 3606 id
852 3551 910 3620 est,
925 3538 968 3604 ad
982 3537 1135 3606 effectum
1157 3555 1222 3602 non
1237 3539 1389 3622 recipien-

71 3651 199 3718 darum
214 3637 424 3732 oblationum,
449 3651 492 3716 ad
509 3669 696 3718 unrrersam
720 3653 880 3716 nantillam
896 3651 1267 3718 excommunicationem
1290 3651 1389 3734 patris

68 3743 235 3826 extenrflt
277 3760 379 3832 unca
394 3761 436 3826 de
460 3761 608 3846 Collegio
631 3761 757 3828 dictum
779 3773 837 3842 est,
865 3763 1008 3846 idipsum
1022 3760 1115 3824 dicas
1139 3759 1309 3858 deofficin
1335 3760 1390 3849 rel

69 3888 216 3935 munere
230 3871 372 3954 publico:
397 3872 552 3956 suspendi
567 3873 708 3956 quidem,
735 3884 793 3938 aut
808 3873 954 3942 interdici
969 3873 1077 3938 officia
1091 3887 1238 3959 possunt;
1255 3886 1290 3938 st
1303 3876 1331 3938 si
1346 3873 1389 3938 da

69 3979 417 4076 excommunicatione
432 3990 555 4065 agatur,
581 3983 645 4046 bac
669 3994 797 4052 tantum
823 3997 926 4050 notan
942 3983 1056 4068 poterit
1080 3999 1218 4078 persam
1244 3963 1389 4047 officium

70 4111 245 4170 exercens,
261 4092 288 4158 si
303 4093 337 4156 in
352 4091 459 4158 officio
480 4093 705 4178 deliquerunt
721 4111 941 4163 successorem
962 4095 996 4160 in
1011 4093 1118 4163 afficto
1130 4093 1392 4160 excomunicatio

70 4221 148 4270 non
164 4201 290 4268 afficiet.
334 4203 484 4270 Tantum
498 4205 779 4272 excommunicari
796 4206 896 4272 etiarn
911 4205 1024 4290 poterit
1038 4221 1206 4270 successor
1226 4203 1260 4267 in
1275 4201 1393 4284 officio,

69 4331 146 4400 quo
160 4329 240 4378 casn
267 4313 350 4378 intra
365 4327 488 4379 certum
505 4315 632 4400 temptis
651 4323 724 4380 'uon
739 4315 929 4410 satisfecerit
951 4315 1129 4395 Ecclesiae,
1155 4311 1273 4378 aliisve
1292 4311 1391 4378 laesis

71 4441 122 4488 ex
141 4421 420 4488 administratione
435 4424 697 4508 praedecessoris,
713 4443 786 4510 cap.
801 4425 831 4493 2.
847 4425 892 4514 de·
903 4427 1041 4512 immun.
1061 4421 1183 4488 liccles.
1271 4421 1280 4426 '

127 4529 384 4607 Observandum
409 4533 522 4601 itidem
544 4545 602 4617 cst,
627 4533 792 4620 duplicem
817 4553 889 4600 esse
914 4534 1233 4616 fideliumordractu,
1254 4550 1394 4619 quornm
