3274 4974
903 251 915 280 b

274 439 321 485 ne
337 433 461 484 causis
479 403 828 488 remuneraturum,
844 409 906 471 tre'r
917 405 990 470 ‘esu
1006 423 1120 468 ronna
1137 416 1322 465 carminis.
1387 373 1452 454 1169

151 559 294 626 tionibus
319 561 379 624 sibi
396 557 528 644 propriis
542 529 743 638 exequendis
767 551 880 615 inutile
896 549 1061 613 efficiatur.
1104 545 1211 607 immo
1226 541 1286 602 etsi
1302 535 1374 600 sota
1388 553 1455 597 rer-

145 673 267 736 beratie
292 675 453 735 nemiuem
472 670 584 732 reddat
610 665 825 748 irregularem,
852 661 1032 725 vulneratio
1048 669 1165 732 tamen,
1190 669 1365 735 quaecum
1382 663 1455 709 san-

145 782 257 863 guinis
273 779 430 842 effusione
447 777 511 856 fiat,
540 773 868 860 irregularemieeiet
886 771 1121 844 vulnerantem,
1137 785 1207 846 cap.
1235 765 1261 824 1.
1288 759 1343 842 qui
1370 757 1456 820 Cier·

147 890 291 952 veivnv.
294 909 387 971 ,cap
403 887 434 951 4.
450 889 621 969 ἀοι-,ζῳων
664 885 757 962 Sunt,
773 901 829 964 qur
846 893 970 963 putant
998 898 1030 940 m
1046 877 1110 938 ime
1126 869 1370 954 irregularitatis
1386 887 1455 950 spe·

145 999 203 1076 cie,
220 999 399 1077 qrramdam
416 997 517 1060 reiuti
543 995 670 1080 talionis
687 1011 867 1076 poenam
850 989 984 1084 agnosci
1001 1007 1104 1071 possm
1131 1004 1208 1046 eum
1223 984 1310 1045 euim
1327 979 1455 1043 mutila·

147 1120 201 1170 tus
216 1105 273 1168 fiat
288 1127 329 1168 ex
346 1105 472 1168 deiectu
490 1103 714 1184 regutaris-,a
698 1103 796 1184 ajunt,
806 1103 880 1186 jtue
903 1099 1001 1164 statui
1017 1095 1176 1198 debuisse,
1196 1105 1230 1156 ut
1246 1091 1401 1155 mutilans
1416 1089 1456 1152 si·

144 1213 255 1276 miiem
281 1213 548 1294 irregularitatem
564 1210 774 1288 contraheret
801 1221 992 1291 argunmuto
1020 1225 1091 1269 can.
1121 1203 1170 1268 13
1187 1203 1260 1264 dist.
1277 1203 1327 1264 55.
1372 1198 1456 1264 Mihi

145 1338 212 1384 non
229 1331 308 1382 sans
325 1321 430 1400 piacet
445 1321 526 1382 itaer.
541 1321 730 1395 observatio,
747 1319 968 1400 quamiaiieet
984 1335 1099 1379 verum
1115 1315 1164 1392 sit,
1180 1331 1311 1375 onmem
1327 1309 1457 1415 mutlip-

147 1425 278 1504 tionem,
295 1445 379 1506 quae
395 1425 498 1488 reddit
514 1428 699 1490 unuiiatum
716 1425 921 1506 irregularem
937 1445 978 1489 ex
995 1423 1132 1500 deiectu,
1159 1419 1288 1484 reddere
1305 1419 1456 1490 mutilati

144 1539 212 1592 tem
229 1529 435 1610 irregularem
451 1547 502 1598 ,ex
519 1531 645 1609 delicio,
671 1532 843 1595 ‹itero-carr.
872 1531 921 1595 13.
946 1531 1019 1595 dist.
1036 1529 1097 1609 55,
1124 1534 1315 1592 nontamen
1335 1513 1456 1590 'verdm

144 1647 195 1700 est
209 1643 228 1699 e
241 1645 407 1719 converse,
425 1641 670 1720 mutilationem,
687 1659 770 1723 qliae
787 1641 973 1704 mutilatum
990 1659 1053 1703 non
1072 1637 1398 1719 reddit'irteguia'rem
1414 1635 1456 1697 ρκ’

143 1746 282 1825 desecat,
307 1754 375 1812 'nou
391 1749 521 1813 reddere
537 1735 977 1833 ¹muliiauterir'irregiriarem
1002 1757 1044 1812 eir
1060 1731 1187 1812 delicto.
1231 1745 1322 1810 Haec
1344 1731 1456 1836 omnin

144 1874 221 1921 veru
235 1871 321 1934 sunt,
338 1859 407 1922 sive
423 1861 496 1940 quis
513 1863 708 1928 mutilaverit
723 1859 834 1937 tilium,
851 1864 920 1923 sire
936 1857 1135 1924 mutilaverit
1150 1847 1370 1938 semetipsum,
1382 1849 1454 1917 can'.

141 1968 172 2032 6¹.
189 1967 338 2047 dist-55,
354 1989 425 2052 rap.
441 1971 470 2032 ci.
485 1969 528 2032 de
543 1989 627 2053 corp.
643 1971 754 2049 vitiat,
770 1968 973 2056 sire'passus
989 1965 1083 2032 suerit
1104 1977 1139 2030 se
1155 1967 1196 2031 ab
1211 1965 1276 2030 aiio
1301 1963 1454 2028 mutilatis

140 2073 324 2139 dunnuodo
339 2079 437 2160 culpe
451 2079 584 2160 patienti
601 2079 810 2157 adsmibatur,
838 2099 911 2141 can.
928 2080 957 2142 7.
983 2076 1013 2141 8.
1038 2081 1069 2142 9.
1089 2080 1156 2156 tu,
1182 2089 1213 2138 et
1228 2077 1279 2140 11.
1304 2073 1377 2138 dist:
1405 2071 1456 2136 55:

141 2201 213 2266 cap.
231 2187 260 2247 5.
286 2187 326 2247 de
340 2193 462 2270 corpori
489 2189 590 2250 uiuat.
634 2167 688 2251 Ex
705 2177 769 2268 pun
784 2189 863 2250 sune
879 2187 924 2265 iit,
953 2190 1058 2268 utrpti
1085 2181 1207 2248 crimen
1223 2182 1397 2259 admiserit,
1413 2194 1457 2244 ex

143 2297 301 2378 quoinde
328 2296 537 2376 Magistratus
564 2305 753 2361 numerante
775 2299 949 2362 'mutilatus
975 2287 1078 2376 inerit,
1105 2295 1373 2380 irregularitatem
1389 2297 1459 2356 non'

141 2397 272 2488 eradat,
299 2428 361 2472 non
380 2409 485 2472 solnm
502 2429 543 2474 ex
559 2401 605 2488 eo,
634 2397 712 2492 quia
737 2412 897 2474 mutilatio
914 2406 1066 2494 pareuuiis¹
1083 2409 1240 2472 infamem
1258 2406 1380 2484 reddat,
1397 2397 1458 2467 sed
1529 2397 1530 2402 ’

140 2520 300 2583 eliatu'ex
315 2541 360 2600 eo,
378 2521 462 2602 queri
482 2523 539 2583 iste
554 2521 749 2586 mutilationi
766 2509 902 2584 eausam
917 2521 1115 2604 culpabilem
1133 2513 1269 2594 dederit.
1301 2505 1455 2578 'Ounstat

140 2629 270 2704 exinde,
298 2627 376 2711 quid
393 2627 569 2692 (licendum
596 2631 637 2718 sit
653 2629 693 2691 de
714 2617 766 2707 iis,
793 2632 850 2712 qui
867 2629 1010 2692 eunueiri
1037 2627 1116 2690 faeti
1141 2621 1269 2688 suerint.
1313 2615 1454 2692 tenerier

142 2730 199 2802 etit
216 2721 343 2801 eusuid
360 2737 476 2817 euertit,
503 2753 538 2802 ut
553 2741 586 2802 iu
605 2737 790 2812 infantibus,
818 2741 873 2820 qui
891 2739 967 2800 sunl
983 2737 1126 2821 propriae
1151 2734 1329 2797 veluntatis
1344 2745 1455 2813 exper-

141 2858 199 2926 tes,
216 2847 273 2909 aui
289 2849 319 2909 tri
336 2841 421 2910 faeta
437 2849 533 2911 etiam
551 2849 582 2911 iu
600 2847 729 2924 adultis,
756 2839 970 2927 a'ut'denique¹
987 2843 1186 2907 Medicorum
1202 2841 1339 2905 consilio
1356 2841 1388 2902 in
1404 2839 1453 2909 iis,¹

137 2959 195 3042 qui
211 2959 302 3020 aliter
318 2960 466 3021 salutem·
484 2962 662 3023 instaurare
679 2967 850 3040 nequeant,
875 2955 967 3020 nuile
983 2965 1001 3022 a
1018 2957 1118 3020 saeris
1133 2953 1313 3018 canonibus
1328 2951 1454 3016 indicta

137 3079 188 3131 est
205 3067 429 3149 irregularitas,
474 3055 594 3130 Verum
610 3079 701 3130 entra
712 3069 814 3130 vimsee
829 3073 926 3130 easu's
950 3067 1109 3131 mutilatis
1124 3067 1247 3129 eisdem
1272 3081 1399 3146 semper
1413 3059 1456 3126 irr'

135 3171 329 3254 regularitas
345 3171 533 3252 imminebit,
550 3175 629 3255 quiu
645 3167 792 3240 excusari
810 3175 942 3239 valeant
965 3195 1007 3238 ex
1022 3195 1061 3238 eo
1076 3173 1163 3253 forte,
1190 3169 1276 3256 qrted
1301 3170 1451 3255 arrogem,

140 3296 176 3342 se
192 3278 233 3340 ad
249 3279 370 3342 bonum
386 3279 491 3342 finem'
503 3281 695 3344 matriutiorri
712 3293 769 3343 aut
780 3301 926 3360 eausam,
942 3293 999 3347 aut
1010 3297 1181 3345 assensum
1195 3279 1330 3356 dedisse,
1340 3295 1451 3361 quem·

138 3386 318 3452 admodum
334 3387 571 3470 sapientissime
595 3389 780 3452 observavit
795 3375 991 3454 Benedictus
1015 3387 1105 3455 xit.
1123 3391 1156 3454 in
1172 3389 1240 3453 libr.
1258 3392 1307 3454 11.
1333 3389 1374 3452 de
1389 3389 1451 3472 Sy·

138 3493 227 3583 uude
241 3495 443 3560 Dioeeesana
458 3517 527 3580 cap.
543 3499 573 3563 t.
590 3515 680 3562 uum.
699 3501 737 3578 1.,
754 3509 786 3564 et
800 3499 1019 3585 sequentibus,
1036 3515 1107 3564 ean.
1124 3496 1154 3562 3.
1169 3499 1199 3564 t.
1216 3499 1236 3564 t
1263 3499 1294 3563 t.
1309 3497 1339 3562 8.
1354 3497 1384 3561 9.
1400 3497 1449 3560 10.

135 3603 211 3668 (tta.
228 3603 288 3685 tt,
303 3623 374 3687 cap.
391 3605 421 3667 ⁵.
438 3601 479 3667 de
493 3623 623 3689 corpore
638 3607 769 3671 vitiatis.
