3276 4984
142 397 267 446 eunono
293 399 331 442 ru
348 394 752 444 consuetoconsunnsn
770 395 883 440 nanto
897 394 1109 454 conantem,
1125 391 1172 436 sn
1188 393 1331 439 escnsu
1367 373 1408 438 sl

132 521 239 582 ionibus
252 519 363 604 ajebat
376 519 583 602 Augustinus
598 519 632 582 in
647 535 721 582 can.
736 517 787 582 31.
803 517 1000 582 deconsecr.
1015 517 1089 584 dist.
1104 517 1143 600 4.,
1160 519 1310 584 divinum
1329 517 1414 602 jali-

130 630 202 691 cium
215 647 267 711 per
281 629 419 712 alicujus
435 627 637 692 revelationis
652 627 821 690 oraculum
846 629 997 692 concordi
1021 629 1172 710 oratione,
1198 639 1230 692 et
1254 629 1411 714 impensis

30 769 31 774 κ
127 738 243 821 supplici
256 737 427 802 devotione
441 737 614 820 gemitibus
629 734 869 817 implorandum
885 756 962 814 esee,
979 738 1174 820 instruent
1189 757 1261 827 post
1274 769 1327 824 me
1341 753 1408 818 dic·

127 861 196 910 turos
209 847 394 926 sententies,
407 833 435 910 si
449 844 531 928 quid
555 846 626 928 jam
639 844 851 927 exploratum,
868 857 899 910 ct
913 849 1080 928 cognitum
1095 849 1265 938 adferrent,
1281 858 1411 936 hnmili-

126 965 161 1016 ter
171 963 393 1034 exspectarem.
437 953 566 1024 laurea
580 954 746 1023 neminem
767 953 866 1016 otiose
894 957 1049 1038 member,
1078 961 1230 1045 qtiodque
1257 970 1410 1040 sedeunt

123 1057 270 1122 enderrdae
286 1059 624 1142 lenocitationirneam
641 1063 721 1127 setis
735 1062 834 1127 etiam
850 1063 910 1126 erit
924 1065 1070 1135 curiosae
1087 1069 1240 1140 lectourm
1256 1079 1406 1150 volunta·

124 1169 138 1246 i,
150 1169 305 1244 exhibebo,
320 1189 389 1240 non
403 1171 636 1252 componentis,
652 1181 712 1237 aut
724 1171 922 1252 disputantis
938 1217 945 1252 ,
961 1175 1018 1244 sod
1028 1184 1411 1274 emensurarent

124 1279 386 1350 usserintvarine
400 1279 601 1362 Scriptorum
614 1279 744 1358 classes,
758 1299 899 1361 querum
923 1285 1062 1370 singulis
1087 1309 1150 1360 sne
1173 1294 1246 1360 laus
1265 1312 1324 1382 eet,
1336 1307 1409 1385 post

123 1406 188 1468 qnae
202 1389 428 1470 unusquisqne
441 1389 477 1454 in
491 1405 591 1469 quiam
606 1389 923 1471 megisfpropendere
939 1395 1096 1480 videntur,
1125 1405 1315 1486 opinionem
1331 1413 1410 1480 incli

122 1509 169 1575 net
182 1496 238 1563 nisi
252 1497 332 1568 sone
347 1509 380 1560 et
393 1496 509 1560 eadem
524 1496 742 1578 ipsaeliectus
755 1499 798 1568 eit
821 1501 931 1566 animo
942 1501 1143 1573 dubitatione
1156 1529 1223 1593 qua
1237 1535 1290 1580 me
1311 1517 1409 1584 affici.

121 1606 330 1688 inpraesentia
345 1608 459 1672 sentio.

153 1713 230 1778 loeo
244 1715 381 1778 vertitur
397 1725 483 1778 totns
496 1713 730 1796 disputationis
744 1716 850 1798 cardo,
868 1729 905 1782 ut
933 1721 1101 1806 (quoniam
1116 1728 1327 1798 Sacramenta
1341 1755 1408 1804 otn-

120 1819 161 1880 nia
173 1839 265 1884 sunm
280 1821 468 1887 ministrum
497 1819 627 1900 habent,
658 1841 755 1889 snam
774 1824 872 1888 etiem
901 1825 1048 1910 fotinum,
1064 1844 1096 1896 et
1110 1837 1288 1920 materiam,
1306 1843 1409 1907 utire-

118 1933 251 1994 centiores
266 1932 433 2014 Theologi
448 1931 535 2013 loqui
551 1931 755 2012 adamarunt,
773 1935 825 1996 vel
846 1949 934 2000 certa
965 1944 1071 2024 verbe,
1087 1957 1119 2010 et
1133 1968 1192 2026 res,
1223 1951 1292 2014 sive
1308 1956 1407 2018 sensi-

118 2038 178 2102 bilia
191 2043 291 2124 signa,
310 2041 357 2104 nti
374 2051 495 2104 veteres
526 2039 754 2125 loquebantur)
770 2047 940 2110 commode
969 2049 1157 2134 designetur
1171 2069 1205 2120 et
1217 2059 1408 2128 Sacrumen-

116 2150 331 2216 tirnatrimouii
360 2151 513 2226 minister,
529 2161 561 2212 et
589 2151 791 2216 sacramenti
820 2156 966 2238 ejusdem
994 2161 1105 2244 forma,
1136 2188 1175 2232 ae
1205 2176 1349 2254 materia,
1366 2179 1408 2242 si·

116 2278 147 2322 re
158 2265 256 2343 verbe,
271 2283 313 2326 ac
325 2262 491 2326 sensibilia
506 2263 608 2343 signa,
625 2283 667 2326 ex
695 2265 816 2344 quibus
846 2270 1087 2340 matrimonium
1103 2279 1146 2342 nd
1162 2283 1407 2363 producendam

117 2371 164 2434 Dei
177 2373 321 2435 Gratiam
332 2371 404 2454 jure
418 2369 581 2434 elevatum
606 2389 676 2434 esso
704 2372 864 2439 credatur.
907 2377 1006 2442 Gerre
1034 2382 1076 2444 ab
1103 2384 1232 2452 incertis
1256 2393 1407 2476 sejunga-

115 2497 180 2542 nns.
221 2484 426 2551 Quaerens
441 2490 523 2556 runt,
539 2489 570 2542 et
585 2479 627 2544 ab
641 2483 792 2544 omnibus
819 2485 888 2549 siue
903 2485 1105 2560 dubitatione
1121 2509 1255 2580 recepta,
1282 2502 1324 2566 ad
1340 2503 1407 2570 duo

115 2587 201 2666 apin
214 2588 424 2652 reducuntur.
468 2586 614 2652 Primum
640 2599 696 2668 est,
712 2592 905 2672 generaliter
934 2595 967 2660 iu
998 2599 1216 2671 sacrementis
1244 2612 1404 2694 omuibus,

115 2711 142 2754 ac
154 2705 314 2776 propterea
329 2696 429 2758 etiem
444 2695 477 2758 in
508 2696 717 2764 sacramento
739 2693 945 2784 matrimonii,
961 2727 1040 2775 eum
1053 2731 1123 2776 esse
1138 2717 1332 2800 ministrum,
1346 2723 1405 2802 qui

113 2795 230 2866 formam
247 2805 447 2884 pronuntiat,
461 2821 534 2866 eam
549 2823 619 2867 esse
635 2802 781 2882 formam,
812 2828 896 2889 quae
926 2817 1094 2882 mantiam
1124 2823 1316 2908 sanctificet,
1330 2833 1417 2894 eam'

114 2927 168 2972 csse
182 2914 360 2990 nuteriam,
375 2933 460 2994 quae
486 2931 541 2995 per
556 2912 692 2978 formem
709 2921 729 2981 a
744 2916 890 2998 ministro
919 2923 1150 2994 sanctificatur.
1193 2932 1341 3000 Alterum
1355 2948 1405 3002 est

113 3014 138 3078 iu
152 3019 290 3086 Concilio
307 3022 500 3088 Tridentino
516 3023 589 3088 licet
604 3022 707 3087 multa
724 3026 903 3106 specialiter
918 3029 959 3092 de
980 3033 1191 3106 sacramento
1207 3046 1404 3112 matrimonii

115 3119 255 3205 disputate
272 3128 375 3192 fnisse
390 3130 543 3208 sciemus,
566 3131 671 3197 milita
698 3134 796 3198 etiam
825 3135 966 3218 definita
997 3145 1080 3210 nihil
1105 3160 1214 3215 temm
1244 3173 1404 3237 expresse,

115 3227 194 3296 luisse
207 3249 344 3302 cautum
359 3235 400 3300 de
413 3238 483 3320 ejrrs
509 3237 712 3305 sacramenti
741 3245 884 3322 materie,
916 3246 1026 3329 fortae,
1055 3263 1090 3314 et
1118 3257 1272 3322 ministro.
1315 3262 1407 3329 Satis

30 3359 31 3404 l
115 3334 162 3400 l'nit
173 3343 314 3422 pmvidis
328 3343 478 3408 Patribus
494 3345 675 3412 firmavisse
704 3350 862 3432 imprimis
878 3353 953 3424 fidoi
969 3357 1098 3442 dagnus,
1112 3383 1178 3445 quo
1193 3367 1226 3432 in
1241 3372 1405 3439 matrimo-

116 3447 157 3508 nio
169 3451 220 3514 rite
234 3453 397 3517 celebrato
411 3473 524 3527 verum
540 3475 645 3521 novae
661 3459 740 3540 legis
769 3461 1017 3530 Sacramentum
1032 3484 1268 3557 agnosceretun
1285 3476 1404 3547 demde

117 3559 148 3616 ul
171 3561 401 3628 occurrendum
432 3562 578 3644 nuribus
607 3567 790 3638 animarum
821 3573 980 3654 periculis,
1010 3596 1093 3658 quae
1123 3601 1165 3656 ex
1193 3583 1405 3658 clandestinis

117 3669 392 3754 ottoniensem
406 3674 622 3756 stertebant,
641 3687 758 3758 utpote,
788 3699 872 3761 quae
887 3694 980 3763 ‚ran
995 3696 1030 3750 a
1057 3707 1133 3760 vera
1147 3695 1298 3778 conjuga
1312 3697 1404 3764 naut-

119 3773 278 3857 talueraut,
294 3779 443 3859 quandin
457 3799 496 3845 ee
512 3782 597 3848 irrita
621 3803 686 3849 non
702 3785 778 3853 locu
809 3789 965 3871 Ecclesia,
980 3797 1116 3875 cavisse,
1130 3817 1173 3865 ne
1187 3804 1223 3868 iu
1238 3817 1403 3886 posterum

121 3875 189 3944 aliter
201 3886 439 3956 celebrarentur
453 3894 667 3973 matrimonia,
694 3915 989 3982 quempmosente
1016 3907 1170 3990 Perueno,
1199 3915 1402 3987 y01213032.

120 3989 224 4056 ortuo
236 3995 279 4058 de
295 3995 398 4078 ipsius
414 3999 558 4079 enochi,
575 4003 626 4068 vel
651 4004 814 4072 ordinarii
829 4009 980 4090 licentias
992 4015 1184 4098 adjiciendo,
1214 4021 1308 4096 uted
1322 4023 1403 4093 cele

30 4141 31 4202 ζ
119 4092 272 4168 bulionem
288 4107 485 4174 matrimonii
498 4111 536 4174 in
549 4111 632 4178 faeie
659 4115 826 4185 Ecclesiae
855 4124 1053 4208 procedelun
1070 4131 1125 4194 ubi
1139 4131 1305 4202 Parenos
1335 4136 1403 4204 vito

30 4219 31 4234 ³
118 4219 143 4267 n
152 4216 268 4280 mulieri
283 4219 493 4303 interrogatis,
507 4235 539 4286 et
561 4245 673 4292 eorum
702 4241 816 4296 mutuo
830 4255 1001 4304 consensu.
1021 4245 1192 4326 intellecto
1223 4248 1274 4312 vel
1302 4248 1402 4332 dicet,

120 4320 182 4406 dgr
195 4349 250 4396 noe
263 4335 301 4398 in
310 4339 568 4405 unanimantem
585 4349 750 4432 conjungo
765 4351 802 4414 in
830 4353 961 4420 nomine
970 4358 1104 4440 Patris,
1121 4371 1153 4425 et
1167 4363 1308 4441 ttrite
1321 4363 1405 4449 opt-

123 4440 193 4508 rum
205 4447 330 4533 &aaut
345 4453 400 4517 rel
414 4455 611 4522 allis-utetur
627 4463 734 4528 verbis
759 4465 855 4548 juxta
873 4482 1037 4554 receptum
1053 4473 1400 4559 unlurenjntqnoPro
