3134 4984
284 441 331 490 ota
348 440 550 499 caessaris,
567 435 804 493 accusatore,
821 434 867 478 ss
885 427 1153 477 sonttttn‘ttcts.
1313 402 1374 466 103

81 569 147 633 item
161 576 299 652 opponat
322 583 465 628 canones
485 565 509 624 l.
524 561 564 637 2,
580 569 613 622 et
628 559 677 622 10.
692 575 783 620 caus.
801 557 828 619 1.
843 563 968 636 quaest.
994 553 1035 630 4.,
1052 567 1132 614 nam
1157 544 1374 628 Augustinus,

79 677 162 756 cnjus
175 675 254 738 haec
270 682 482 736 monumenta
497 675 583 745 strat,
609 667 644 728 in
658 666 745 728 dicto
758 683 831 726 can.
850 665 888 740 1.,
903 673 937 724 et
952 663 982 724 2.
1000 669 1139 724 tantum
1155 655 1376 718 demonstrare
1439 688 1444 698 ·

33 849 36 858 ,
79 782 195 844 uolebat
209 782 241 842 in
254 778 390 860 epistola
405 776 447 840 ad
467 775 681 851 vincentium,
698 791 763 835 non
778 790 850 834 essa
865 766 1105 850 redarguendos
1122 764 1200 842 illos,
1217 764 1273 844 qui
1289 781 1376 826 corn-

81 887 270 950 municarent
295 903 371 948 oum
398 903 459 962 reo,
486 885 578 965 cujus
592 881 715 944 crimen
742 879 943 960 ignorabant,
969 875 1057 957 quod
1072 893 1153 936 sane
1178 873 1273 954 louge
1292 877 1377 936 asta

80 999 227 1078 proposita
242 997 439 1077 quaestione,
456 1005 487 1056 et
502 993 534 1056 in
549 1013 622 1056 can.
642 995 689 1056 10.
707 1003 834 1054 tantum
850 988 1043 1070 improbavit
1060 986 1182 1052 iactum
1203 984 1378 1068 cujusdam

82 1103 210 1164 Africani
237 1101 399 1182 Episcopi,
423 1101 480 1182 qui
506 1101 547 1161 ob
573 1111 744 1181 paternum
769 1099 891 1160 crimen
916 1097 998 1160 lilios
1025 1094 1377 1158 excommunicaverat·

83 1209 172 1272 Plane
195 1209 493 1274 excommunicatio
519 1219 747 1290 utpotepoena
772 1205 955 1290 spiritualis,
972 1205 1126 1287 qusquis
1153 1203 1194 1266 ab
1219 1202 1376 1281 Ecclesia,

80 1335 127 1380 seu
142 1323 162 1379 a
175 1317 315 1396 mystico
340 1316 460 1378 Christi
476 1333 604 1396 corpore
630 1325 806 1396 separatur,
831 1315 873 1378 ob
887 1323 1022 1395 paterna
1044 1311 1183 1374 crimina
1204 1308 1308 1389 infligi
1323 1327 1375 1372 ne-

80 1427 146 1504 quit,
163 1445 269 1505 neque
284 1426 325 1488 ab
341 1423 402 1486 huc
415 1443 537 1505 poenae
550 1426 654 1505 specie
669 1421 709 1484 ad
724 1422 989 1504 irregularitatem
1005 1420 1303 1501 argumentandum
1319 1429 1377 1480 est.

80 1531 173 1596 Nemo
187 1533 329 1614 denique
354 1545 497 1616 opponat
518 1533 710 1610 canones3.,
726 1543 759 1594 et
784 1532 813 1594 4.
839 1551 928 1594 catis
947 1533 973 1594 1.
1000 1541 1125 1611 quaest.
1141 1529 1169 1591 4.
1186 1603 1188 1608 ¹
1215 1527 1377 1609 Imprimis

79 1643 155 1706 euim
170 1643 285 1708 nullibi
301 1643 463 1706 invenitur
478 1641 512 1704 in
527 1639 688 1704 Africanis
704 1641 866 1718 Corroiliis,
882 1641 969 1721 quod
985 1639 1106 1702 ibidem
1121 1639 1246 1719 legitur,
1271 1637 1303 1698 id
1319 1647 1377 1714 est,

79 1763 239 1831 paternam
263 1752 422 1816 haeresim
447 1751 678 1832 impedimento
693 1767 759 1814 non
784 1769 855 1812 esse
871 1748 986 1827 liberie,
1003 1767 1044 1810 ne
1059 1747 1102 1813 ad
1126 1765 1234 1812 sacros
1249 1745 1378 1808 ordines

81 1871 329 1940 prornoveantur.
374 1859 522 1924 Tantum
537 1879 579 1922 ex
594 1858 705 1922 codice
721 1858 888 1920 Ecclesiae
903 1855 1075 1922 Africanae
1090 1873 1162 1918 can.
1177 1854 1227 1916 47.
1241 1863 1376 1930 constat,
1453 1902 1460 1913 ,
1561 1937 1562 1952 ¹

78 1969 268 2032 dubitavisse
284 1969 453 2032 Africanos
469 1967 636 2032 Antistites
650 1967 692 2030 de
707 1968 784 2030 filiis
795 1967 982 2032 orthodoxis
999 1965 1253 2040 Donatistarum,
1268 1983 1311 2026 an
1327 1979 1375 2024 es-

80 2091 142 2144 sent
156 2081 190 2144 in
204 2081 326 2145 clarum
343 2079 524 2161 recipiendi,
540 2078 627 2142 etde
642 2097 680 2140 ea
696 2097 729 2140 re
744 2078 955 2168 interrogasse
970 2076 1129 2153 Siricium,
1149 2086 1180 2138 ct
1194 2072 1377 2155 Simplicia·

78 2203 160 2266 rrum,
176 2189 256 2267 quin
273 2187 403 2267 liqueat,
419 2187 498 2268 quid
513 2186 589 2250 inde
604 2186 774 2250 delinitum
792 2185 897 2263 fuerit,
913 2195 971 2250 aut
985 2195 1158 2266 receptum.
1203 2184 1376 2246 Caeterum

79 2293 200 2372 scimus,
217 2295 250 2356 in
265 2292 375 2366 Africa
390 2313 465 2356 cum
483 2294 661 2359 Donatistis
675 2293 925 2359 emmeramme
940 2303 1050 2359 mlum
1065 2311 1144 2372 esee,
1162 2304 1199 2354 ut
1209 2291 1317 2354 lenius
1333 2291 1377 2354 ad

78 2401 230 2466 unitatem
239 2400 489 2479 adducerentur,
515 2401 598 2466 adeo
613 2413 648 2466 ut
663 2401 832 2473 haereticis
856 2401 936 2482 ipsis
951 2399 1084 2468 Clericis
1109 2401 1286 2482 aliquando
1309 2422 1378 2484 per·

79 2509 209 2573 missum
223 2508 328 2587 fuerit,
344 2510 378 2572 in
393 2509 518 2590 proprio
533 2509 637 2590 gradu
652 2509 843 2588 ministrare,
858 2527 935 2572 curn
946 2521 1188 2590 revertebantur,
1204 2531 1274 2592 cap.
1293 2513 1319 2574 1.
1336 2511 1377 2576 do

78 2613 246 2697 Parochiis5
255 2637 348 2698 ¹quae
362 2635 441 2680 sarie
454 2616 517 2682 fuit
530 2616 733 2700 indulgentia
745 2617 928 2701 singularis,
941 2637 1027 2701 quae
1042 2619 1125 2691 nabi
1140 2621 1175 2686 in
1188 2623 1377 2706 exemplum

78 2725 208 2798 minime
222 2738 334 2808 potest.

118 2838 315 2906 Memoratae
328 2839 489 2904 adversus
501 2841 680 2906 haereticos
694 2845 887 2910 constitutae
902 2863 1025 2928 poenm
1045 2849 1269 2914 executionem
1285 2861 1375 2930 para·

78 2957 142 3014 tam
154 2952 335 3031 inueniant,
349 2953 377 3016 si
393 2954 437 3018 rei
452 2954 622 3018 haereseos
637 2956 703 3022 sint
722 2957 757 3019 iu
772 2959 907 3022 crimine
921 2961 1116 3042 pervicaces.
1160 2962 1335 3024 Caeterum
1350 2961 1377 3022 si
1446 2983 1455 3000 ,

78 3063 268 3144 resipiscant,
285 3063 396 3128 terme
418 3065 624 3130 Christianae
640 3067 716 3132 fidei
731 3071 887 3151 singulari
898 3075 970 3156 Jnre
991 3085 1156 3156 receptura
1171 3073 1241 3153 fuit,
1256 3085 1293 3136 ut
1305 3091 1378 3156 pce-

69 3163 250 3236 'uitentibus
265 3173 459 3253 ignoscatur.
502 3173 673 3255 Siquidem
688 3194 745 3256 pro
760 3177 1005 3258 poenitentibus,
1020 3180 1107 3244 etad
1123 3179 1308 3244 Ecclesiam
1323 3181 1377 3246 de-

76 3279 174 3344 misso
186 3285 297 3346 animo
319 3286 464 3364 reversis,
476 3287 602 3369 jamdiu
619 3286 707 3369 apud
732 3287 897 3371 Principes
911 3293 1109 3358 intercedere
1131 3295 1300 3358 consuevit
1314 3295 1379 3358 Ec-

76 3387 359 3474 credanturque
382 3413 425 3456 ex
440 3394 576 3475 epistola
590 3395 728 3458 Joatanis
752 3397 794 3460 ΙΙ.
811 3399 929 3481 Papae,
946 3419 1030 3481 qliae
1044 3411 1134 3464 extat
1154 3402 1186 3465 in
1203 3401 1269 3464 fine
1283 3401 1379 3466 Codi-

76 3497 125 3558 cis
137 3495 176 3562 de
198 3501 340 3565 Stemma
355 3502 525 3565 Trinitata
555 3503 636 3585 ·Ipsi
650 3505 748 3566 etiarn
764 3506 903 3588 religiosi
929 3507 1093 3591 Principes
1120 3509 1224 3570 testati
1242 3519 1327 3588 sunt,
1345 3527 1379 3570 se

77 3608 308 3687 poenitentibus
321 3609 498 3694 indulgere,
515 3629 554 3674 ac
568 3613 730 3676 remittere
743 3630 865 3695 peenas
879 3613 914 3676 iu
929 3613 991 3676 hoc
1005 3613 1148 3693 crimine,
1175 3631 1378 3696 quamquam

77 3718 261 3795 generaliter
275 3737 389 3784 verrem
404 3719 539 3799 sit-sola
554 3705 930 3802 poenitentianerninem
945 3721 1090 3784 manere
1110 3739 1182 3784 esse
1197 3729 1377 3784 nocentem.

76 3823 161 3892 Hinc
173 3827 342 3907 Amadias,
357 3841 390 3892 et
404 3829 570 3895 Honorius
593 3828 634 3894 de
648 3829 975 3896 filiishaereticorum
988 3831 1087 3893 etiarn
1107 3829 1378 3894 Manichaeorum

76 3932 283 4006 decreverunt
307 3957 395 4004 cuno
409 3939 493 4018 407,
515 3948 552 4004 ut
566 3939 663 4002 uenia
687 3940 926 4022 poenitentibus
950 3939 1186 4022 concederetur,
1212 3941 1233 4004 l.
1248 3941 1278 4003 4.
1307 3943 1328 4007 t.
1345 3941 1374 4008 o.

75 4045 146 4110 cod.
159 4047 198 4112 da
211 4051 341 4130 haeret,
367 4063 399 4114 et
413 4067 536 4131 paucos
550 4061 623 4132 post
637 4067 764 4114 menses
779 4051 893 4114 eodem
908 4067 996 4116 emto
1010 4050 1092 4131 tot,
1112 4051 1253 4136 idipsum
1269 4049 1379 4114 indul·

78 4170 186 4222 εειιιιιι
198 4159 371 4224 hasiensis
393 4159 472 4241 ipsis
487 4160 694 4242 parentibus,-
708 4169 782 4224 utut
795 4179 868 4222 sera
879 4169 966 4223 esset
989 4158 1118 4224 illoram
1132 4159 1337 4242 poenitentia,
1354 4157 1376 4221 l.

75 4261 208 4332 41.ωο
230 4267 360 4333 'Pheod
385 4268 456 4332 aod.
483 4269 528 4334 tit.
571 4269 719 4334 Materna
735 4269 768 4332 in
794 4269 858 4334 hac
872 4289 906 4334 re
929 4271 1029 4334 etiam
1044 4279 1151 4352 petere
1173 4269 1285 4334 debuit
1299 4287 1377 4350 erga

77 4375 270 4455 poemenem
283 4380 462 4446 haereticos
478 4379 646 4446 Ecclesiae
660 4381 842 4462 clementia,
857 4381 1018 4466 qna'sane
1040 4383 1073 4446 in
1088 4381 1314 4448 ecclesiasticis
1324 4385 1375 4467 ju-

75 4479 169 4550 dialis
191 4487 512 4576 lameraxifiuntur,
538 4489 622 4556 salso
643 4500 681 4558 ut
701 4491 733 4557 si
756 4501 879 4576 spoate,
900 4501 938 4557 ‘ct
950 4501 1029 4558 sats
1051 4501 1204 4576 sospem
1212 4490 1375 4577 judicium
