3276 4984
215 340 257 406 10
513 353 541 388 -1
651 355 895 404 ursenannnto
915 356 1042 401 aarum

213 497 271 564 ges
294 491 413 544 natura
437 481 471 544 in
495 479 702 560 celebrandis,
729 478 941 562 fovendisque
969 479 1140 572 connubiis
1168 477 1323 544 hermonis
1348 477 1511 542 mentibus

213 587 435 668 praestituerit,
462 588 696 670 ignorabimus?
739 589 774 652 Si
800 589 881 652 haec
896 589 1010 671 regula
1030 587 1182 672 jacienda
1207 589 1395 671 generaliter
1419 597 1511 667 esset,

212 697 324 760 omnia
338 715 377 760 ea
391 715 461 762 esse
481 697 546 782 juri
562 697 702 760 naturali
717 696 901 776 conformia,
919 717 1003 780 quae
1019 709 1129 781 gentes
1143 717 1256 760 omnes
1272 697 1386 760 saltem
1400 696 1513 794 cubio·

214 823 264 870 res
286 807 496 889 probaverint,
522 818 554 870 et
567 813 586 870 e
601 827 754 870 converse
769 808 828 870 abs
849 809 920 890 jura
935 807 1075 870 naturali
1100 807 1277 885 abhorrere,
1303 825 1387 888 quae
1402 815 1513 888 gentes

211 928 326 976 omnes
341 914 455 976 saltem
477 913 626 977 cultiores
645 915 822 995 inhenesta,
848 914 1017 995 turpiaque
1041 913 1232 995 putaverint,
1260 916 1293 976 iu
1308 914 1422 994 grandi
1436 931 1511 976 con·

214 1019 306 1083 flictu
320 1023 527 1102 versabimur,
550 1023 583 1086 in
599 1033 773 1104 conspectu
788 1024 951 1086 variarum
966 1023 1218 1104 disciplinarum,
1245 1044 1327 1107 quas
1343 1025 1514 1106 hucusque

214 1149 257 1194 ex
272 1131 417 1214 pluribus
433 1132 631 1214 gravissimis
647 1131 732 1212 virle,
751 1143 783 1194 et
797 1131 892 1196 cultis
906 1132 1034 1216 populis
1048 1131 1210 1194 derivatas
1224 1129 1373 1214 expendi.
1418 1131 1453 1194 Si
1467 1131 1515 1194 di·

212 1243 355 1308 cendum
370 1244 419 1323 sit,
437 1253 570 1307 naturae
585 1256 754 1326 praecepta
768 1246 846 1307 satis
859 1245 1034 1326 unicuique
1043 1264 1115 1306 esse
1127 1255 1301 1327 perspecta,
1314 1253 1421 1327 utpote
1428 1265 1515 1327 quae

215 1354 327 1420 intime
342 1354 476 1418 haerent
490 1355 652 1418 mentibus
668 1355 878 1436 singulorum,
901 1356 1028 1436 gravior
1042 1355 1122 1420 forte
1133 1355 1194 1418 erit
1208 1355 1387 1434 condictus,
1412 1374 1516 1436 eoque

214 1483 265 1528 res
280 1463 462 1544 deducetur,
488 1475 525 1528 ut
538 1476 584 1528 tot
608 1475 790 1528 statuantur
804 1463 868 1527 fere
883 1465 1039 1528 naturalis
1060 1465 1141 1548 juris
1157 1463 1319 1546 dogmata,
1345 1475 1424 1545 quot
1438 1475 1516 1528 sunt

172 1648 175 1654 ,
213 1573 330 1655 capita;
358 1575 476 1638 etenim
491 1585 523 1638 et
537 1575 755 1638 inconstantes
770 1574 910 1636 invicem
926 1573 1060 1656 populos
1076 1574 1294 1638 demonstravi
1318 1573 1436 1637 fnestra
1449 1574 1516 1656 pol·

214 1679 333 1760 licerer,
358 1684 497 1746 invicem
520 1701 732 1746 consensuros
748 1684 875 1746 animos
890 1683 1060 1745 bominum
1077 1682 1288 1763 singulorum.
1332 1681 1432 1758 Absit,
1459 1699 1516 1743 au-

214 1797 281 1852 tem
297 1795 317 1854 a
331 1807 391 1868 me,
408 1801 444 1852 ut
458 1790 500 1852 ad
515 1790 601 1852 hanc
616 1809 683 1852 rem
697 1788 943 1852 accommodare
959 1789 1056 1852 velim
1068 1790 1149 1872 juris
1160 1789 1317 1854 naturalis
1328 1787 1515 1867 imaginem,

213 1917 315 1981 quam
337 1897 467 1960 tradidit
490 1899 693 1962 Justinianus
708 1899 741 1962 in
768 1896 923 1980 principio
948 1897 1046 1960 instit.
1063 1896 1103 1960 de
1121 1900 1191 1980 jure
1206 1907 1271 1959 nat
1288 1905 1371 1976 gent.
1398 1907 1429 1956 et
1443 1893 1517 1972 civ,

214 2005 365 2083 scribens,
386 2005 604 2089 jusuatnrale
630 2005 711 2068 illud
727 2026 804 2086 esse,
830 2005 917 2087 qnod
942 2017 1059 2071 natura
1081 2007 1189 2070 omnia
1215 2005 1371 2069 animalia
1396 2003 1515 2083 decula

214 2118 422 2198 nequeenim
447 2117 529 2179 adeo
545 2118 700 2180 lubricam
726 2139 795 2179 esse
812 2081 904 2179 decet
918 2119 1140 2201 conjugiorum
1166 2117 1412 2180 celebrationem
1434 2115 1518 2180 iuter

215 2226 372 2306 homines,
388 2230 495 2309 qualis
510 2239 558 2291 est
572 2229 754 2312 conjunctio
769 2229 958 2292 belluarum.

258 2333 409 2416 Agedum
425 2355 500 2417 erge
515 2349 683 2418 praecepta
699 2357 773 2398 vere
788 2337 950 2402 naturalia
964 2337 1231 2400 demonstremus.
1275 2337 1349 2400 Non
1365 2349 1413 2400 est
1428 2357 1518 2417 sane,

214 2442 324 2523 fateor,
340 2445 447 2525 unius,
463 2456 520 2508 erit
534 2447 665 2511 alterins
680 2447 821 2510 hominis
838 2457 909 2512 utut
924 2449 1115 2538 praestantis
1130 2447 1251 2528 ingenii
1262 2445 1404 2526 delinire,
1420 2467 1520 2528 qnae-

214 2569 294 2618 nam
310 2555 477 2618 inseruerit
499 2557 662 2620 mentibus
685 2557 802 2620 nostris
817 2569 942 2637 natura,
957 2577 1033 2620 cum
1055 2557 1212 2620 naturalis
1227 2557 1281 2618 len
1295 2557 1447 2620 omnibus
1462 2575 1520 2620 no-

216 2664 349 2744 tissima,
365 2675 594 2758 perspectaque
620 2685 689 2728 esse
705 2665 828 2746 debeat,
854 2677 885 2728 et
905 2667 966 2728 sita
992 2667 1081 2728 sitin
1106 2663 1272 2727 communi
1297 2663 1521 2744 consensione,

214 2771 393 2837 dummedo
408 2785 519 2856 gentes
534 2775 606 2838 illae
620 2777 771 2858 excipias,
793 2795 878 2858 qnae
892 2777 934 2838 ob
948 2775 1096 2839 efferatos
1121 2793 1225 2838 mores
1245 2773 1373 2858 jamdiu
1391 2775 1521 2857 justum

215 2880 334 2964 injusto
364 2883 458 2962 quasi
487 2893 616 2946 ruentes
644 2883 680 2946 in
714 2882 817 2946 densa
845 2882 991 2964 caligans
1026 2884 1233 2946 miscuerunt
1289 2881 1375 2946 Hinc
1404 2899 1521 2962 qnam-

216 3009 317 3073 quam
332 2991 490 3054 nonnulla
517 2993 589 3072 sint,
616 3011 701 3074 qnae
724 2991 891 3056 contrariis
915 2991 1127 3074 opinionibus,
1155 3001 1187 3052 et
1211 2990 1353 3052 moribus
1379 2989 1524 3064 obnoxia

215 3097 344 3180 fuerint,
361 3084 453 3183 plura
468 3113 578 3168 tamen
594 3114 679 3182 sunt,
699 3103 732 3165 in
757 3123 842 3185 qnae
865 3121 987 3183 omnes,
1011 3111 1069 3166 aut
1093 3101 1209 3164 saltem
1234 3100 1383 3164 cultiores
1407 3111 1523 3182 gentes

216 3220 458 3272 consenserunt.
501 3210 541 3274 In
564 3210 616 3274 his
642 3222 751 3274 antem
776 3213 933 3294 imprimis
952 3212 1033 3295 juris
1056 3210 1213 3274 naturalis
1228 3229 1349 3293 magna
1372 3229 1446 3292 pers
1471 3223 1525 3278 est

217 3319 434 3397 agnoscenda.
479 3321 593 3404 Itaque
609 3340 704 3384 neme
727 3321 862 3398 dubitat,
887 3322 968 3404 quin
994 3322 1133 3386 naturali
1156 3321 1332 3400 honestate,
1356 3320 1445 3384 unde
1464 3323 1524 3405 jus

217 3443 313 3490 umrre
327 3428 482 3512 dimanat,
499 3431 646 3495 homines
666 3451 703 3496 eo
729 3429 932 3510 inducantur,
957 3440 993 3494 nt
1016 3429 1096 3496 dum
1120 3430 1283 3494 connubia
1303 3431 1429 3510 luerint,
1453 3447 1525 3496 nen

218 3543 287 3600 tam
302 3539 451 3622 augendo
466 3540 637 3604 hominum
653 3559 796 3611 numero.
813 3559 870 3606 seu
886 3541 1088 3623 perpetuitati
1103 3540 1228 3622 generis
1243 3539 1403 3620 studeant,
1419 3559 1524 3622 quam

219 3657 309 3710 ntea
324 3649 436 3714 sedulo
450 3659 570 3728 curent,
586 3669 671 3731 qnae
686 3651 871 3714 societatem
883 3651 1008 3734 juvant,
1032 3651 1185 3734 quodque
1199 3653 1345 3718 onmium
1361 3652 1524 3734 optimum

218 3761 377 3850 optimum
393 3771 448 3840 est,
465 3771 496 3826 et
510 3763 701 3840 maximum,
727 3759 922 3844 religionem,
942 3771 974 3823 et
998 3762 1149 3845 pietatem
1164 3780 1240 3846 erga
1266 3762 1374 3824 Deum
1387 3760 1524 3843 conjun-

218 3866 264 3949 gii
279 3867 380 3950 ipsius
396 3879 559 3931 auctorem
574 3867 712 3948 foveant,
728 3869 844 3934 tamin
864 3870 1059 3955 conjugibus
1080 3871 1165 3953 ipsis,
1182 3889 1284 3951 quam
1298 3872 1331 3932 in
1348 3869 1435 3952 prule
1450 3889 1524 3933 sus-

220 3987 323 4060 cepta·
339 3987 437 4058 atque
451 3976 529 4040 hinc
544 3980 654 4040 statim
667 3976 849 4057 deducitur,
862 3978 1003 4044 naturali
1024 3980 1095 4062 jure
1109 3998 1148 4041 ea
1163 3978 1273 4044 omnia
1299 3976 1459 4059 prohibita
1474 3978 1525 4042 in-

220 4089 330 4171 telligi,
346 4107 432 4170 qnae
449 4087 497 4150 vel
515 4088 548 4150 in
564 4087 665 4170 ipsine
680 4089 821 4172 conjugii
842 4107 904 4151 usu
927 4087 1177 4171 procreationem
1200 4085 1318 4148 sobolis
1333 4085 1524 4168 impediant,

220 4198 273 4260 vel
289 4217 373 4278 quae
388 4197 546 4262 editorum
561 4197 733 4262 liberorum
748 4199 1003 4262 institutionibus
1029 4196 1248 4275 adversentur,
1274 4195 1361 4277 quod
1378 4206 1526 4278 vergeret

220 4307 360 4391 primum
377 4310 411 4372 in
426 4307 655 4372 detrimentum
670 4307 774 4370 civilis
789 4308 871 4372 inter
890 4308 1038 4372 hemines
1054 4307 1233 4370 arctissimo
1258 4317 1393 4370 naturae
1418 4305 1526 4387 ipsius

221 4413 347 4483 foedere
371 4421 512 4508 judiciae
541 4418 710 4499 societatis,
740 4416 858 4482 deinde
887 4418 921 4481 in
950 4417 1013 4482 Dei
1042 4415 1166 4501 Optimi
1194 4417 1334 4484 Maximi
1361 4413 1526 4503 injuriam,
