3276 4984
188 381 328 466 animan
351 421 400 466 an
422 419 697 468 connumerent
717 419 917 466 nonsatis
940 417 1067 466 cnonas
1091 417 1326 466 naerens-ns.
1384 395 1427 468 ne

30 601 31 604 ,
132 549 181 618 nt,
196 543 358 623 sponsalia
377 544 493 608 mdem
516 545 637 610 arctius
661 543 856 627 obligarisse
878 561 1045 627 sponsam,
1068 560 1170 626 quam
1195 556 1358 625 sponsam
1386 537 1429 602 si·

132 649 254 730 quidem
269 671 408 736 sponsm
423 651 515 718 linita
537 653 850 718 administrationem
875 651 1045 718 volentem
1066 665 1187 734 sponsa
1215 647 1366 710 ducerem
1382 653 1426 708 te-

132 757 266 842 nebeten
284 777 350 825 non
365 769 385 826 e
402 781 558 826 converso
587 779 706 845 sponsa
721 760 891 825 tenebatur
919 761 1031 826 datam
1060 759 1126 824 fine
1155 759 1225 822 sine
1239 753 1425 820 discrimine

130 863 262 949 implere,
277 871 356 952 qnia
369 889 413 934 ex
426 883 515 954 parts
544 889 661 956 sponse
687 871 809 952 integer
836 883 913 950 erat,
929 871 1172 950 liberrimusque
1187 883 1376 944 consensus,
1391 871 1426 926 at

129 993 165 1038 ex
181 990 272 1059 perte
285 999 425 1063 sponsae
439 999 504 1046 uon
520 983 746 1064 praesumebat
760 983 813 1046 lex
843 982 1082 1064 integerrimam
1111 979 1298 1058 libertatem,
1329 969 1424 1058 quasi

129 1086 228 1164 puelle
243 1092 352 1153 territa
368 1103 521 1174 potestate
535 1093 680 1156 Rectoris
694 1093 728 1154 in
744 1091 907 1174 sponsalia
922 1089 1147 1154 consensisset,
1190 1089 1305 1170 Itaque
1330 1085 1425 1149 linita

128 1189 397 1260 administratione
412 1217 530 1281 sponsa
545 1207 566 1265 a
581 1197 785 1281 sponsalibus
815 1197 960 1260 recedere
990 1207 1120 1280 poterat,
1151 1195 1195 1260 ita
1212 1207 1331 1273 tamen,
1348 1201 1383 1256 ut
1398 1189 1426 1252 si

129 1317 201 1380 quas
215 1309 373 1388 depenso
401 1309 514 1370 arrhas
543 1309 726 1390 accepisset,
758 1309 943 1387 restitueret,
972 1306 1249 1390 quemadmodum
1278 1301 1426 1370 animad-

129 1413 212 1478 uertit
227 1413 355 1478 Paulus
370 1417 403 1480 iu
433 1415 518 1480 dicta
535 1417 555 1479 l.
571 1416 631 1480 38.
647 1418 701 1480 eni
730 1423 749 1480 e
777 1415 934 1478 diametro
963 1417 1152 1479 adversatur
1182 1415 1235 1478 lex
1252 1416 1337 1476 terrie.
1354 1409 1424 1474 eod.

128 1515 152 1578 si
169 1517 286 1586 Rector
315 1523 512 1602 Provinciae,
542 1523 575 1587 in
604 1543 671 1605 qna
699 1523 934 1586 constituerunt
962 1523 1182 1606 Imperatores,
1212 1539 1364 1603 sponsam
1382 1518 1426 1580 ita

128 1631 243 1694 resilere
259 1651 364 1716 posse,
381 1645 418 1698 ut
432 1645 541 1698 tamen
556 1645 707 1716 acceptas
722 1634 834 1696 arrhas
864 1635 1006 1696 retincat.
1051 1633 1193 1711 Frustra,
1211 1651 1283 1694 meo
1294 1631 1425 1714 Judieio,

131 1738 266 1806 laborant
279 1744 364 1825 juris
378 1743 483 1806 civilis
513 1744 704 1824 iuterpretes
719 1743 750 1805 iu
768 1741 980 1804 conciliandis
995 1741 1123 1803 duobus
1138 1740 1207 1802 istis
1237 1755 1427 1800 monumen·

129 1847 169 1927 tis,
183 1850 247 1912 nisi
261 1850 429 1927 adnotent,
445 1851 479 1913 in
494 1849 581 1912 dicta
596 1850 665 1932 lege
682 1850 779 1912 unica
808 1850 996 1931 abrogatam
1024 1847 1124 1910 fuisse
1154 1858 1295 1908 veterem
1309 1843 1349 1906 da
1365 1863 1428 1905 res·

127 1954 273 2019 timendis
291 1957 395 2020 arrhis
410 1957 624 2040 disciplinam,
643 1979 727 2040 quae
743 1959 837 2022 Pauli
854 1971 957 2021 aetate
983 1957 1121 2040 vigebat
1165 1957 1279 2026 Quam
1295 1955 1427 2036 abroga-

127 2064 238 2132 tionem
253 2067 374 2130 suadet
387 2069 545 2150 particula
571 2070 733 2152 deinceps,
762 2086 846 2149 qnae
875 2067 909 2132 in
938 2067 1024 2130 dicta
1054 2066 1124 2147 lege
1154 2065 1252 2127 rrniea
1281 2063 1425 2141 ocerrrrit,

127 2173 235 2239 intutis
264 2187 397 2240 tantum
426 2177 608 2256 consulens,
625 2195 690 2240 nou
706 2177 875 2258 praeterita
891 2175 1073 2258 respiciens
1104 2172 1159 2236 etri
1188 2173 1264 2234 item
1294 2171 1426 2252 abroga-

127 2285 195 2349 tioni
209 2287 422 2350 occasionem
436 2287 584 2369 praebere
613 2295 787 2368 potueruut
803 2283 934 2348 frendes
964 2290 985 2348 a
1014 2281 1222 2346 Praesidibus
1237 2278 1426 2342 contraben-

125 2392 170 2456 dis
195 2415 277 2460 cum
307 2395 424 2478 puellis
439 2393 701 2478 prorineialibus‚
720 2393 829 2456 dando
844 2393 967 2456 eisdem
982 2393 1099 2476 puellis
1131 2391 1242 2474 magni
1272 2391 1363 2473 pretii
1379 2409 1426 2450 ar·

126 2499 201 2580 thes,
217 2519 307 2584 quas
335 2521 411 2568 cnm
441 2503 607 2567 restituere
632 2513 816 2568 tenerentur
824 2504 922 2587 jttxta
951 2503 1046 2566 Pauli
1071 2503 1261 2580 doctrinam,
1278 2502 1340 2566 sid
1363 2499 1428 2564 fide

124 2613 273 2691 praestita
290 2612 455 2692 malliana
469 2613 581 2678 adbuc
595 2633 653 2696 per
666 2631 722 2676 eas
737 2613 920 2696 puellarum
935 2613 1064 2679 libertas
1079 2613 1341 2677 imminuebatur.

131 2772 135 2780 .
159 2724 260 2794 Quod
278 2707 325 2787 nd
336 2725 519 2808 impuberes
545 2735 675 2809 spectat,
691 2743 789 2789 nemo
802 2726 900 2788 etiem
924 2727 1058 2808 ignoret,
1074 2743 1185 2788 eorum
1200 2737 1340 2787 aetatem
1354 2739 1428 2786 con·

120 2831 212 2914 jngiis
225 2833 463 2897 contrahendis
484 2834 607 2916 obesse,
624 2835 746 2898 interea
770 2844 880 2898 tamen
895 2831 1082 2896 eommdem
1107 2830 1272 2914 sponsalia
1293 2830 1428 2892 minime

125 2939 314 3020 reficiuntur,
335 2959 409 3023 cap
423 2939 455 3004 i.
479 2942 519 3022 b,
543 2952 577 3005 et
601 2942 723 3025 passim
747 2941 789 3006 de
815 2941 947 3025 despota
974 2941 1129 3025 impubes.
1147 2941 1166 3005 l.
1182 2942 1221 3020 6.,
1247 2952 1280 3004 et
1293 2942 1323 3004 9.
1339 2940 1371 3004 ff.
1387 2941 1428 3004 ds

122 3051 307 3130 sponsalib,
322 3051 369 3113 uti
383 3050 472 3114 eninr
497 3051 542 3114 ait
557 3050 760 3114 Modestinus
775 3053 807 3114 in
824 3051 844 3114 l.
862 3051 910 3115 tn
937 3050 1007 3114 eod.
1023 3051 1069 3114 tit.
1086 3051 1120 3116 in
1135 3048 1339 3132 sponsalibus
1354 3065 1429 3110 con·

124 3155 294 3220 trahendis
302 3167 391 3220 aetas
415 3159 679 3224 contrahentium
692 3158 827 3224 definita
852 3179 918 3224 non
933 3171 988 3240 est,
1005 3167 1041 3222 ut
1067 3161 1101 3224 in
1117 3159 1337 3236 matrimoniis,
1352 3175 1432 3239 qus-

125 3277 245 3347 propter
258 3273 328 3331 eta
353 3265 525 3349 primordio
550 3269 664 3332 aetatis
689 3271 854 3352 sponsalia
879 3269 964 3334 effici
987 3281 1131 3353 mesum,
1149 3269 1176 3332 si
1201 3266 1297 3332 modo
1313 3265 1346 3330 id
1362 3265 1432 3332 lieri

125 3374 164 3436 ab
176 3387 314 3458 utraque
330 3395 468 3458 persons
481 3376 689 3460 intelligatur,
704 3377 738 3442 id
752 3389 809 3458 est,
824 3380 853 3444 si
868 3397 935 3442 non
950 3377 1015 3442 sint
1030 3377 1169 3442 minores
1183 3385 1308 3456 septem
1323 3373 1429 3438 annis.

125 3483 289 3552 lidebitnr
312 3485 392 3549 forte
403 3486 573 3551 nontrnllis
597 3488 696 3550 nimis
711 3505 828 3572 aspera
845 3487 1107 3572 jurisprudentia,
1122 3505 1189 3568 qus
1218 3484 1284 3564 fiat,
1301 3493 1337 3546 ut
1352 3483 1430 3550 obli-

125 3605 234 3674 gentur
260 3595 444 3678 impuberes
469 3598 680 3660 conmunione
705 3615 775 3676 sua,
802 3615 887 3678 qnae
913 3597 972 3659 vix
996 3592 1165 3661 consensio
1190 3591 1254 3654 diei
1269 3602 1373 3674 potest
1387 3591 1428 3654 ob

126 3701 218 3768 anian
244 3703 479 3767 irrtimritatenn
522 3703 644 3768 Verum
658 3704 925 3786 quotiescumque
950 3704 1020 3786 ejus
1040 3699 1122 3784 juris
1144 3699 1301 3780 originem
1327 3698 1431 3762 consi·

126 3805 217 3890 dnae,
232 3829 322 3894 quae
344 3831 425 3876 sane
438 3828 577 3895 aequam
605 3812 813 3896 disciplinam
838 3812 1012 3890 exhibebit,
1035 3809 1152 3873 deinde
1177 3808 1426 3886 animadvertes,

128 3931 191 3998 post
203 3933 311 3985 certas
330 3924 414 4006 juris
427 3923 632 4002 mutationes,
659 3923 779 4004 quibus
793 3921 942 3985 remediis
968 3920 1164 4003 pupillorum
1179 3921 1221 3984 sit
1237 3919 1429 3982 indemnita-

128 4025 148 4087 ti
169 4028 364 4109 etmsnltnm,
389 4047 455 4094 non
470 4031 587 4112 potetis
612 4049 693 4092 sane
714 4049 781 4093 nnn
807 4029 939 4092 laudare
954 4039 1136 4092 nostrontm
1162 4027 1430 4109 Legumlatcrum

128 4137 334 4214 prnderrtiam.
376 4138 515 4204 Summa
524 4139 608 4224 juris
618 4123 709 4221 origo
719 4141 790 4222 jam
803 4140 949 4221 superins
970 4137 1190 4204 demonstrata
1204 4138 1274 4217 fuit,
1291 4157 1367 4202 eum
1383 4137 1430 4200 di·

129 4244 260 4323 riclini
271 4248 480 4313 consttevisse
496 4259 646 4330 parentes
661 4248 744 4312 lilias
760 4267 837 4310 suas
864 4245 1027 4329 spondere,
1043 4255 1075 4310 at
1089 4247 1168 4308 setis
1183 4244 1283 4308 inisse
1298 4261 1430 4325 sponsa·

129 4349 205 4418 libus
218 4356 458 4438 eonnslrendis,
483 4357 615 4431 sibliae
639 4377 705 4422 non
719 4367 946 4442 repugnarem
972 4375 1038 4422 nnn
1064 4375 1244 4442 repugnare
1259 4367 1370 4420 autem
1385 4355 1401 4420 i
1418 4397 1429 4410 -

129 4463 182 4528 tila
206 4467 469 4552 intelligebantur
484 4470 867 4554 impuberesssptennio·
881 4470 1026 4553 majores,
1046 4467 1121 4532 licet
1146 4469 1249 4552 pleno,
1277 4465 1426 4550 perfecto,
