3216 4988
267 393 312 438 DE
329 393 497 438 cenatote
514 395 668 452 connati,
683 395 924 438 DlSCiPLiNAM
943 392 1275 441 'DELlNQUENTlBUS.
1361 369 1424 434 237

117 515 198 582 dum
214 529 324 581 tamen
350 519 490 581 Clericus
507 521 682 582 universos.
727 517 874 587 thndo
888 535 964 580 vero
990 495 1174 580 cintreium
1193 514 1330 586 Clerieis
1344 522 1424 591 eret,

116 629 223 690 immo
234 627 337 692 etiam
349 629 608 712 opprobriosum,
624 629 655 691 si
667 629 793 711 peritos
807 647 841 690 se
852 627 954 690 velint
969 625 1135 688 ostendere
1149 624 1427 706 disceptationum

114 719 394 825 essaforensinm,
413 741 457 804 eti
474 742 590 824 legitur
605 742 638 804 in
657 741 674 802 l.
691 741 742 803 41.
759 739 829 801 cod.
841 738 882 800 de
898 737 1017 820 Episc,
1033 749 1065 800 et
1080 735 1172 816 Cler,
1189 745 1322 798 centurn
1338 735 1425 798 dern-

114 845 158 908 de
173 845 235 912 suit
250 848 282 910 iu
298 847 511 914 Lateranensi
527 849 672 912 Concilio
690 846 867 910 Alexandri
889 847 947 910 ΙΙΙ.
964 846 1043 928 anui
1061 844 1162 923 uta,
1178 855 1214 907 ut
1228 843 1427 906 Generaliter

117 951 235 1018 Clerici
262 971 377 1018 omnes
392 956 425 1018 in
453 955 627 1038 majoribus
653 953 817 1017 ordinibus
833 953 1006 1029 constituti,
1030 953 1129 1015 immo
1143 963 1174 1014 et
1190 953 1222 1014 in
1239 951 1424 1014 minorihus

117 1069 145 1129 si
161 1065 331 1148 stipendiis
350 1062 515 1156 Ecclesiae
530 1077 796 1144 stretentarentnr,
812 1066 1010 1128 abstinerent
1025 1065 1069 1126 ab
1082 1062 1190 1136 officie,
1202 1063 1425 1125 advocationis

116 1180 149 1242 in
161 1177 294 1262 judiciis
320 1177 550 1256 saecularibus,
567 1177 628 1240 nisi
655 1177 814 1258 propriam
839 1179 984 1252 causam,
1012 1174 1064 1236 vel
1081 1173 1250 1236 Ecclesiae
1266 1192 1343 1234 snae
1359 1171 1425 1254 fue-

115 1291 180 1352 rint
195 1289 363 1370 prosecuti,
390 1298 449 1350 ant
463 1304 520 1369 pro
535 1285 773 1348 miserabilibus
784 1284 866 1347 *ferte
882 1283 1136 1365 possessurae
1153 1279 1294 1364 proprias
1309 1299 1426 1344 canses

114 1396 344 1458 administrare
360 1406 425 1462 non
441 1407 586 1477 possessu
604 1394 681 1456 item
696 1405 734 1456 ut
747 1393 945 1454 abstinerent
958 1392 1000 1454 ab
1015 1389 1121 1454 officio
1132 1391 1251 1474 judicis
1266 1390 1426 1474 xlaicorum

113 1506 265 1582 nomine,
284 1513 316 1566 et
330 1505 520 1568 atrctoritate
533 1489 722 1580 exercendo,
746 1519 816 1583 cap.
836 1502 863 1563 1.
879 1499 922 1562 de
935 1497 1139 1584 postulando,
1163 1519 1232 1581 cap.
1249 1500 1279 1562 4
1296 1519 1337 1562 ne
1355 1499 1427 1562 Cle·

117 1611 184 1688 rici,
200 1609 254 1672 sal
271 1609 433 1674 Monachi.
478 1611 668 1674 Praesertim
686 1625 759 1671 vero
775 1609 970 1692 prohibitum
984 1619 1042 1684 est,
1069 1627 1110 1670 ne
1122 1607 1282 1690 judicium
1297 1609 1427 1690 sangui·
1490 1617 1501 1628 '

115 1718 170 1779 nis
185 1725 380 1796 exercerent,
396 1735 464 1798 cap
484 1718 523 1795 b,
539 1727 571 1778 et
584 1715 614 1778 9.
631 1713 700 1778 eod.
717 1715 762 1778 tit.
784 1715 993 1778 Innocentius
1009 1714 1066 1777 111.
1085 1715 1117 1777 in
1132 1733 1201 1796 cap.
1218 1714 1247 1776 2.
1265 1713 1304 1776 de
1319 1729 1427 1797 postu·

114 1827 219 1890 lando
234 1827 420 1906 declaravit,
437 1827 617 1890 Monachus
633 1843 765 1907 aequae,
782 1844 820 1888 ac
836 1826 1020 1890 Canonicos
1034 1825 1196 1906 regulares
1213 1806 1426 1908 patrocinium

113 1955 211 2020 posse
226 1938 388 2020 suscipere
401 1955 585 2018 cenarum,
602 1939 636 2001 in
652 1937 772 2020 quibus
788 1937 973 2002 Monasterii
993 1936 1115 2000 utilitas
1129 1948 1283 2000 vereatur.
1330 1939 1426 2000 Deni-

114 2069 181 2134 que
196 2049 361 2114 Henorius
376 2051 434 2134 111.
461 2051 495 2114 in
510 2067 581 2132 cap.
599 2051 647 2116 10.
674 2069 715 2114 ne
731 2049 857 2128 Clerici,
873 2048 924 2112 vel
941 2045 1096 2112 Monechi
1121 2059 1278 2114 statutum
1296 2049 1426 2114 Latera·

117 2161 242 2241 nensis,
257 2171 290 2225 et
302 2159 507 2226 Turonensis
521 2159 740 2224 Conciliorum
757 2159 935 2224 Alexandri
951 2156 1010 2223 ΙΙΙ.
1026 2155 1067 2220 de
1079 2157 1260 2237 Monaehis,
1277 2167 1308 2220 et
1323 2159 1426 2222 Cano·

115 2271 203 2334 nicis
218 2269 418 2353 regularibus
433 2265 628 2354 conceptum
643 2269 686 2332 ad
701 2269 843 2332 Clerieos
859 2269 1029 2358 universos
1043 2267 1198 2346 extendit,
1215 2277 1369 2346 statuens,
1386 2283 1428 2329 ne

114 2377 234 2442 Clerici
249 2387 307 2442 aut
331 2377 503 2461 physicam
519 2387 631 2457 artem,
648 2386 706 2440 aut
731 2375 842 2458 legum
857 2374 1065 2458 disciplinam
1088 2374 1320 2458 profiterentun
1338 2374 1426 2456 quod

114 2499 228 2552 tamen
243 2483 288 2549 ita
313 2485 563 2571 intelligendum
578 2493 638 2568 est,
665 2482 945 2568 quemadmodum
959 2481 1110 2566 explicati
1137 2483 1269 2548 fuerunt
1284 2485 1425 2548 Alexan·
1504 2538 1507 2546 .

114 2595 165 2657 dri
180 2593 240 2657 III.
256 2611 410 2676 canones;
433 2595 589 2660 nimirum
606 2607 642 2660 ut
655 2603 791 2658 eatenus
814 2595 894 2678 juris
910 2593 1050 2658 Romani
1066 2592 1182 2656 studiis
1210 2569 1442 2672 interdicatur,

115 2711 283 2785 quatenns
308 2704 388 2768 etin
404 2719 470 2786 qua
495 2713 584 2786 parte
600 2721 664 2768 non
680 2702 866 2766 conducant
892 2701 935 2766 ad
961 2702 1204 2786 adsequendam
1226 2706 1308 2788 juris
1325 2707 1425 2770 eccle-

114 2811 238 2874 siastici
254 2811 409 2892 notitiam,
432 2822 465 2875 et
479 2817 499 2877 a
515 2812 614 2875 sacris
629 2811 742 2874 officiis
758 2811 948 2892 distrahant,
972 2823 1004 2876 et
1018 2823 1180 2895 quatenus
1194 2833 1275 2898 opus
1291 2816 1424 2880 minime
1484 2807 1488 2815 ’

114 2921 158 2982 sit
172 2918 216 2982 ad
242 2917 410 2984 Ecclesiae
435 2919 666 3000 defendendas,
693 2930 791 3003 atque
817 2922 965 2986 tuendas.
1010 2922 1253 2990 &certioribus
1275 2926 1422 3005 saeculis,
1490 2999 1491 3002 Ἴ
1597 2955 1598 2998 t

112 3041 289 3114 postquam
304 3033 490 3116 praesertim
515 3032 717 3115 Theologiae
732 3013 845 3097 studia
857 3053 984 3116 magno,
1009 3037 1055 3098 nti
1071 3035 1187 3116 decdit,
1212 3039 1244 3100 in
1260 3037 1368 3120 pretio,
1386 3059 1424 3102 ac

113 3140 208 3203 cultu
223 3139 335 3205 haberi
360 3153 541 3226 eoepemnt,
569 3142 734 3206 relaxatus
750 3152 798 3206 est
825 3142 989 3225 paulisper
1010 3163 1122 3208 eornm
1149 3163 1312 3211 canonum
1331 3145 1422 3230 rigor,

113 3249 171 3330 qni
189 3228 228 3311 eo
243 3249 414 3334 praecipue
428 3250 588 3330 tendebat,
605 3269 671 3314 non
687 3261 754 3314 tam
769 3261 806 3314 et
821 3262 1038 3316 averterentur
1065 3254 1180 3318 Clerici
1196 3263 1216 3319 a
1232 3257 1347 3320 studiis
1362 3259 1423 3322 Ro·

112 3377 290 3423 manarum
306 3359 424 3441 legum,
441 3379 541 3440 quarn
564 3371 599 3424 ut
615 3359 727 3423 divina
742 3359 849 3424 studia
866 3361 991 3443 inirent;
1015 3374 1244 3446 proptereaque
1260 3364 1424 3428 Universi·

111 3471 237 3534 tatibus
252 3469 433 3534 studiorum
449 3470 512 3534 fere
528 3471 678 3535 omnibus
693 3489 847 3536 concessa
872 3473 1003 3536 suerunt
1018 3475 1185 3558 privilegia
1200 3477 1297 3538 etiam
1314 3487 1422 3540 aucto-

111 3581 208 3646 ritate
234 3577 430 3644 Pontificem
457 3577 687 3660 Maximorum,
716 3601 854 3664 quorum
883 3583 914 3646 vi
941 3581 1056 3646 Clerici
1083 3597 1213 3666 possent
1239 3585 1354 3651 studiis
1380 3587 1422 3650 le·
1468 3613 1480 3634 ·

110 3709 194 3775 gunt
219 3689 339 3754 navare
353 3709 492 3773 operam,
520 3711 558 3754 ae
574 3689 825 3754 sollicitudinem
851 3691 1058 3773 singularem,
1075 3705 1240 3776 propterea
1262 3697 1349 3778 quod
1368 3698 1422 3760 do-

108 3803 180 3869 cuit
203 3803 410 3886 eiperientie,
438 3801 548 3886 legum
574 3803 798 3866 Romanarum
822 3803 970 3884 peritiam
997 3803 1129 3868 Clericis
1145 3807 1317 3889 perutilem
1342 3811 1422 3872 exti-

109 3914 201 3990 tisse,
218 3889 347 3973 acfore.
1173 3930 1176 3938 ¹
1250 3961 1252 3968 ,

151 4019 206 4084 De
220 4017 375 4098 exteripre
391 4035 520 4099 quoque
536 4013 667 4080 habitus
682 4017 774 4081 cultu
789 4023 808 4082 a
826 4017 959 4081 Clericis
974 4017 1112 4081 tenende
1129 3997 1265 4082 sollicita
1282 4017 1343 4081 fuit
1360 4017 1423 4083 Ec·

106 4129 221 4207 clesia,
237 4125 416 4208 etquidem
442 4126 544 4207 primo
560 4127 648 4188 in'ea
661 4127 804 4190 restium
819 4127 933 4209 specie,
957 4144 1040 4207 quae
1058 4125 1089 4187 in
1107 4126 1206 4188 sacris
1222 4124 1422 4188 celebrandis

105 4237 274 4319 mysteriis
290 4235 504 4300 adhiberetur.
549 4233 721 4298 Recentior
736 4251 814 4297 sane
832 4255 910 4297 risus
925 4237 1092 4319 perspicue
1115 4235 1321 4313 demonstrat,
1340 4236 1423 4298 mul-

106 4353 141 4404 to
157 4341 289 4406 diversa
304 4345 323 4405 a
338 4341 567 4422 communibus
582 4359 653 4404 esse
669 4349 761 4404 sacra
777 4343 978 4424 indumenta,
997 4345 1095 4408 immo
1111 4357 1141 4405 et
1157 4343 1346 4425 disciplinae
1363 4333 1421 4406 l‘ru-

99 4428 160 4510 hrs
175 4456 370 4530 arguments
389 4449 459 4531 jam
474 4446 632 4531 adparent
659 4451 789 4514 saeculo
805 4465 920 4534 quarto
947 4453 1109 4538 (consilto
1125 4454 1245 4534 omitto,
1265 4463 1422 4537 tanquam
